date,symbol,reportedCurrency,cik,fillingDate,acceptedDate,calendarYear,period,revenue,costOfRevenue,grossProfit,grossProfitRatio,researchAndDevelopmentExpenses,generalAndAdministrativeExpenses,sellingAndMarketingExpenses,sellingGeneralAndAdministrativeExpenses,otherExpenses,operatingExpenses,costAndExpenses,interestIncome,interestExpense,depreciationAndAmortization,ebitda,ebitdaratio,operatingIncome,operatingIncomeRatio,totalOtherIncomeExpensesNet,incomeBeforeTax,incomeBeforeTaxRatio,incomeTaxExpense,netIncome,netIncomeRatio,eps,epsdiluted,weightedAverageShsOut,weightedAverageShsOutDil,link,finalLink,revenuePerShare,netIncomePerShare,operatingCashFlowPerShare,freeCashFlowPerShare,cashPerShare,bookValuePerShare,tangibleBookValuePerShare,shareholdersEquityPerShare,interestDebtPerShare,marketCap,enterpriseValue,peRatio,priceToSalesRatio,pocfratio,pfcfRatio,pbRatio,ptbRatio,evToSales,enterpriseValueOverEBITDA,evToOperatingCashFlow,evToFreeCashFlow,earningsYield,freeCashFlowYield,debtToEquity,debtToAssets,netDebtToEBITDA,currentRatio,interestCoverage,incomeQuality,dividendYield,payoutRatio,salesGeneralAndAdministrativeToRevenue,researchAndDdevelopementToRevenue,intangiblesToTotalAssets,capexToOperatingCashFlow,capexToRevenue,capexToDepreciation,stockBasedCompensationToRevenue,grahamNumber,roic,returnOnTangibleAssets,grahamNetNet,workingCapital,tangibleAssetValue,netCurrentAssetValue,investedCapital,averageReceivables,averagePayables,averageInventory,daysSalesOutstanding,daysPayablesOutstanding,daysOfInventoryOnHand,receivablesTurnover,payablesTurnover,inventoryTurnover,roe,capexPerShare,report_date,epsEstimated,time,revenueEstimated,updatedFromDate,fiscalDateEnding,surprise(%),QuarterAvgPrice,QuarterAvgVolume
2025-03-31,IP,USD,51434,2025-04-30,2025-04-30 06:59:44,2025,Q1,5901000000.0,4259000000.0,1642000000.0,0.2782579224,0,47000000.0,483000000.0,530000000.0,0.0,530000000.0,4789000000.0,0.0,81000000.0,571000000.0,517000000.0,0.0876122691,1112000000.0,0.1884426368,-1247000000.0,-135000000.0,-0.0228774784,-31000000.0,-104000000.0,-0.0176241315,-0.24,-0.24,437600000,437600000,https://www.sec.gov/Archives/edgar/data/51434/000005143425000016/0000051434-25-000016-index.htm,https://www.sec.gov/Archives/edgar/data/51434/000005143425000016/nextgenip-20250331ex991.htm,13.48491773308958,-0.2376599634369287,-0.6581352833638026,-0.6581352833638026,2.6416819012797075,41.343692870201096,14.31672760511883,41.343692870201096,23.25639853747715,23345960000.0,32285960000.0,-56.12009615384616,3.956271818335875,-81.06236111111112,-81.06236111111112,1.290402387795711,1.290402387795711,5.471269276393832,62.44866537717601,-112.10402777777776,-112.10402777777776,-0.0044547322106265,-0.0123361815063505,0.5580367013044439,0.2452390205985231,17.292069632495163,1.3291356611333716,13.728395061728396,2.742857142857143,0.010451487109547,-2.3461538461538463,0.0079647517369937,0.0,0.2872862417411582,0.0,0.0,0.0,0.0,,0.0247415622646676,-0.003544528134692,-39.30815813528336,2300000000.0,6265000000.0,-13788000000.0,30848000000.0,3765500000.0,1158000000.0,2187000000.0,69.62379257752923,0.0,54.731157548720354,1.2926615553121577,0.0,1.6444015444015443,-0.005748397081583,0.0,2025-04-30,0.35,bmo,6821981810.0,2025-05-11,2025-03-31,-0.3428571428571428,54.69725,9668983.0
2024-12-31,IP,USD,51434,2025-02-21,2025-02-21 13:50:28,2024,Q4,4580000000.0,3250000000.0,1330000000.0,0.2903930131,0,445000000.0,348000000.0,869000000.0,533000000.0,1402000000.0,4652000000.0,0.0,56000000.0,499000000.0,383000000.0,0.0836244541,29000000.0,0.0063318777,-253000000.0,-224000000.0,-0.0489082969,-78000000.0,-147000000.0,-0.0320960699,-2.03,-2.03,347400000,347400000,https://www.sec.gov/Archives/edgar/data/51434/000005143425000013/0000051434-25-000013-index.htm,https://www.sec.gov/Archives/edgar/data/51434/000005143425000013/ip-20241231.htm,13.183649971214738,-0.4231433506044905,1.1427748992515832,0.3943580886586068,3.3678756476683938,23.526194588370757,14.781232009211283,23.526194588370757,17.009211283822683,18697068000.0,23380068000.0,-31.79773469387755,4.082329257641922,47.095889168765744,136.4749489051095,2.2876627921203965,2.2876627921203965,5.104818340611354,61.044563968668406,58.89185894206549,170.6574306569343,-0.0078621952917965,0.0073273520746675,0.7161385048329867,0.2567105263157895,12.22715404699739,1.5086895255988728,0.5178571428571429,-2.700680272108844,0.0086109757957771,-1.0952380952380951,0.0971615720524017,0.0,0.1332456140350877,0.654911838790932,0.056768558951965,0.9961685823754788,0.0,,0.0010089023599832,-0.0074385183685861,-29.76540011514105,2166000000.0,5135000000.0,-8203000000.0,15295000000.0,3041000000.0,2376000000.0,1789500000.0,58.28384279475983,64.13538461538461,49.40307692307693,1.5441672285906944,1.4032815198618307,1.8217488789237668,-0.0179860516334271,0.7484168105929764,2025-01-30,0.03,bmo,4744633333.0,2025-04-30,2024-12-31,-1.6666666666666667,53.6296875,4326770.625
2024-09-30,IP,USD,51434,2024-11-01,2024-11-01 16:40:43,2024,Q3,4686000000.0,3342000000.0,1344000000.0,0.2868117798,0,508000000.0,357000000.0,865000000.0,479000000.0,1344000000.0,4511000000.0,0.0,51000000.0,267000000.0,453000000.0,0.0966709347,150000000.0,0.0320102433,-70000000.0,80000000.0,0.0170721297,-71000000.0,150000000.0,0.0320102433,0.43,0.42,348837209,353400000,https://www.sec.gov/Archives/edgar/data/51434/000005143424000067/0000051434-24-000067-index.htm,https://www.sec.gov/Archives/edgar/data/51434/000005143424000067/ip-20240930.htm,13.433200011642109,0.4300000003726666,1.4935333346277289,0.8858000007676934,3.3224666695461376,24.736466688104937,15.580333346836287,24.736466688104937,16.94773334802137,17040697659.65,21742697659.65,28.40116276608333,3.636512518064447,32.70767305115163,55.147888866181226,1.9748172047340364,1.9748172047340364,4.639926944014085,47.99712507649007,41.73262506650672,70.36471734514564,0.008802456507117,0.018133060404661,0.6792212307335729,0.2530547040283235,10.379690949227372,1.5260739719733518,2.9411764705882355,3.473333333333333,0.0094479699843056,1.0733333333333333,0.1084080239009816,0.0,0.1379042355684124,0.4069097888675624,0.0452411438326931,0.7940074906367042,0.0,15.470142708289105,0.0148489536896208,0.0075123954524966,-29.063700025188545,2290000000.0,5435000000.0,-7889000000.0,15882000000.0,3374500000.0,2393000000.0,1761500000.0,59.84635083226633,65.60143626570915,48.33931777378815,1.5038510911424905,1.3719211822660098,1.8618384401114203,0.0173832425541777,0.6077333338600356,2024-10-31,0.26,bmo,4698332967.0,2025-04-25,2024-09-30,0.6923076923076923,46.5934375,4545957.75
2024-06-30,IP,USD,51434,2024-07-26,2024-07-26 12:12:32,2024,Q2,4734000000.0,3621000000.0,1113000000.0,0.2351077313,0,453000000.0,379000000.0,832000000.0,-35000000.0,867000000.0,4488000000.0,52000000.0,107000000.0,280000000.0,593000000.0,0.1252640473,246000000.0,0.051964512,-40000000.0,206000000.0,0.0435149979,-293000000.0,498000000.0,0.1051964512,1.43,1.41,347300000,352800000,https://www.sec.gov/Archives/edgar/data/51434/000005143424000053/0000051434-24-000053-index.htm,https://www.sec.gov/Archives/edgar/data/51434/000005143424000053/ip-20240630.htm,13.630866685862369,1.4339188021883098,1.050964583933199,0.4808522890872445,3.020443420673769,24.74805643535848,15.522602936942125,24.74805643535848,23.789231212208467,15051982000.000002,22157982000.0,7.556215863453816,3.179548373468526,41.23830684931507,90.13162874251498,1.75124863292612,1.75124863292612,4.680604562737643,37.36590556492411,60.7068,132.68252694610777,0.0330853438437542,0.0110948843813392,0.9488074461896452,0.3535966699908945,11.983136593591906,1.5938259601361209,2.299065420560748,0.7329317269076305,0.0106298293473909,0.321285140562249,0.0956907477820025,0.0,0.1389238173698131,0.5424657534246575,0.0418250950570342,0.7071428571428572,0.0054921841994085,28.25687221555587,0.0307811975765016,0.0250767913792235,-28.304779729340627,2443000000.0,5391000000.0,-7911000000.0,16039000000.0,3555500000.0,2336000000.0,1749500000.0,69.06844106463879,58.4092792046396,42.94946147473073,1.3030553261767135,1.5408510638297872,2.095486111111111,0.0579406631762652,0.5701122948459545,2024-07-24,0.4,bmo,4695200000.0,2025-04-25,2024-06-30,0.375,40.617936507936506,6997911.714285715
2024-03-31,IP,USD,51434,2024-04-26,2024-04-26 14:33:06,2024,Q1,4619000000.0,3697000000.0,922000000.0,0.1996103053,0,358000000.0,391000000.0,749000000.0,-41000000.0,790000000.0,4487000000.0,63000000.0,109000000.0,273000000.0,467000000.0,0.1011041351,132000000.0,0.0285776142,-373000000.0,85000000.0,0.0184022516,27000000.0,56000000.0,0.0121238363,0.16,0.16,346700000,348500000,https://www.sec.gov/Archives/edgar/data/51434/000005143424000034/0000051434-24-000034-index.htm,https://www.sec.gov/Archives/edgar/data/51434/000005143424000034/ip-20240331.htm,13.322757427170464,0.1615229304874531,1.1393135275454285,0.415344678396308,3.086241707528122,23.81597923276608,14.54283241995962,23.81597923276608,23.856359965387945,13531701000.0,20623701000.0,60.40937946428571,2.929573717254817,34.25747088607595,93.97014583333332,1.638815671551411,1.638815671551411,4.464970989391643,44.162100642398286,52.21190126582278,143.22014583333333,0.0041384301944005,0.0106416776427442,0.988494610633402,0.354438075386486,15.18629550321199,1.675921120913337,1.211009174311927,7.053571428571429,0.0118979868089015,2.875,0.0775059536696254,0.0,0.1396126454750738,0.6354430379746835,0.0543407663996536,0.9194139194139194,0.0019484736956051,9.303418837038125,0.0046282610469808,0.0028264270933225,-29.44043841938275,2605000000.0,5042000000.0,-8312000000.0,16292000000.0,3485000000.0,2382000000.0,1830000000.0,67.7679151331457,56.52691371382202,43.11333513659724,1.3280621046578494,1.5921619293712317,2.087521174477696,0.0067821242582051,0.7239688491491203,2024-04-25,0.22,bmo,4555133000.0,2025-04-25,2024-03-31,-0.2272727272727272,36.2772131147541,4538397.459016394
2023-12-31,IP,USD,51434,2024-02-16,2024-02-16 17:01:12,2023,Q4,4601000000.0,3964000000.0,637000000.0,0.1384481634,0,357000000.0,395000000.0,752000000.0,-39000000.0,791000000.0,4755000000.0,58000000.0,58000000.0,696000000.0,480000000.0,0.1043251467,-154000000.0,-0.0334709846,-42000000.0,-326000000.0,-0.0708541621,-61000000.0,-284000000.0,-0.0617257118,-0.82,-0.82,346037000,346037000,https://www.sec.gov/Archives/edgar/data/51434/000005143424000024/0000051434-24-000024-index.htm,https://www.sec.gov/Archives/edgar/data/51434/000005143424000024/ip-20231231.htm,13.296266006236328,-0.8207214835407775,1.421813274303037,0.5404046388103007,3.216419053453821,24.144816883743648,14.827894126928625,24.144816883743648,23.78069397203189,12509237550.0,19567237550.0,-11.011652772887324,2.718808422082156,25.42527957317073,66.89431844919785,1.4972157450628365,1.4972157450628365,4.252822766789828,40.76507822916667,39.770808028455285,104.63763395721924,-0.0227032222279606,0.0149489526641853,0.9779772591262716,0.3512746657495378,14.704166666666667,1.6691083606971455,-2.655172413793104,-1.732394366197183,0.0127905477340623,-0.5633802816901409,0.0775918278635079,0.0,0.1386010919564937,0.6199186991869918,0.0662899369702238,0.4426705370101596,0.0054336013910019,,-0.0063892231449882,-0.0141737785097569,-29.561867661550643,2649000000.0,5131000000.0,-8298000000.0,16471000000.0,3522000000.0,2402500000.0,1909000000.0,68.30688980656379,55.44399596367305,42.88849646821392,1.3175830469644902,1.6232596232596233,2.0984647961884595,-0.0339916217833632,0.8814086354927363,2024-02-01,0.34,bmo,4673840000.0,2025-04-25,2023-12-31,0.2058823529411763,34.946666666666665,3071511.6507936507
2023-09-30,IP,USD,51434,2023-10-27,2023-10-27 12:57:50,2023,Q3,4613000000.0,3345000000.0,1268000000.0,0.2748753523,0,-96000000.0,668000000.0,668000000.0,-13000000.0,965000000.0,4310000000.0,47000000.0,58000000.0,258000000.0,548000000.0,0.1187947106,192000000.0,0.0416215044,-71000000.0,232000000.0,0.0502926512,39000000.0,165000000.0,0.0357684804,0.55,0.55,346000000,348100000,https://www.sec.gov/Archives/edgar/data/51434/000005143423000053/0000051434-23-000053-index.htm,https://www.sec.gov/Archives/edgar/data/51434/000005143423000053/ip-20230930.htm,13.332369942196532,0.476878612716763,1.3526011560693645,0.6936416184971098,-3.3497109826589595,25.67052023121387,16.88150289017341,25.67052023121387,17.46820809248555,12272620000.0,17109620000.0,18.594878787878788,2.660442228484717,26.223547008547005,51.13591666666667,1.381740598964197,1.381740598964197,3.709000650336007,31.22193430656934,36.55901709401709,71.29008333333333,0.0134445619598749,0.0195557264870907,0.6739473091646025,0.2499269341572376,8.826642335766424,1.7465224111282844,3.310344827586207,2.8363636363636364,0.0130371509913938,0.9696969696969696,-0.0208107522219813,0.0,0.1269675587658135,0.4871794871794871,0.0494255365272057,0.8837209302325582,0.0015174506828528,16.596347390330337,0.007911443753085,0.0078909612625538,-36.414739884393065,2898000000.0,5841000000.0,-8289000000.0,16831000000.0,3591000000.0,2378500000.0,1920000000.0,69.29980489919792,63.57847533632288,51.90134529147982,1.298704954954955,1.41557342361405,1.734059097978227,0.0185768970952488,0.6589595375722543,2023-10-26,0.58,bmo,4805320000.0,2025-04-25,2023-09-30,0.103448275862069,33.9968253968254,2958853.222222222
2023-06-30,IP,USD,51434,2023-07-28,2023-07-28 13:53:47,2023,Q2,4682000000.0,3360000000.0,1322000000.0,0.2823579667,0,-40000000.0,712000000.0,712000000.0,-12000000.0,996000000.0,4356000000.0,44000000.0,59000000.0,244000000.0,558000000.0,0.1191798377,222000000.0,0.0474156343,33000000.0,255000000.0,0.0544639043,33000000.0,235000000.0,0.0501922255,0.64,0.64,346200000,346500000,https://www.sec.gov/Archives/edgar/data/51434/000005143423000042/0000051434-23-000042-index.htm,https://www.sec.gov/Archives/edgar/data/51434/000005143423000042/ip-20230630.htm,13.523974581166955,0.6787983824378971,1.5251299826689777,0.7538994800693241,-4.49740034662045,24.274985557481223,15.48526863084922,24.274985557481223,17.859618717504333,11012622000.0,16390622000.0,11.715555319148937,2.3521191798376764,20.85723863636364,42.19395402298851,1.3104024274155164,1.3104024274155164,3.500773601025203,29.373874551971326,31.0428446969697,62.79931800766283,0.0213391506582174,0.023700077965084,0.7287006187529748,0.2585821053076046,9.63799283154122,1.592328497664126,3.76271186440678,2.246808510638298,0.0145287834268714,0.6808510638297872,-0.008543357539513,0.0,0.1284887894270151,0.5056818181818182,0.0570269115762494,1.0942622950819672,-0.0017086715079026,19.25489472647761,0.009729691312691,0.0113856589147286,-38.00693240901213,2409000000.0,5361000000.0,-8803000000.0,16374000000.0,3679500000.0,2467500000.0,1925000000.0,69.77787270397266,64.125,51.1875,1.2898071625344352,1.4035087719298245,1.7582417582417582,0.0279628748215135,0.7712305025996534,2023-07-27,0.38,bmo,4896580000.0,2025-04-25,2023-06-30,0.5526315789473684,32.76209677419355,3187957.7580645164
2023-03-31,IP,USD,51434,2023-04-28,2023-04-28 14:26:40,2023,Q1,5020000000.0,3642000000.0,1378000000.0,0.274501992,0,381000000.0,803000000.0,803000000.0,277000000.0,1080000000.0,4722000000.0,41000000.0,62000000.0,241000000.0,524000000.0,0.1043824701,283000000.0,0.056374502,-77000000.0,221000000.0,0.0440239044,48000000.0,172000000.0,0.0342629482,0.49,0.49,349300000,353300000,https://www.sec.gov/Archives/edgar/data/51434/000005143423000022/0000051434-23-000022-index.htm,https://www.sec.gov/Archives/edgar/data/51434/000005143423000022/ip-20230331.htm,14.371600343544232,0.4924133982250214,0.9876896650443744,0.011451474377326,1.820784425994847,24.016604637847124,15.30775837389064,24.016604637847124,17.709705124534786,12595758000.0,18083758000.0,18.30778779069768,2.509115139442231,36.50944347826087,3148.9395,1.501461199189415,1.501461199189415,3.6023422310756974,34.51098854961832,52.41668985507246,4520.9395,0.0136553909657521,0.0003175672317616,0.7300035761115746,0.2576248369862437,10.473282442748092,1.5506329113924051,4.564516129032258,2.005813953488372,0.0128614728863479,0.9418604651162792,0.0758964143426294,0.0,0.1279710571705018,0.9884057971014492,0.0679282868525896,1.4149377593360997,0.0067729083665338,16.312179585507725,0.0111480443162028,0.0082975541511891,-31.43358144861151,2349000000.0,5347000000.0,-8767000000.0,16266000000.0,3747000000.0,2624500000.0,1940500000.0,66.85458167330677,62.79242174629325,47.9159802306425,1.3462054170018771,1.4332939787485242,1.8782877772047448,0.0205030396948384,0.9762381906670484,2023-04-27,0.45,bmo,4987030000.0,2025-04-25,2023-03-31,0.1777777777777778,37.04741935483871,3207905.35483871
2022-12-31,IP,USD,51434,2023-02-17,2023-02-17 13:29:39,2022,Q4,5133000000.0,3668000000.0,1465000000.0,0.2854081434,0,-131000000.0,761000000.0,761000000.0,289000000.0,1050000000.0,4718000000.0,34000000.0,59000000.0,299000000.0,704000000.0,0.1371517631,453000000.0,0.0882524839,-93000000.0,322000000.0,0.0627313462,148000000.0,174000000.0,0.0338983051,0.5,0.49,350300000,353700000,https://www.sec.gov/Archives/edgar/data/51434/000005143423000013/0000051434-23-000013-index.htm,https://www.sec.gov/Archives/edgar/data/51434/000005143423000013/ip-20221231.htm,14.65315443905224,0.4967170996288895,2.172423636882672,1.2532115329717386,4.59035112760491,24.256351698544105,15.575221238938052,24.256351698544105,16.902654867256636,12130889000.0,17188889000.0,17.429438218390803,2.3633136567309565,15.940721419185282,27.633004555808657,1.4276672943391786,1.4276672943391786,3.348702318332359,24.416035511363635,22.587239159001317,39.15464464692483,0.0143435489352841,0.0361886090953433,0.6898905496057433,0.2448621553884711,7.184659090909091,1.354,7.677966101694915,-2.393081761006289,0.0135192070424517,0.942528735632184,-0.0255211377362166,0.0,0.1270258980785296,0.4231274638633377,0.0627313461913111,1.2828685258964143,0.0050652639781804,16.464879438482996,0.0123319304723313,0.0083257572132637,-28.66186126177562,1770000000.0,5456000000.0,-8673000000.0,15666000000.0,3866000000.0,2688000000.0,1959000000.0,66.01402688486264,66.44492911668485,47.64994547437296,1.3633466135458168,1.3545051698670605,1.8887744593202884,0.0204778156996587,0.9192121039109334,2023-01-31,0.69,bmo,5192200369.0,2025-04-25,2022-12-31,0.2608695652173914,34.577936507936506,3378354.253968254
2022-09-30,IP,USD,51434,2022-10-28,2022-10-28 16:57:24,2022,Q3,5402000000.0,3830000000.0,1572000000.0,0.2910033321,0,0.0,808000000.0,808000000.0,299000000.0,1107000000.0,4937000000.0,27000000.0,123000000.0,261000000.0,774000000.0,0.1432802666,513000000.0,0.0949648278,-152000000.0,313000000.0,0.0579415031,-575000000.0,951000000.0,0.1760459089,2.66,2.64,357518797,360400000,https://www.sec.gov/Archives/edgar/data/51434/000005143422000052/0000051434-22-000052-index.htm,https://www.sec.gov/Archives/edgar/data/51434/000005143422000052/ip-20220930.htm,15.109695057516095,2.6599999999440587,1.21671924287662,0.5510199789579175,2.8585909568273693,26.53846477336407,17.82283911634442,26.53846477336407,16.099852786201897,11333345864.9,16455345864.9,2.979323308333333,2.0979907191595704,26.053668654942527,57.52967444111675,1.1944926080206577,1.1944926080206577,3.04615806458719,21.26013677635659,37.82838129862069,83.52967444111675,0.0839116719225255,0.0173823337210699,0.5936973018549747,0.2265433340036195,6.6175710594315245,1.3781477627471383,4.170731707317073,0.4574132492113564,0.014558807431353,0.1735015772870662,0.0,0.0,0.1253167102352704,0.5471264367816092,0.0440577563865235,0.9118773946360154,0.0048130322102924,39.85382185753878,0.0703913784375643,0.0437261483286587,-29.066303890030152,1817000000.0,6372000000.0,-8755000000.0,15539000000.0,3967500000.0,2673000000.0,1936500000.0,66.09218807848944,62.69451697127938,46.43342036553525,1.361734308041341,1.4355322338830585,1.938259109311741,0.1002318718381113,0.6656992639187025,2022-10-27,1.22,bmo,5348099367.0,2025-04-25,2022-09-30,-0.1721311475409835,40.875,3026981.90625
2022-06-30,IP,USD,51434,2022-07-29,2022-07-29 14:06:54,2022,Q2,5389000000.0,3806000000.0,1583000000.0,0.2937465207,0,0.0,742000000.0,742000000.0,303000000.0,1045000000.0,4851000000.0,9000000.0,74000000.0,267000000.0,852000000.0,0.158099833,585000000.0,0.1085544628,-24000000.0,514000000.0,0.0953794767,96000000.0,511000000.0,0.0948227872,1.39,1.38,367625899,370700000,https://www.sec.gov/Archives/edgar/data/51434/000005143422000040/0000051434-22-000040-index.htm,https://www.sec.gov/Archives/edgar/data/51434/000005143422000040/ip-20220630.htm,14.658923690248493,1.390000001060861,1.0608610575611268,0.5549119378012048,2.6575929570185157,24.598375752628897,16.100606665908487,24.598375752628897,16.013561656057316,15377791355.17,20364791355.17,7.5233812892221135,2.853551930816478,39.43023424402564,75.38133017240196,1.7005187830554018,1.7005187830554018,3.778955530742252,23.90233727132629,52.21741373120512,99.8274086037745,0.033229739446829,0.0132658842410041,0.6428176490102842,0.2299264298710545,5.853286384976526,1.6190257352941178,7.905405405405405,0.7632093933463796,0.0110549035341701,0.3326810176125244,0.0,0.0,0.1235661735622181,0.4769230769230769,0.034514752273149,0.6966292134831461,0.0011133791055854,27.73651388063425,0.0224162135235779,0.0230616481631916,-30.83977497461353,2694000000.0,5919000000.0,-9193000000.0,16435000000.0,3911000000.0,2667500000.0,1821500000.0,66.2683243644461,63.32632685233841,44.858118759852864,1.3581149193548387,1.421209858103062,2.006325777543489,0.0565077960853699,0.5059491197599221,2022-07-28,1.08,bmo,5352092154.0,2025-04-25,2022-06-30,0.148148148148148,46.41048387096774,3010760.2580645164
2022-03-31,IP,USD,51434,2022-04-29,2022-04-29 12:48:11,2022,Q1,5237000000.0,3839000000.0,1398000000.0,0.2669467252,0,0.0,765000000.0,765000000.0,297000000.0,1062000000.0,4901000000.0,8000000.0,69000000.0,261000000.0,646000000.0,0.1233530647,385000000.0,0.0735153714,2000000.0,362000000.0,0.069123544,95000000.0,267000000.0,0.0509833874,0.71,0.7,375200000,379200000,https://www.sec.gov/Archives/edgar/data/51434/000005143422000025/0000051434-22-000025-index.htm,https://www.sec.gov/Archives/edgar/data/51434/000005143422000025/ip-20220331.htm,13.957889125799571,0.7116204690831557,1.5671641791044777,1.07409381663113,3.523454157782516,23.686034115138597,15.34914712153518,23.686034115138597,15.924840085287846,17315480000.0,22190480000.0,16.212996254681645,3.3063738781745275,29.448095238095235,42.96645161290323,1.9484055361764376,1.9484055361764376,4.23725033416078,34.35058823529412,37.73891156462585,55.06322580645161,0.0154197284741745,0.023273972191357,0.6645662203218183,0.234756339931632,7.546439628482972,1.7344278126508932,5.579710144927536,1.6333333333333333,0.0100488118146306,0.651685393258427,0.0,0.0,0.1243342078066618,0.314625850340136,0.0353255680733244,0.7088122605363985,0.0126026350964292,19.474290768190443,0.0133863238767637,0.0121198365864729,-29.812100213219612,3042000000.0,5759000000.0,-9087000000.0,16879000000.0,3732000000.0,2631500000.0,1780000000.0,66.2325759022341,62.28965876530347,40.932534514196405,1.3588479501816295,1.4448626270229583,2.1987399770904927,0.0300438843254191,0.4930703624733475,2022-04-28,0.52,bmo,5022383902.0,2025-04-25,2022-03-31,0.4615384615384615,46.04451612903225,3656421.6129032257
2021-12-31,IP,USD,51434,2022-02-18,2022-02-18 17:20:34,2021,Q4,5086000000.0,3659000000.0,1427000000.0,0.280574125,0,0.0,746000000.0,746000000.0,48000000.0,1056000000.0,4715000000.0,0.0,76000000.0,277000000.0,396000000.0,0.0778607943,20000000.0,0.0039323634,-71000000.0,44000000.0,0.0086511994,-5000000.0,107000000.0,0.0210381439,0.28,0.28,382142857,387100000,https://www.sec.gov/Archives/edgar/data/51434/000005143422000016/0000051434-22-000016-index.htm,https://www.sec.gov/Archives/edgar/data/51434/000005143422000016/ip-20211231.htm,13.30915888348006,0.2800000001046729,0.2800000001046729,-0.2459813085031705,4.029906543562582,23.765981317295697,15.57532710862629,23.765981317295697,15.41570094034232,17953071421.86,22473071421.86,41.94642855574766,3.529900004298073,167.78571422299063,-190.9901215091489,1.9767750959986785,1.9767750959986785,4.418614121482501,56.75018035823233,210.02870487719628,-239.07522789212769,0.0059599829737052,-0.0052358728927877,0.6402774719224841,0.2303608921285108,11.414141414141412,1.7123552123552124,0.2631578947368421,1.0,0.0171558388401983,2.878504672897196,0.0,0.0,0.1239947708275561,1.8785046728971964,0.0395202516712544,0.7256317689530686,0.0053086905230043,12.23624461813898,0.0010459134666695,0.0048387826165603,-28.80205608553348,2952000000.0,5952000000.0,-9065000000.0,16888000000.0,3793000000.0,2655000000.0,1933500000.0,63.88124262681872,64.09948073244057,44.61874829188303,1.4088642659279778,1.4040675364543362,2.017089305402425,0.0117815459149966,0.5259813086078435,2022-01-27,0.87,bmo,5058203183.0,2025-04-25,2021-12-31,-0.1034482758620689,49.31734375,3378934.84375
2021-09-30,IP,USD,51434,2021-10-28,2021-10-28 15:33:40,2021,Q3,5714000000.0,3924000000.0,1790000000.0,0.3132656633,0,0.0,880000000.0,880000000.0,51000000.0,1240000000.0,5164000000.0,24000000.0,93000000.0,318000000.0,836000000.0,0.1463073154,550000000.0,0.0962548127,83000000.0,916000000.0,0.1603080154,146000000.0,864000000.0,0.1512075604,2.22,2.2,388800000,392600000,https://www.sec.gov/Archives/edgar/data/51434/000005143421000045/0000051434-21-000045-index.htm,https://www.sec.gov/Archives/edgar/data/51434/000005143421000045/ip-20210930.htm,14.696502057613168,2.2222222222222223,1.6589506172839503,1.3348765432098766,5.457818930041152,24.750514403292183,16.329732510288064,24.74794238683128,28.106995884773664,20586960000.0,29299960000.0,5.956875,3.6028981449072455,31.91776744186047,39.666589595375726,2.139571814591561,2.139571814591561,5.127749387469374,35.0477990430622,45.42629457364341,56.45464354527938,0.0419683139229881,0.0252101330162394,1.126065267096238,0.3676495537986495,10.42224880382775,2.106428267347808,5.913978494623656,0.7465277777777778,0.0096663130447623,0.230324074074074,0.0,0.0,0.1110922601879814,0.1953488372093023,0.0220511025551277,0.3962264150943396,0.0073503675183759,35.17665588627725,0.0184890124186789,0.0329808756727869,-35.28163580246913,5198000000.0,6349000000.0,-9952000000.0,20237000000.0,4000000000.0,2634500000.0,1940500000.0,62.62513125656283,62.018348623853214,47.08715596330275,1.437122736418511,1.4511834319526626,1.9113492450073064,0.089794221575556,0.324074074074074,2021-10-27,1.46,bmo,5875470000.0,2025-04-25,2021-09-30,-0.0753424657534245,55.6584375,2258021.375
2021-06-30,IP,USD,51434,2021-07-30,2021-07-30 12:16:06,2021,Q2,5616000000.0,3913000000.0,1703000000.0,0.3032407407,0,0.0,880000000.0,880000000.0,48000000.0,1231000000.0,5144000000.0,60000000.0,57000000.0,306000000.0,855000000.0,0.1522435897,472000000.0,0.084045584,-249000000.0,432000000.0,0.0769230769,102000000.0,432000000.0,0.0769230769,1.1,1.09,391500000,396800000,https://www.sec.gov/Archives/edgar/data/51434/000005143421000033/0000051434-21-000033-index.htm,https://www.sec.gov/Archives/edgar/data/51434/000005143421000033/ip-20210630.htm,14.344827586206897,1.103448275862069,1.9565772669220944,1.6168582375478928,14.191570881226054,21.338441890166028,12.865900383141762,21.33333333333333,35.312899106002554,22726575000.0,35788575000.0,13.151953125,4.046754807692308,29.669157963446477,35.902962085308054,2.72109375,2.72109375,6.372609508547009,41.85798245614035,46.7213772845953,56.53803317535545,0.0190085835635154,0.027852855082651,1.6484674329501916,0.4378020859832103,15.27719298245614,1.415865662999421,8.280701754385966,1.7649769585253456,0.0088442715191356,0.4652777777777778,0.0,0.0,0.1054757059272449,0.1736292428198433,0.0236823361823361,0.434640522875817,0.0083689458689458,23.01423847129844,0.0156287627028849,0.0153567238989015,-34.75351213282248,3591000000.0,5037000000.0,-10868000000.0,18860000000.0,3901500000.0,2459500000.0,1828000000.0,64.48717948717949,58.995655507283416,42.04446716074623,1.3956262425447317,1.5255360623781675,2.1405908096280086,0.0517241379310344,0.3397190293742018,2021-07-29,1.06,bmo,5638420000.0,2025-04-25,2021-06-30,0.0,57.07825396825397,2692712.4285714286
2021-03-31,IP,USD,51434,2021-04-30,2021-04-30 13:58:48,2021,Q1,5363000000.0,3847000000.0,1516000000.0,0.2826776058,0,361000000.0,767000000.0,767000000.0,53000000.0,1120000000.0,4967000000.0,32000000.0,92000000.0,309000000.0,832000000.0,0.1551370502,396000000.0,0.0738392691,-261000000.0,399000000.0,0.0743986575,99000000.0,349000000.0,0.0650755174,0.89,0.88,392800000,394800000,https://www.sec.gov/Archives/edgar/data/51434/000005143421000019/0000051434-21-000019-index.htm,https://www.sec.gov/Archives/edgar/data/51434/000005143421000019/ip-20210331.htm,13.65325865580448,0.8884928716904277,1.3034623217922607,1.0768839103869654,14.35081466395112,19.783604887983707,11.530040733197556,19.75050916496945,37.33961303462322,20111360000.0,33899360000.0,14.406418338108884,3.7500205109080738,39.28,47.54458628841608,2.5923382315029646,2.5923382315029646,6.320969606563491,40.74442307692308,66.2096875,80.14033096926714,0.0173533764002036,0.0210328888747454,1.8787058520237176,0.4630365028433459,16.572115384615383,1.4501787842669844,4.304347826086956,1.4670487106017192,0.010044074592668,0.5787965616045845,0.067313071042327,0.0,0.1029958382310893,0.173828125,0.0165951892597426,0.2880258899676375,0.0026104792093977,19.870435290148173,0.0128001530846591,0.0123605454223481,-36.458121181262726,3777000000.0,4529000000.0,-11539000000.0,19101000000.0,3237500000.0,2194500000.0,1939000000.0,63.41786313630431,55.07148427345984,42.76579152586431,1.4191585075416775,1.634239592183517,2.104485776805252,0.0449858210879092,0.2265784114052953,2021-04-29,0.62,bmo,4152000000.0,2025-04-25,2021-03-31,0.2258064516129032,48.6572131147541,3487529.049180328
2020-12-31,IP,USD,51434,2021-02-19,2021-02-19 13:23:31,2020,Q4,5239000000.0,3659000000.0,1580000000.0,0.3015842718,0,410000000.0,812000000.0,812000000.0,10000000.0,1186000000.0,4845000000.0,34000000.0,99000000.0,332000000.0,588000000.0,0.1122351594,394000000.0,0.0752051918,-271000000.0,123000000.0,0.0234777629,34000000.0,153000000.0,0.0292040466,0.39,0.39,392307692,395900000,https://www.sec.gov/Archives/edgar/data/51434/000005143421000012/0000051434-21-000012-index.htm,https://www.sec.gov/Archives/edgar/data/51434/000005143421000012/ip-20201231.htm,13.354313735964167,0.3900000003058823,2.0111764721656287,1.771568628840446,13.879411775591697,20.055686290239755,11.605686283612304,20.02000001570196,37.773921598254056,18469846139.36,32594846139.36,30.179487155816997,3.5254525938843293,23.40918395356147,26.575318186129497,2.3516483498039213,2.3516483498039213,6.221577808619966,55.43341180163265,41.311592065095056,46.899059193323744,0.0082837723089609,0.0376289003576985,1.874204227145404,0.4640897912857052,24.022108843537413,1.356349589570256,3.97979797979798,5.15686274509804,0.0108826028372624,1.3137254901960784,0.0782592097728574,0.0,0.1045147865565294,0.1191381495564005,0.017942355411338,0.2831325301204819,0.0045810269135331,13.254263475409314,0.0120831326139827,0.0053867549202549,-39.147843167959095,2952000000.0,4553000000.0,-12614000000.0,18943000000.0,3059000000.0,2130500000.0,2028500000.0,46.31418209581981,50.05465974309921,50.42361300901887,1.9432492581602376,1.798034398034398,1.7848780487804878,0.0194805194805194,0.2396078433251826,2021-02-04,0.84,bmo,5627074074.0,2025-04-25,2020-12-31,-0.1071428571428571,44.71609375,2933415.875
2020-09-30,IP,USD,51434,2020-10-30,2020-10-30 14:05:58,2020,Q3,5123000000.0,3541000000.0,1582000000.0,0.3088034355,0,360000000.0,737000000.0,737000000.0,11000000.0,1101000000.0,4642000000.0,36000000.0,112000000.0,320000000.0,812000000.0,0.1585008784,481000000.0,0.0938902987,-199000000.0,282000000.0,0.0550458716,50000000.0,204000000.0,0.0398204177,0.52,0.52,393100000,394600000,https://www.sec.gov/Archives/edgar/data/51434/000005143420000042/0000051434-20-000042-index.htm,https://www.sec.gov/Archives/edgar/data/51434/000005143420000042/ip-20200930.htm,13.032307300941236,0.5189519206308827,1.869753243449504,1.5670312897481558,14.062579496311372,18.05138641567031,9.646400407021114,18.043754769778683,39.2190282370898,15091109000.0,29718109000.0,18.494006127450984,2.945756197540504,20.53212108843537,24.498553571428573,2.127605949527703,2.127605949527703,5.800919187975795,36.598656403940886,40.43280136054422,48.24368344155844,0.013517893217788,0.0408187363831246,2.1577611729874526,0.4806846733668342,18.013546798029555,1.3317602642756017,4.294642857142857,3.602941176470588,0.0133853648529077,0.9901960784313726,0.0702713253952762,0.0,0.1037688442211055,0.1619047619047619,0.0232285770056607,0.371875,0.0033183681436658,14.515041400089398,0.0167109929078014,0.0071488645920941,-39.801577206817605,2812000000.0,3792000000.0,-13456000000.0,18948000000.0,3441500000.0,2216000000.0,2008500000.0,60.11711887565879,56.57723806834227,51.01101383789889,1.4970777323202806,1.590745732255166,1.7643248629795716,0.028760750035246,0.3027219537013482,2020-10-29,0.48,bmo,3463436619.0,2025-04-25,2020-09-30,0.4791666666666666,35.300625,3069944.484375
2020-06-30,IP,USD,51434,2020-07-31,2020-07-31 13:08:13,2020,Q2,4866000000.0,3427000000.0,1439000000.0,0.2957254418,0,332000000.0,697000000.0,697000000.0,14000000.0,1050000000.0,4477000000.0,40000000.0,116000000.0,312000000.0,715000000.0,0.1469379367,389000000.0,0.0799424579,-128000000.0,261000000.0,0.0536374846,67000000.0,266000000.0,0.0546650226,0.68,0.68,393100000,393100000,https://www.sec.gov/Archives/edgar/data/51434/000005143420000033/0000051434-20-000033-index.htm,https://www.sec.gov/Archives/edgar/data/51434/000005143420000033/ip-20200630.htm,12.37852963622488,0.676672602391249,2.26405494785042,1.622996692953447,2.154668023403714,17.959806664970746,9.554820656321546,17.952175019079114,41.17018570338336,13105954000.000002,28326954000.0,12.317625939849624,2.6933732018084675,14.725791011235955,20.542247648902823,1.8571565821170477,1.8571565821170477,5.821404438964242,39.61811748251748,31.828038202247196,44.3996144200627,0.0202961188479678,0.0486801647556522,2.2768881961173304,0.4941111350287524,21.28811188811189,0.7921968787515006,3.353448275862069,3.345864661654135,0.0153365409339907,0.7556390977443609,0.0682285244554048,0.0,0.1016021402872167,0.2831460674157303,0.0517879161528976,0.8076923076923077,0.0010275380189066,16.53252135176989,0.0118714798182011,0.0091049118603457,-53.45013991350801,-1731000000.0,3756000000.0,-18860000000.0,14584000000.0,3555000000.0,2292500000.0,2006000000.0,64.01356350184957,57.93405310767435,52.78669390137146,1.4059520369835308,1.5534904805077063,1.7049751243781095,0.0376930707099334,0.6410582548969728,2020-07-30,0.39,bmo,3517468788.0,2025-04-25,2020-06-30,0.9743589743589745,31.84079365079365,3578895.476190476
2020-03-31,IP,USD,51434,2020-05-01,2020-05-01 14:43:04,2020,Q1,5352000000.0,3746000000.0,1606000000.0,0.3000747384,0,418000000.0,825000000.0,825000000.0,6000000.0,1192000000.0,4938000000.0,46000000.0,117000000.0,323000000.0,743000000.0,0.1388266069,414000000.0,0.0773542601,-430000000.0,-16000000.0,-0.0029895366,94000000.0,-141000000.0,-0.0263452915,-0.36,-0.36,391666666,392600000,https://www.sec.gov/Archives/edgar/data/51434/000005143420000017/0000051434-20-000017-index.htm,https://www.sec.gov/Archives/edgar/data/51434/000005143420000017/ip-3312020xform10xq.htm,13.664680874322862,-0.3600000006127659,1.6570212794162065,0.9268085122158444,3.163404260703667,17.51744683832757,9.081702143117791,17.507234072352738,43.25617028639349,11546333313.68,27132333313.68,-20.472222187375888,2.157386643064275,17.790960421694916,31.808080753939397,1.6838753556482429,1.6838753556482429,5.069569004798207,36.517272292974425,41.80636874218799,74.7447198723967,-0.0122116689488726,0.0314385519747572,2.453696952019834,0.5065482462742736,20.9771197846568,0.7723185613359024,3.5384615384615383,-4.602836879432624,0.017494731401931,-1.4326241134751774,0.078101644245142,0.0,0.0994731296101159,0.4406779661016949,0.0534379671150971,0.8854489164086687,0.0048579970104633,,0.1153775994162714,-0.0047139848216375,-54.58021285885994,-2127000000.0,3557000000.0,-19139000000.0,14290000000.0,3661000000.0,2401000000.0,2105000000.0,61.36210762331839,57.15696743192738,48.099305926321406,1.4667032063579062,1.574611181168558,1.8711288711288712,-0.0205629283943415,0.7302127672003622,2020-04-30,0.43,bmo,4037473684.0,2025-04-25,2020-03-31,0.3255813953488371,37.11370967741936,3653520.983870968
2019-12-31,IP,USD,51434,2020-02-19,2020-02-19 14:44:30,2019,Q4,5498000000.0,3666000000.0,1832000000.0,0.3332120771,0,445000000.0,837000000.0,837000000.0,-9000000.0,1222000000.0,4888000000.0,55000000.0,113000000.0,343000000.0,944000000.0,0.1716987996,610000000.0,0.1109494362,-210000000.0,400000000.0,0.0727537286,263000000.0,165000000.0,0.0300109131,0.42,0.42,392857143,395600000,https://www.sec.gov/Archives/edgar/data/51434/000005143420000011/0000051434-20-000011-index.htm,https://www.sec.gov/Archives/edgar/data/51434/000005143420000011/a10-k123119.htm,13.994909085820034,0.4199999998472727,2.362181817322843,1.438181817658843,1.300727272254281,19.645818174674247,11.126181814135936,19.633090901951604,41.9669090756484,17128571434.8,32991571434.800003,25.952380961818186,3.115418594907239,18.45751232198276,30.316055636814163,2.220740494593543,2.220740494593543,6.000649587995635,34.948698553813564,35.55126232198276,58.39216183150443,0.0096330275194328,0.0329858215059367,2.12290937378452,0.4891996056287532,16.804025423728813,0.7678695350451076,5.398230088495575,5.590361445783133,0.0117347789782182,1.2181818181818185,0.0809385230993088,0.0,0.0999970123390397,0.3911637931034483,0.0660240087304474,1.0583090379008746,0.0065478355765733,13.62103920249759,0.0071517817410057,0.0054773602443234,-54.43009088929815,-2007000000.0,4371000000.0,-19114000000.0,14778000000.0,3683000000.0,2386000000.0,2201000000.0,60.12550018188432,59.48445171849427,54.206219312602286,1.4968690443778927,1.5130004127115146,1.6603260869565215,0.0213924542979385,0.923999999664,2020-01-30,1.02,bmo,5144917431.0,2025-04-25,2019-12-31,0.0686274509803922,41.9534375,2842461.421875
2019-09-30,IP,USD,51434,2019-11-01,2019-11-01 14:08:00,2019,Q3,5568000000.0,3772000000.0,1796000000.0,0.3225574713,0,387000000.0,782000000.0,782000000.0,-9000000.0,1151000000.0,4923000000.0,54000000.0,123000000.0,327000000.0,956000000.0,0.1716954023,645000000.0,0.1158405172,-193000000.0,452000000.0,0.0811781609,137000000.0,344000000.0,0.0617816092,0.88,0.87,392600000,395400000,https://www.sec.gov/Archives/edgar/data/51434/000005143419000037/0000051434-19-000037-index.htm,https://www.sec.gov/Archives/edgar/data/51434/000005143419000037/ip-9302019xform10xq.htm,14.182373917473257,0.8762098828323994,2.246561385634233,1.5206316861946,1.7753438614365766,18.991339786041777,10.300560366785533,18.953132959755475,43.49719816607234,15546960000.0,31803960000.0,11.298662790697676,2.792198275862069,17.626938775510204,26.04180904522613,2.0893643327509746,2.0893643327509746,5.711918103448276,33.26774058577406,36.05891156462585,53.272964824120606,0.0221265121927373,0.0383997900554191,2.2784571966133584,0.5008863152918932,17.005230125523013,1.4910128991330092,5.243902439024391,2.5789473684210527,0.0126712875057245,0.5726744186046512,0.0695043103448275,0.0,0.1008035925313164,0.3231292517006803,0.0511853448275862,0.8715596330275229,0.0055675287356321,19.33017729417969,0.0152265239114318,0.0113024050466552,-55.59921039225675,2322000000.0,4044000000.0,-19341000000.0,19004000000.0,3784500000.0,2423500000.0,2209000000.0,59.69288793103448,56.04718981972428,52.34888653234359,1.5077173030056863,1.6057896977437207,1.7192342752962626,0.0462303453836849,0.7259296994396333,2019-10-31,0.99,bmo,5057174311.0,2025-04-25,2019-09-30,0.1010101010101011,39.0775,3616149.125
2019-06-30,IP,USD,51434,2019-07-31,2019-07-31 15:53:31,2019,Q2,5667000000.0,3901000000.0,1766000000.0,0.3116287277,0,402000000.0,786000000.0,786000000.0,-8000000.0,1150000000.0,5051000000.0,55000000.0,122000000.0,321000000.0,929000000.0,0.1639315334,616000000.0,0.1086994883,-282000000.0,334000000.0,0.0589377095,128000000.0,292000000.0,0.0515263808,0.74,0.73,396100000,398200000,https://www.sec.gov/Archives/edgar/data/51434/000005143419000028/0000051434-19-000028-index.htm,https://www.sec.gov/Archives/edgar/data/51434/000005143419000028/ip-6302019xform10xq.htm,14.306993183539513,0.7371875788942186,2.693764200959354,1.848018177227973,1.986872002019692,18.932087856601868,10.244887654632668,18.889169401666244,44.00656399899015,16410423000.0,32932423000.0,14.050019691780822,2.8957866596082584,15.379965323336457,22.418610655737705,2.193320368885325,2.193320368885325,5.81126221986942,35.44932508073197,30.864501405810685,44.98964890710383,0.0177935693674684,0.044605797181462,2.313418871959369,0.5039450315893673,17.78471474703983,1.4632600514953455,5.049180327868853,3.730769230769231,0.0120045656349016,0.6746575342465754,0.0709370037056643,0.0,0.1001834221329373,0.3139643861293346,0.0591141697547203,1.043613707165109,0.0063525674960296,17.700547274507777,0.0126752566795414,0.0094480036238918,-55.647563746528654,2339000000.0,4058000000.0,-19460000000.0,19150000000.0,3889500000.0,2508000000.0,2262500000.0,61.55637903652727,57.63137657011023,51.30992053319661,1.4620743034055728,1.5616493194555645,1.754046762589928,0.0390269981288425,0.845746023731381,2019-07-25,1.01,bmo,4927826086.0,2025-04-25,2019-06-30,0.1386138613861385,42.34333333333333,3285693.587301587
2019-03-31,IP,USD,51434,2019-05-03,2019-05-03 16:41:39,2019,Q1,5643000000.0,3929000000.0,1714000000.0,0.3037391458,0,413000000.0,802000000.0,802000000.0,-10000000.0,1160000000.0,5089000000.0,51000000.0,133000000.0,315000000.0,859000000.0,0.1522239943,421000000.0,0.0746057062,-136000000.0,418000000.0,0.0740740741,106000000.0,424000000.0,0.0751373383,1.06,1.05,400500000,403200000,https://www.sec.gov/Archives/edgar/data/51434/000005143419000015/0000051434-19-000015-index.htm,https://www.sec.gov/Archives/edgar/data/51434/000005143419000015/ip-3312019xform10xq.htm,14.089887640449438,1.058676654182272,1.8302122347066168,1.0986267166042447,1.6004993757802746,18.649188514357053,10.177278401997505,18.591760299625467,43.66541822721598,18070560000.0,34784560000.0,10.654811320754716,3.2022966507177038,24.65287858117326,41.06945454545455,2.426881547139404,2.426881547139404,6.164196349459507,40.49424912689174,47.45506139154161,79.05581818181818,0.0234635783285078,0.0243489963786401,2.330781627719581,0.5077827842471766,19.45750873108265,1.4258025439127802,3.1654135338345863,1.7206572769953052,0.0111230642547879,0.4740566037735849,0.0731880205564416,0.0,0.099274387032594,0.3997271487039563,0.0519227361332624,0.9301587301587302,0.0047846889952153,21.044236937003475,0.0104627833272211,0.0137729413675491,-54.906991260923846,2109000000.0,4076000000.0,-19647000000.0,18988000000.0,3909500000.0,2465500000.0,2271000000.0,62.2488038277512,57.67879867650802,52.70806821074065,1.4458109146810143,1.5603653693407469,1.7075184702303343,0.0569433252753156,0.731585518102372,2019-04-25,0.91,bmo,4626243243.0,2025-04-25,2019-03-31,0.2197802197802198,43.342295081967215,3103220.4426229508
2018-12-31,IP,USD,51434,2019-02-20,2019-02-20 16:24:56,2018,Q4,5951000000.0,3798000000.0,2153000000.0,0.3617879348,30000000,446000000.0,847000000.0,847000000.0,-429000000.0,1226000000.0,5024000000.0,0.0,135000000.0,338000000.0,836000000.0,0.1404805915,927000000.0,0.1557721391,-545000000.0,382000000.0,0.0641908923,143000000.0,316000000.0,0.0531003193,0.79,0.78,400000000,406600000,https://www.sec.gov/Archives/edgar/data/51434/000005143419000007/0000051434-19-000007-index.htm,https://www.sec.gov/Archives/edgar/data/51434/000005143419000007/a10-k123118.htm,14.8775,0.79,2.0525,1.3375,1.4725,18.4575,10.0225,18.405,42.7175,15288000000.0,31651000000.0,12.09493670886076,2.56898000336078,18.621193666260652,28.57570093457944,2.0766096169519157,2.0766096169519157,5.31860191564443,37.86004784688996,38.55176613885506,59.160747663551405,0.0206698063840921,0.0349947671376242,2.302635153490899,0.504884441267572,19.572966507177032,1.4904132935662548,6.866666666666666,2.5817610062893084,0.0131475667189952,0.6360759493670886,0.0749453873298605,0.0050411695513359,0.1004884441267572,0.3483556638246041,0.0480591497227356,0.8461538461538461,0.0055452865064695,18.08725725476364,0.0196464101958832,0.0104628832527647,-53.86625,2302000000.0,4009000000.0,-19197000000.0,18743000000.0,3939500000.0,2461500000.0,2185500000.0,59.22365988909427,57.18009478672986,53.1042654028436,1.5196629213483146,1.5739743058433486,1.6947791164658634,0.0429231187177397,0.715,2019-01-31,1.61,bmo,5734600000.0,2025-04-25,2018-12-31,0.0248447204968942,41.969206349206345,4446764.476190476
2018-09-30,IP,USD,51434,2018-11-02,2018-11-02 12:16:58,2018,Q3,5901000000.0,3887000000.0,2014000000.0,0.3412980851,0,405000000.0,802000000.0,802000000.0,-25000000.0,1181000000.0,5068000000.0,0.0,133000000.0,335000000.0,1143000000.0,0.1936959837,700000000.0,0.118623962,-280000000.0,553000000.0,0.09371293,83000000.0,562000000.0,0.0952380952,1.38,1.37,407246377,411400000,https://www.sec.gov/Archives/edgar/data/51434/000005143418000041/0000051434-18-000041-index.htm,https://www.sec.gov/Archives/edgar/data/51434/000005143418000041/ip-9302018xform10xq.htm,14.489999993296442,1.379999999361566,2.310640568326038,1.434021351649741,2.5193594294394424,17.331032020451836,9.05348754029554,17.286832732216055,43.42334517564044,19270898559.64,35795898559.64,8.57246377208185,3.2657004846026094,20.479169563910737,32.9981139719863,2.737343545403409,2.737343545403409,6.066073302769022,31.31749655261592,38.040274771137085,61.29434684869863,0.029163144534268,0.0303047622918373,2.493039772727273,0.5192142709226991,14.457567804024498,1.5898327177927438,5.2631578947368425,1.6743772241992882,0.0101188846693634,0.3469750889679715,0.0686324351804778,0.0,0.0997248764902523,0.3793836344314559,0.0604982206405693,1.0656716417910448,0.0059311981020166,23.16799853433583,0.019994512144539,0.0184674027339642,-53.23988431700646,2715000000.0,3687000000.0,-19427000000.0,19174000000.0,3935000000.0,2494000000.0,2090000000.0,60.442297915607526,58.11679958837149,49.318240288139954,1.4890234670704012,1.5486055776892431,1.8248826291079807,0.0798295454545454,0.8766192166762972,2018-10-25,1.48,bmo,5598384615.0,2025-04-25,2018-09-30,0.0540540540540541,49.57523809523809,2385557.5555555555
2018-06-30,IP,USD,51434,2018-08-03,2018-08-03 12:59:14,2018,Q2,5833000000.0,3922000000.0,1911000000.0,0.3276187211,0,451000000.0,854000000.0,854000000.0,-36000000.0,1226000000.0,5148000000.0,50000000.0,133000000.0,330000000.0,979000000.0,0.1678381622,685000000.0,0.117435282,-195000000.0,490000000.0,0.0840048003,130000000.0,405000000.0,0.069432539,0.98,0.97,413265306,417700000,https://www.sec.gov/Archives/edgar/data/51434/000005143418000034/0000051434-18-000034-index.htm,https://www.sec.gov/Archives/edgar/data/51434/000005143418000034/ip-6302018xform10xq.htm,14.11441975726847,0.9800000002903704,1.9382222227965105,0.8735308644563549,2.596395062497697,16.609185190106427,8.435259261758596,16.560790128363692,43.35471606222856,20378112238.86,37089112238.86,12.579081628925929,3.493590303250472,25.44083924951311,56.44906437357341,2.9775149384658093,2.9775149384658093,6.358496869339962,37.88469074449439,46.30351090993758,102.7399230993352,0.0198742648608876,0.0177150854685936,2.598480420806546,0.5262161202509172,17.069458631256385,1.5747076656561283,5.150375939849624,1.968058968058968,0.0096181627474913,0.4839506172839506,0.0773187039259386,0.0,0.0999526571191857,0.5493133583021224,0.0754328818789645,1.3333333333333333,0.0061717812446425,19.10930198721598,0.0168530341612232,0.0133144848444999,-53.00166668237087,2654000000.0,3486000000.0,-19660000000.0,19225000000.0,3855500000.0,2506000000.0,2053500000.0,60.28287330704612,56.86384497705253,47.04232534421214,1.492961351420527,1.58272800645682,1.913170731707317,0.0591759205143191,1.0646913583401554,2018-07-26,1.09,bmo,5342831932.0,2025-04-25,2018-06-30,0.0917431192660549,51.08421875,3118357.0
2018-03-31,IP,USD,51434,2018-05-08,2018-05-07 18:22:13,2018,Q1,5621000000.0,3948000000.0,1673000000.0,0.297633873,0,421000000.0,787000000.0,787000000.0,-4000000.0,1156000000.0,5104000000.0,45000000.0,135000000.0,325000000.0,838000000.0,0.1490837929,382000000.0,0.0679594378,-161000000.0,356000000.0,0.0633339263,89000000.0,729000000.0,0.1296922256,1.76,1.74,414204545,418200000,https://www.sec.gov/Archives/edgar/data/51434/000005143418000015/0000051434-18-000015-index.htm,https://www.sec.gov/Archives/edgar/data/51434/000005143418000015/ip-3312018xform10xq.htm,13.570589864000649,1.7600000019314128,1.6006584379705442,0.4200823049877446,2.754677643626533,17.539643366298648,9.297338830504623,17.491358043886265,42.91116602788605,20954607931.550003,37452607931.55,7.186079537568588,3.727914593764455,31.60574348650076,120.42878121580462,2.892285428785369,2.892285428785369,6.66297952882939,44.6928495603222,56.48960472330317,215.2448731698276,0.0347894841259421,0.0083036628777968,2.434644582470669,0.5183367616808698,19.6873508353222,1.625979843225084,2.829629629629629,0.9082191780821918,0.0094012734880803,0.270233196159122,0.0748977050346913,0.0,0.1003232441962973,0.7375565610859729,0.0869951965842376,1.504615384615385,0.0055150329122931,26.318392414773637,0.0095018572565667,0.0238110791742879,-52.49218112756344,2795000000.0,3851000000.0,-19505000000.0,19544000000.0,3545500000.0,2496000000.0,2185000000.0,60.90731186621598,57.765957446808514,46.892097264437695,1.4776550998948474,1.558011049723757,1.919299951385513,0.1006211180124223,1.1805761329827995,2018-04-26,0.89,bmo,5322010638.0,2025-04-25,2018-03-31,0.0561797752808988,55.55196721311476,3046327.9836065574
2017-12-31,IP,USD,51434,2018-02-22,2018-02-22 16:39:45,2017,Q4,5711000000.0,4086000000.0,1625000000.0,0.2845386097,0,447000000.0,820000000.0,820000000.0,305000000.0,1204000000.0,5290000000.0,46000000.0,141000000.0,348000000.0,778000000.0,0.1362283313,354000000.0,0.0619856417,-608000000.0,197000000.0,0.0344948345,-1207000000.0,1460000000.0,0.255646997,3.54,3.49,412429379,417800000,https://www.sec.gov/Archives/edgar/data/51434/000005143418000008/0000051434-18-000008-index.htm,https://www.sec.gov/Archives/edgar/data/51434/000005143418000008/ip10-k123117.htm,13.847219162338094,3.5399999959750685,2.88049314740985,1.774849313050514,2.468301367056589,15.859684913474604,7.589178073562989,15.8136164203763,42.64730132137362,22625875731.94,39055875731.94,3.8742937897157534,3.961806291707232,19.04534994271044,30.90966630046448,3.4691621790769704,3.4691621790769704,6.83871051163369,50.20035441123394,32.87531627267677,53.35502149172132,0.0645278890990716,0.0323523389181646,2.6752529898804047,0.5146447217060437,21.11825192802057,1.6223049784398276,2.5106382978723403,0.8136986301369863,0.0086626481256287,0.1342465753424657,0.0782700052530204,0.0,0.100610565436687,0.3838383838383838,0.0798459113990544,1.3103448275862069,0.0054281211696725,35.490203527887466,0.0866626771732625,0.0478814115177751,-55.09367459489349,3175000000.0,3130000000.0,-19085000000.0,19851000000.0,3315000000.0,2433000000.0,2389000000.0,51.80003502013658,54.1409691629956,50.947136563876654,1.737450562823243,1.662327095199349,1.766536964980545,0.2238577123581723,1.1056438343593364,2018-02-01,1.19,bmo,5351251968.0,2025-04-25,2017-12-31,0.0672268907563025,53.67793650793651,1887412.174603175
2017-09-30,IP,USD,51434,2017-11-03,2017-11-03 16:20:51,2017,Q3,5913000000.0,4024000000.0,1889000000.0,0.3194655843,0,431000000.0,817000000.0,817000000.0,417000000.0,1234000000.0,5258000000.0,46000000.0,152000000.0,373000000.0,1074000000.0,0.1816336885,655000000.0,0.1107728733,-152000000.0,503000000.0,0.085066802,153000000.0,395000000.0,0.0668019618,0.96,0.95,411458333,417400000,https://www.sec.gov/Archives/edgar/data/51434/000005143417000048/0000051434-17-000048-index.htm,https://www.sec.gov/Archives/edgar/data/51434/000005143417000048/ip-9302017xform10xq.htm,14.37083545468017,0.9600000007777216,-1.72313924190229,-2.3817721538282712,4.036860762764039,11.9890633008519,3.677164559940994,11.942886085624616,45.623088644555416,22136458315.4,39758458315.4,14.010416655316456,3.7436932716725857,-31.222085071086035,-22.588222770816323,4.504773771957672,4.504773771957672,6.723906361474715,37.01904871080074,-56.0768100358251,-40.56985542387754,0.0178438661854595,-0.0442708578778489,3.7891737891737898,0.5506757755892704,16.407821229050278,1.481002259190799,4.309210526315789,-1.7949367088607595,0.0086282998517032,0.4835443037974684,0.0728902418400135,0.0,0.1011445302102741,-0.382228490832158,0.045831219347201,0.7265415549597856,0.0062573989514628,16.06133056936682,0.0152419706894077,0.0129964136478794,-57.06349371711473,2342000000.0,1513000000.0,-21669000000.0,19827000000.0,3313000000.0,2385000000.0,2413000000.0,50.882800608828006,53.856858846918485,55.13170974155069,1.7687705653604546,1.67109634551495,1.6324543610547668,0.0803825803825803,0.6586329119259811,2017-10-25,1.06,bmo,5414833333.0,2025-04-25,2017-09-30,0.0188679245283019,52.57698412698412,2048036.4126984128
2017-06-30,IP,USD,51434,2017-08-04,2017-08-04 14:47:12,2017,Q2,5772000000.0,4105000000.0,1667000000.0,0.2888080388,0,422000000.0,812000000.0,812000000.0,400000000.0,1212000000.0,5317000000.0,49000000.0,137000000.0,357000000.0,514000000.0,0.0890505891,455000000.0,0.0788288288,-484000000.0,-29000000.0,-0.005024255,-89000000.0,80000000.0,0.0138600139,0.19,0.19,420000000,421052632,https://www.sec.gov/Archives/edgar/data/51434/000005143417000040/0000051434-17-000040-index.htm,https://www.sec.gov/Archives/edgar/data/51434/000005143417000040/ip-6302017xform10xq.htm,13.742857142857142,0.1904761904761904,1.5357142857142858,0.8452380952380952,4.271428571428571,10.86904761904762,2.7523809523809524,10.821428571428571,42.0,22512000000.0,38974000000.0,70.35000000000001,3.9002079002079,34.902325581395345,63.414084507042254,4.953135313531353,4.953135313531353,6.752252252252252,75.8249027237354,60.42480620155039,109.78591549295774,0.0035536602700781,0.0157693674484719,3.851045104510451,0.5166632228355521,32.02723735408561,1.4468212714914035,3.321167883211679,8.0625,0.0084843638948116,2.3875,0.0731115731115731,0.0,0.100628745166337,0.4496124031007752,0.0502425502425502,0.8123249299719888,0.0064102564102564,6.8101065351731584,-0.0316973403260994,0.0026257056583956,-56.84583333333333,2235000000.0,1156000000.0,-22075000000.0,19684000000.0,3180500000.0,2371000000.0,2377500000.0,51.190228690228686,51.785627283800245,51.76370280146163,1.7581480353335364,1.7379339542760373,1.7386700550614147,0.0176017601760176,0.6904761904761905,2017-07-27,0.64,bmo,5383000000.0,2025-04-25,2017-06-30,0.015625,50.53539682539682,2525920.3492063493
2017-03-31,IP,USD,51434,2017-05-05,2017-05-05 12:35:43,2017,Q1,5511000000.0,3940000000.0,1571000000.0,0.2850662312,0,422000000.0,801000000.0,801000000.0,390000000.0,1191000000.0,5131000000.0,45000000.0,142000000.0,345000000.0,776000000.0,0.1408092905,238000000.0,0.0431863546,-134000000.0,244000000.0,0.0442750862,83000000.0,209000000.0,0.0379241517,0.51,0.5,409803922,416000000,https://www.sec.gov/Archives/edgar/data/51434/000005143417000013/0000051434-17-000013-index.htm,https://www.sec.gov/Archives/edgar/data/51434/000005143417000013/ip-3312017xform10xq.htm,13.447894722686426,0.5099999994631579,1.5446411466994208,0.6320095687127172,4.209330139109796,11.21023922264951,2.9087081309094938,11.163875586334676,43.20358847126895,19703372569.76,36268372569.76,23.568627475789476,3.5752808146906183,31.126970884297,76.07479756664092,4.306748102679782,4.306748102679782,6.581087383371438,46.73759351773195,57.2960072192101,140.03232652416986,0.0106073211202819,0.0131449577519283,3.838907103825137,0.5274015795321462,21.346649484536083,1.5751113194281696,1.676056338028169,3.028708133971292,0.0096937719328892,0.9138755980861244,0.076574124478316,0.0,0.1021590943214918,0.5908372827804107,0.0678642714570858,1.0840579710144929,0.0076211213935764,11.318368796710176,0.0053255895146011,0.0069902003411485,-57.287153049745584,2454000000.0,1192000000.0,-21986000000.0,19905000000.0,3039500000.0,2344500000.0,2416000000.0,50.26673924877517,54.36548223350254,54.68527918781726,1.790448343079922,1.6554621848739497,1.64578111946533,0.0456830601092896,0.9126315779867036,2017-04-27,0.56,bmo,4789866666.0,2025-04-25,2017-03-31,0.0714285714285712,50.097903225806455,3292681.596774193
2016-12-31,IP,USD,51434,2017-02-22,2017-02-22 16:55:20,2016,Q4,5381000000.0,3807000000.0,1574000000.0,0.2925106857,0,433000000.0,782000000.0,782000000.0,369000000.0,1151000000.0,4958000000.0,46000000.0,136000000.0,328000000.0,790000000.0,0.1468128601,423000000.0,0.0786099238,-143000000.0,280000000.0,0.0520349377,108000000.0,218000000.0,0.0405129158,0.53,0.52,411320755,415600000,https://www.sec.gov/Archives/edgar/data/51434/000005143417000007/0000051434-17-000007-index.htm,https://www.sec.gov/Archives/edgar/data/51434/000005143417000007/ip10-k123116.htm,13.082247697420472,0.5299999996353211,2.217247704896389,1.1353669716958483,2.5114220166205814,10.597568800047544,2.419036695583232,10.553807332187748,43.11477061253571,20664754731.2,37229754731.2,23.698113223853213,3.840318664040141,22.658722292982457,44.25001013104925,4.760367364938955,4.760367364938955,6.918742748782754,47.126271811645566,40.82209948596491,79.72110220813704,0.0105493630500661,0.022598864882481,4.053904630269523,0.5277552856500225,20.968354430379748,1.7114440078585462,3.110294117647059,4.164383561643835,0.0091943989885897,0.8715596330275229,0.0804683144396952,0.0,0.1008846903583745,0.487938596491228,0.0826983832001486,1.3567073170731707,0.0044601375209068,11.218473708564012,0.0088046508926151,0.0072712718054768,-59.52349766546549,2897000000.0,995000000.0,-22017000000.0,20251000000.0,2904000000.0,2170000000.0,2330000000.0,50.19327262590597,54.58628841607565,57.635933806146575,1.7930689770076642,1.6487656994369857,1.5615258408531585,0.0502188435844275,1.081880733200541,2017-02-02,0.71,bmo,3692972602.0,2025-04-25,2016-12-31,0.028169014084507,46.23238095238095,3001680.698412698
2016-09-30,IP,USD,51434,2016-11-03,2016-11-03 11:29:17,2016,Q3,5266000000.0,3622000000.0,1644000000.0,0.3121914166,0,380000000.0,733000000.0,733000000.0,355000000.0,1088000000.0,4710000000.0,49000000.0,132000000.0,314000000.0,870000000.0,0.1652107862,556000000.0,0.1055829852,-183000000.0,373000000.0,0.0708317509,107000000.0,312000000.0,0.0592480061,0.76,0.75,410526316,415300000,https://www.sec.gov/Archives/edgar/data/51434/000005143416000069/0000051434-16-000069-index.htm,https://www.sec.gov/Archives/edgar/data/51434/000005143416000069/ip-9302016xform10xq.htm,12.827435890857725,0.7599999996102564,0.8306410252150559,0.1826923075986193,11.356153840330178,10.301410251127482,2.11192307584004,10.252692302434516,42.17756408093458,18650210535.88,33271210535.88,14.944078955032053,3.5416275229548044,54.69269951870968,248.66947381173333,4.431031251100024,4.431031251100024,6.318118217979492,38.24277073089655,97.56953236328448,443.6161404784,0.0167290336696072,0.0040214023244248,4.082442385364694,0.5270697217876752,16.80574712643678,2.2883366280711663,4.212121212121212,1.103559870550162,0.0097049842762785,0.5801282051282052,0.0721610330421572,0.0,0.1031256709916873,0.7800586510263929,0.05051272312951,0.8471337579617835,0.0062666160273452,13.240885101900176,0.0136077981140682,0.0106706795718047,-49.92067305132273,4562000000.0,867000000.0,-20269000000.0,20129000000.0,2822000000.0,2023500000.0,2193500000.0,47.97379415115837,50.46659304251794,55.21258972943125,1.8760242251514072,1.7833579517479077,1.63006300630063,0.0741268709907341,0.6479487176164366,2016-10-27,0.93,bmo,5381736263.0,2025-04-25,2016-09-30,-0.021505376344086,44.08765625,2807403.484375
2016-06-30,IP,USD,51434,2016-08-05,2016-08-04 17:46:39,2016,Q2,5322000000.0,4112000000.0,1210000000.0,0.227358136,0,386000000.0,725000000.0,725000000.0,342000000.0,1067000000.0,5179000000.0,43000000.0,129000000.0,301000000.0,444000000.0,0.083427283,143000000.0,0.0268695979,-157000000.0,-14000000.0,-0.00263059,-9000000.0,40000000.0,0.0075159714,0.1,0.0965,400000000,414700000,https://www.sec.gov/Archives/edgar/data/51434/000005143416000063/0000051434-16-000063-index.htm,https://www.sec.gov/Archives/edgar/data/51434/000005143416000063/ip-6302016xform10xq.htm,13.305,0.1,1.5125,0.6925,5.3125,10.115,1.6975,10.06,39.64,16052000000.000002,30525000000.0,100.325,3.016159338594514,26.53223140495868,57.94945848375452,3.9890656063618297,3.9890656063618297,5.735625704622322,68.75,50.45454545454545,110.1985559566787,0.0024919013207077,0.0172564166459008,3.908300198807157,0.5009875127420998,32.596846846846844,1.6832435080842725,1.1085271317829457,15.125,0.0112758534762023,4.525,0.0725291243893273,0.0,0.107256625891947,0.5421487603305785,0.0616309658023299,1.089700996677741,0.0077038707252912,4.757625458146112,0.0018281582392407,0.0014272970561998,-55.026875,2789000000.0,679000000.0,-20475000000.0,18389000000.0,2739000000.0,2040500000.0,2191000000.0,47.97632468996618,44.12451361867704,47.38570038910506,1.87592527317589,2.0396825396825395,1.8993071593533488,0.0099403578528827,0.82,2016-07-28,0.84,bmo,4859217391.0,2025-04-25,2016-06-30,0.0952380952380953,39.74234375,3236637.671875
2016-03-31,IP,USD,51434,2016-05-05,2016-05-05 11:43:29,2016,Q1,5110000000.0,3611000000.0,1499000000.0,0.2933463796,0,376000000.0,696000000.0,696000000.0,325000000.0,1021000000.0,4632000000.0,37000000.0,123000000.0,284000000.0,762000000.0,0.1491193738,355000000.0,0.0694716243,-161000000.0,317000000.0,0.062035225,41000000.0,334000000.0,0.0653620352,0.81,0.81,412345679,414000000,https://www.sec.gov/Archives/edgar/data/51434/000005143416000048/0000051434-16-000048-index.htm,https://www.sec.gov/Archives/edgar/data/51434/000005143416000048/ip-3312016xform10xq.htm,12.392514970430913,0.8100000000242515,1.5035928144162751,0.754221556908809,4.932754491165651,10.331137724860216,2.197185628808299,10.268083832642755,38.26158682749286,16023753085.94,30522753085.94,11.99382716013473,3.1357638132954992,25.84476304183871,51.52332181974277,3.784542533287671,3.784542533287671,5.973141504097848,40.05610641199476,49.23024691280646,98.14390059787782,0.0208440555847723,0.0194086864876173,3.697213037316958,0.504268273040621,19.02755905511811,1.657393850658858,2.886178861788618,1.8562874251497008,0.0112957307210891,0.5419161676646707,0.0735812133072407,0.0,0.1080436813452308,0.4983870967741935,0.0604696673189823,1.0880281690140845,0.0050880626223091,13.679759787931845,0.0112410959231007,0.0120625519159232,-52.52813622911761,2694000000.0,906000000.0,-19991000000.0,18085000000.0,2658000000.0,2071500000.0,2222500000.0,46.5146771037182,51.46773746884519,55.25616172805317,1.9348731541082924,1.7486682808716707,1.6287776274244474,0.0788852149267831,0.7493712575074662,2016-04-27,0.69,bmo,4407374999.0,2025-04-25,2016-03-31,0.1594202898550726,34.82098360655738,5132306.590163934
2015-12-31,IP,USD,51434,2016-02-25,2016-02-25 11:26:51,2015,Q4,5443000000.0,3765000000.0,1678000000.0,0.3082858718,27000000,419000000.0,767000000.0,767000000.0,355000000.0,1122000000.0,4887000000.0,30000000.0,133000000.0,314000000.0,886000000.0,0.1627778798,556000000.0,0.1021495499,-291000000.0,265000000.0,0.0486863862,120000000.0,178000000.0,0.0327025537,0.43,0.43,413953488,416300000,https://www.sec.gov/Archives/edgar/data/51434/000005143416000042/0000051434-16-000042-index.htm,https://www.sec.gov/Archives/edgar/data/51434/000005143416000042/ip10-k123115.htm,13.148820236538263,0.4300000003865168,2.391573035857594,1.210280899964297,4.3193258465791695,9.532471918680873,1.476011237281808,9.47207866019962,38.01393261843949,14778139521.6,29331139521.6,20.755813934831465,2.71507248238104,14.927413658181818,29.497284474251497,3.7689720789594494,3.7689720789594494,5.388781833841631,33.105123613544016,29.627413658181812,58.54518866586826,0.0120448179379976,0.033901425769308,3.9793420045906656,0.5095023510971787,16.4255079006772,1.650611620795107,4.180451127819549,5.561797752808989,0.01231548800402,1.0224719101123596,0.0769796068344663,0.0049604997244166,0.1089015151515151,0.4939393939393939,0.0898401616755465,1.5573248407643312,0.0051442219364321,9.57300167762476,0.0112153069046058,0.0065227747444025,-52.58984555288975,2553000000.0,611000000.0,-20201000000.0,17868000000.0,2753500000.0,2087000000.0,2284000000.0,44.23112254271542,49.67330677290836,53.25896414342629,2.034766355140187,1.8118383060635224,1.6898563734290843,0.0453965825044631,1.1812921358932964,2016-02-03,0.83,bmo,3537310344.0,2025-04-25,2015-12-31,0.0481927710843373,38.4709375,3412013.265625
2015-09-30,IP,USD,51434,2015-11-05,2015-11-05 14:44:31,2015,Q3,5691000000.0,3891000000.0,1800000000.0,0.3162888772,0,417000000.0,751000000.0,751000000.0,368000000.0,1119000000.0,5010000000.0,17000000.0,141000000.0,329000000.0,1010000000.0,0.1774732033,681000000.0,0.1196626252,-352000000.0,329000000.0,0.0578105781,106000000.0,220000000.0,0.0386575294,0.53,0.53,415094340,417500000,https://www.sec.gov/Archives/edgar/data/51434/000005143415000036/0000051434-15-000036-index.htm,https://www.sec.gov/Archives/edgar/data/51434/000005143415000036/ip-9302015xform10xq.htm,13.710136351172602,0.5299999995181818,2.016409089075992,1.2334545443332232,14.331681805153016,10.768636353846697,2.404272725087025,10.477136354111694,38.68277269210657,14852075485.2,29664075485.2,16.877358505909093,2.609747932735899,17.744415155555554,29.00795993203125,3.4150552966659005,3.4150552966659005,5.21245395979617,29.37037176752475,35.440950400477895,57.93764743203125,0.0148127445365618,0.0344732963759984,3.659691883191538,0.4976704918545386,14.665346534653466,1.335917042002723,4.829787234042553,3.9857142857142858,0.0111768890594057,0.7545454545454545,0.0732735898787559,0.0,0.108564460148213,0.3882915173237753,0.0571077139342822,0.9878419452887538,0.0047443331576172,11.17764961470882,0.0199072612090177,0.0077168613420323,-44.0092726872643,3207000000.0,998000000.0,-14757000000.0,18511000000.0,2986000000.0,2420000000.0,2382000000.0,44.78650500790722,48.4811102544333,54.12490362374711,2.0095338983050848,1.8563931297709924,1.662820512820513,0.0505863416877443,0.7829545447427686,2015-10-28,0.92,bmo,5338979381.0,2025-04-25,2015-09-30,0.0543478260869564,42.3684375,3122256.0625
2015-06-30,IP,USD,51434,2015-08-06,2015-08-06 10:53:47,2015,Q2,5714000000.0,3968000000.0,1746000000.0,0.3055652783,0,403000000.0,770000000.0,770000000.0,372000000.0,1142000000.0,5110000000.0,20000000.0,144000000.0,328000000.0,932000000.0,0.1631081554,604000000.0,0.1057052853,-338000000.0,266000000.0,0.0465523276,110000000.0,227000000.0,0.0397269863,0.54,0.54,420370370,421900000,https://www.sec.gov/Archives/edgar/data/51434/000005143415000029/0000051434-15-000029-index.htm,https://www.sec.gov/Archives/edgar/data/51434/000005143415000029/ip-6302015xform10xq.htm,13.592775342372487,0.5400000004757709,0.2735682821793553,-0.5685462560075297,6.629867847250985,11.960881067806945,3.192422910301694,11.63735683844701,28.841233505586988,18941888872.2,29331888872.2,20.86111109273128,3.3149963024501226,164.71207714956523,-79.25476515564854,3.872013260874898,3.872013260874898,5.133337219495975,31.471983768454937,255.05990323652173,-122.72756850292888,0.0119840213154853,-0.0126175378607973,2.448896156991006,0.4251543757541344,11.148068669527897,1.51391065830721,4.194444444444445,0.5275229357798165,0.008869231634368,0.7400881057268722,0.0705285264263213,0.0,0.1308112712044857,3.0782608695652174,0.0619530976548827,1.079268292682927,0.0045502275113755,11.890916100608369,0.0147698604807478,0.0092683325167401,-39.95524232595176,2623000000.0,1342000000.0,-15423000000.0,18870000000.0,3107000000.0,2711000000.0,2430500000.0,49.45747287364368,62.237903225806456,54.97983870967742,1.819745222929936,1.446064139941691,1.636963696369637,0.0464022894521668,0.8421145381868851,2015-07-29,0.92,bmo,5419463917.0,2025-04-25,2015-06-30,0.0543478260869564,49.581428571428575,3338267.3492063493
2015-03-31,IP,USD,51434,2015-05-07,2015-05-07 11:56:26,2015,Q1,5517000000.0,3844000000.0,1673000000.0,0.3032445169,0,406000000.0,763000000.0,763000000.0,367000000.0,1130000000.0,4974000000.0,22000000.0,137000000.0,323000000.0,866000000.0,0.1569693674,543000000.0,0.098423056,-137000000.0,406000000.0,0.0735907196,130000000.0,313000000.0,0.0567337321,0.74,0.74,422972973,423700000,https://www.sec.gov/Archives/edgar/data/51434/000005143415000016/0000051434-15-000016-index.htm,https://www.sec.gov/Archives/edgar/data/51434/000005143415000016/ip-3312015xform10xq.htm,13.043386580636206,0.7399999999527157,1.5083706069323726,0.7541853034661863,6.643450478808726,11.828178912982224,3.134952076477,11.485367411406688,26.74875399190104,22223000001.42,31824000001.42,17.750000001134183,4.028094979412724,34.83228840347962,69.66457680695925,4.574516262128448,4.574516262128448,5.768352365673373,36.748267900023095,49.88087774517241,99.76175549034484,0.0140845070413535,0.014354497591667,2.300741045697818,0.3996495870132656,11.08660508083141,1.603852596314908,3.9635036496350367,2.0514469453376205,0.0076047338338298,0.5399361022364217,0.0735907195939822,0.0,0.1314763828798226,0.5,0.057821279680986,0.9876160990712074,0.0059815116911364,13.828643006011186,0.0154740308080531,0.0128859613009468,-39.31693290483598,2884000000.0,1326000000.0,-15304000000.0,19049000000.0,3078500000.0,2671000000.0,2430500000.0,50.1468189233279,62.700312174817896,57.05775234131114,1.7947299934938192,1.4353995519044065,1.5773491998358635,0.0644298065047344,0.7541853034661863,2015-04-29,0.8,bmo,5254285714.0,2025-04-25,2015-03-31,0.0499999999999999,51.87295081967213,2939448.016393442
2014-12-31,IP,USD,51434,2015-02-26,2015-02-26 14:50:59,2014,Q4,5943000000.0,4105000000.0,1838000000.0,0.3092714117,0,462000000.0,846000000.0,846000000.0,389000000.0,1235000000.0,5340000000.0,23000000.0,142000000.0,346000000.0,818000000.0,0.1376409221,603000000.0,0.1014639071,-296000000.0,307000000.0,0.0516574121,34000000.0,134000000.0,0.0225475349,0.32,0.32,418750000,424900000,https://www.sec.gov/Archives/edgar/data/51434/000005143415000009/0000051434-15-000009-index.htm,https://www.sec.gov/Archives/edgar/data/51434/000005143415000009/ip10-k123114.htm,14.192238805970147,0.32,2.7319402985074626,1.7647761194029852,8.026268656716418,12.568358208955225,3.5582089552238805,12.214925373134328,27.617910447761197,21243187500.0,30785187500.0,39.6328125,3.5744888944977284,18.569219842657343,28.745855886332883,4.153115835777126,4.153115835777126,5.180075298670705,37.63470354523228,26.910128933566437,41.65789918809202,0.006307904592943,0.034787623090932,2.2332355816226785,0.3982359503555989,11.665036674816626,1.6213078019963332,4.246478873239437,8.9375,0.0079554916134878,1.2611940298507462,0.07773851590106,0.0,0.1315367452238181,0.354020979020979,0.0681474003028773,1.170520231213873,0.0062258118795221,9.378030853359736,0.02187128282589,0.0053791497731925,-39.488358208955226,3050000000.0,1490000000.0,-15462000000.0,19551000000.0,3188000000.0,2641500000.0,2458500000.0,46.68854114083796,58.4068209500609,53.14494518879415,1.9276678559844307,1.5409159159159158,1.6934818481848184,0.0261974584555229,0.9671641791044776,2015-01-28,0.6,bmo,5943000000.0,2025-04-25,2014-12-31,-0.1166666666666665,48.94859375,3385091.46875
2014-09-30,IP,USD,51434,2014-11-06,2014-11-06 11:46:35,2014,Q3,6051000000.0,4055000000.0,1996000000.0,0.3298628326,0,467000000.0,861000000.0,861000000.0,401000000.0,1262000000.0,5317000000.0,14000000.0,158000000.0,357000000.0,1082000000.0,0.1788134193,734000000.0,0.1213022641,-182000000.0,552000000.0,0.091224591,147000000.0,355000000.0,0.0586679888,0.84,0.83,422619048,428600000,https://www.sec.gov/Archives/edgar/data/51434/000005143414000034/0000051434-14-000034-index.htm,https://www.sec.gov/Archives/edgar/data/51434/000005143414000034/ip-9302014xform10xq.htm,14.317859142023336,0.8399999992428169,2.2076619698409807,1.433915491665203,7.011042247201314,16.508957731597558,7.207436613221466,16.127999985462086,28.20270419992996,19102380969.6,29145380969.6,13.452380964507045,3.156896541001488,20.47414894919614,31.52208080792079,2.8025793676056336,2.8025793676056336,4.816622206180797,26.936581302772645,31.23835044973205,48.09468806864687,0.0185840707797083,0.0317237940633894,1.7254988262910798,0.3999931979729959,9.2818853974122,1.671252566735113,4.6455696202531644,2.7122093023255816,0.007800074777962,0.4197183098591549,0.0771773260618079,0.0,0.1336938407645478,0.3504823151125402,0.054040654437283,0.9159663865546218,0.0047925962650801,17.459072124556528,0.0213221130259196,0.0139368718592964,-37.25991545937134,3269000000.0,3046000000.0,-14287000000.0,20097000000.0,3631000000.0,2768500000.0,2645500000.0,48.97868120971741,58.12823674475956,55.33168927250309,1.83753416337686,1.5483008781977854,1.6265543521861212,0.0520833333333333,0.7737464781757778,2014-11-04,0.9,bmo,5732526315.0,2025-04-25,2014-09-30,0.0555555555555554,46.0353125,4040800.65625
2014-06-30,IP,USD,51434,2014-08-06,2014-08-06 16:31:18,2014,Q2,7213000000.0,5228000000.0,1985000000.0,0.27519756,0,527000000.0,939000000.0,939000000.0,409000000.0,1348000000.0,6576000000.0,12000000.0,165000000.0,359000000.0,687000000.0,0.0952446971,637000000.0,0.0883127686,-471000000.0,148000000.0,0.0205185082,28000000.0,161000000.0,0.0223208096,0.37,0.37,435000000,435135135,https://www.sec.gov/Archives/edgar/data/51434/000005143414000027/0000051434-14-000027-index.htm,https://www.sec.gov/Archives/edgar/data/51434/000005143414000027/ip-6302014xform10xq.htm,16.581609195402297,0.3701149425287356,1.2160919540229884,0.3954022988505747,5.0183908045977015,17.680459770114943,8.46896551724138,17.291954022988506,27.95632183908046,20492850000.0,31195850000.0,31.821195652173916,2.841099403854152,38.738846880907374,119.14447674418604,2.7243884605158204,2.7243884605158204,4.324948010536532,45.40880640465793,58.97136105860113,181.37122093023257,0.0078563986951546,0.0083931712768111,1.5947886200478596,0.3894552301798584,15.579330422125182,1.622659002410532,3.860606060606061,3.2857142857142856,0.0072708286060748,0.9254658385093169,0.0730625259947317,0.0,0.1300889552626452,0.6748582230623819,0.0494939692222376,0.9944289693593314,0.0054069042007486,12.000009908834592,0.0195928260113989,0.0060085836909871,-38.05114942528736,3358000000.0,3684000000.0,-14360000000.0,20569000000.0,3951000000.0,2936000000.0,2803500000.0,49.52308332178012,50.23335883703137,48.167559296097934,1.817334341143865,1.7916381082933517,1.868477483917084,0.0214038819462908,0.8206896551724138,2014-07-29,0.82,bmo,5153863157.0,2025-04-25,2014-06-30,0.1585365853658536,43.833015873015874,3213937.73015873
2014-03-31,IP,USD,51434,2014-05-07,2014-05-07 17:20:27,2014,Q1,7014000000.0,5175000000.0,1839000000.0,0.2621899059,0,528000000.0,928000000.0,928000000.0,399000000.0,1327000000.0,6502000000.0,21000000.0,142000000.0,352000000.0,864000000.0,0.123182207,512000000.0,0.0729968634,-675000000.0,-147000000.0,-0.0209580838,-83000000.0,-95000000.0,-0.0135443399,-0.22,-0.21,435600435,452380952,https://www.sec.gov/Archives/edgar/data/51434/000005143414000006/0000051434-14-000006-index.htm,https://www.sec.gov/Archives/edgar/data/51434/000005143414000006/ip-3312014xform10xq.htm,16.101912294922293,-0.2180897730278896,1.0812661378540631,0.4453622733411641,5.387965234699547,17.782351388147717,8.608806830048275,17.385198433054825,26.66434435493619,18656766631.05,28788766631.05,-49.09675429223684,2.6599325108426,39.61096949267516,96.16890016005154,2.4635899420375016,2.4635899420375016,4.1044720032862845,33.320331748900465,61.12264677505308,148.39570428376288,-0.0050919862953044,0.010398372013569,1.514987455433778,0.3737742303306727,11.726851851851851,1.736873508353222,3.6056338028169015,-4.855670103092783,0.0082007779282271,-1.6105263157894736,0.0752780153977758,0.0,0.1301840690666232,0.5881104033970276,0.0394924436840604,0.7869318181818182,0.0018534359851725,,0.0084989920934059,-0.0035581856998389,-37.29966431277784,3705000000.0,3750000000.0,-14216000000.0,20895000000.0,3844500000.0,2927000000.0,2817000000.0,50.46621043627032,51.37391304347826,48.85217391304348,1.7833714721586575,1.7518618821936358,1.8422926308294767,-0.0125445662221048,0.6359038645128993,2014-04-30,0.57,bmo,5160983606.0,2025-04-25,2014-03-31,0.0701754385964913,44.42852459016393,4043379.62295082
2013-12-31,IP,USD,51434,2014-02-27,2014-02-27 14:31:09,2013,Q4,7249000000.0,5276000000.0,1973000000.0,0.2721754725,0,551000000.0,974000000.0,974000000.0,413000000.0,1387000000.0,6663000000.0,16000000.0,133000000.0,371000000.0,957000000.0,0.1320182094,586000000.0,0.0808387364,-741000000.0,-155000000.0,-0.0213822596,-589000000.0,436000000.0,0.0601462271,0.99,0.98,440404040,445300000,https://www.sec.gov/Archives/edgar/data/51434/000005143414000003/0000051434-14-000003-index.htm,https://www.sec.gov/Archives/edgar/data/51434/000005143414000003/ip10-k123113.htm,16.45988533620173,0.9900000009082568,2.354655965462987,1.357844037942976,7.2660550525376655,18.81000001725688,9.756949550235731,18.40355506275555,26.484770666499788,20157292910.800003,29886292910.800003,11.558080797477064,2.780699808359774,19.43808380983607,33.70784767692308,2.487019483133868,2.487019483133868,4.122815962312044,31.22914619728318,28.819954590935392,49.977078446153854,0.0216298885931452,0.0296666820612404,1.4227020357803826,0.3657383912712509,10.16614420062696,1.7602886678369416,4.406015037593985,2.44,0.0076399147783127,0.3532110091743119,0.0760104842047179,0.0,0.1264590205531591,0.4233365477338476,0.0605600772520347,1.183288409703504,0.0042764519244033,20.24695506487262,-0.060631143300569,0.015830942957772,-35.90907113386153,3898000000.0,4297000000.0,-14219000000.0,21557000000.0,3890000000.0,2902000000.0,2833000000.0,46.63263898468754,49.46929492039423,48.18991660348749,1.9299787007454736,1.8193103448275865,1.8676106194690263,0.0537939543491671,0.9968119275200108,2014-02-04,0.87,bmo,6129831325.0,2025-04-25,2013-12-31,-0.0459770114942529,42.780625,4226038.96875
2013-09-30,IP,USD,51434,2013-11-06,2013-11-06 14:33:56,2013,Q3,7406000000.0,5313000000.0,2093000000.0,0.2826086957,0,572000000.0,1010000000.0,1010000000.0,448000000.0,1458000000.0,6771000000.0,15000000.0,147000000.0,401000000.0,966000000.0,0.1304347826,635000000.0,0.0857412908,-198000000.0,411000000.0,0.0554955442,41000000.0,382000000.0,0.0515798002,0.86,0.85,444186047,449700000,https://www.sec.gov/Archives/edgar/data/51434/000005143413000014/0000051434-13-000014-index.htm,https://www.sec.gov/Archives/edgar/data/51434/000005143413000014/ip-9302013xform10xq.htm,16.673193698945703,0.8599999990544502,1.602931935410389,0.9928272240393,7.859319363086612,16.979371709080272,6.821465961086346,16.276963332889203,26.727539237629408,18575860485.54,28354860485.54,12.156976757552355,2.508217726916014,26.08969169317416,42.12213262027211,2.56927530920332,2.56927530920332,3.8286336059330273,29.352857645486544,39.82424225497192,64.29673579487529,0.0205643232676817,0.0237404883797058,1.6217150760719226,0.3595522845752836,10.123188405797102,1.7562557924003708,4.319727891156463,1.844559585492228,0.0072136631357836,0.3507853403141361,0.0772346745881717,0.0,0.1383624655013799,0.3806179775280899,0.0365919524709694,0.6758104738154613,0.0047258979206049,17.74709103332475,0.020417690592776,0.0135952736849597,-38.58405754920077,4080000000.0,3030000000.0,-15593000000.0,22289000000.0,3985000000.0,2915000000.0,2793000000.0,48.900891169322165,49.19254658385093,48.1253529079616,1.8404572564612327,1.8295454545454544,1.8701161562829989,0.05283540802213,0.610104711371089,2013-10-24,0.93,bmo,5292142857.0,2025-04-25,2013-09-30,0.1290322580645161,44.48640625,3486176.828125
2013-06-30,IP,USD,51434,2013-08-07,2013-08-07 13:51:04,2013,Q2,7335000000.0,5414000000.0,1921000000.0,0.2618950239,0,515000000.0,964000000.0,964000000.0,443000000.0,1407000000.0,6821000000.0,13000000.0,168000000.0,396000000.0,940000000.0,0.1281526926,514000000.0,0.070074983,-151000000.0,363000000.0,0.0494887526,94000000.0,259000000.0,0.0353101568,0.58,0.58,446551724,448500000,https://www.sec.gov/Archives/edgar/data/51434/000005143413000011/0000051434-13-000011-index.htm,https://www.sec.gov/Archives/edgar/data/51434/000005143413000011/ip-6302013xform10xq.htm,16.425868730942355,0.5800000001791505,1.6750579155753074,1.0659459462751957,4.613127414552317,15.731660236519431,5.795521237311358,15.019536684175918,27.61830116683191,18813224132.120003,29773224132.120003,18.159482753011584,2.564856732395365,25.15136916058824,39.5235801094958,2.805013289417027,2.805013289417027,4.059062594699387,31.67364269374468,39.80377557770054,62.54879019352942,0.013766911943488,0.0253013516799239,1.8137766512598776,0.3737901367337533,11.659574468085106,1.6325524044389643,3.0595238095238093,3.2103004291845494,0.0071226494224995,0.5173745173745173,0.0702113156100886,0.0,0.1363343063450607,0.3636363636363636,0.0370824812542604,0.6868686868686869,0.0042263122017723,14.000176919919182,0.0136346675123619,0.0092144585171481,-42.83490348813433,3591000000.0,2588000000.0,-16252000000.0,21866000000.0,3907500000.0,2914000000.0,2769000000.0,48.41717791411043,48.64056150720355,45.63169560398966,1.8588443993917887,1.8503075871496923,1.972313296903461,0.0386163709557179,0.6091119693001118,2013-07-25,0.56,bmo,3998750000.0,2025-04-25,2013-06-30,0.1428571428571427,43.20375,4180958.421875
2013-03-31,IP,USD,51434,2013-05-08,2013-05-08 15:00:13,2013,Q1,7090000000.0,5220000000.0,1870000000.0,0.263751763,0,567000000.0,989000000.0,989000000.0,428000000.0,1417000000.0,6637000000.0,13000000.0,164000000.0,379000000.0,786000000.0,0.1108603667,289000000.0,0.0407616361,-223000000.0,230000000.0,0.0324400564,-69000000.0,318000000.0,0.0448519041,0.72,0.71,441666667,446100000,https://www.sec.gov/Archives/edgar/data/51434/000005143413000008/0000051434-13-000008-index.htm,https://www.sec.gov/Archives/edgar/data/51434/000005143413000008/ip-3312013xform10xq.htm,16.0528301765639,0.7199999994566038,1.2022641500360272,0.7132075466315415,3.310188676747027,16.15245281799815,5.9026415049791385,15.346415082757424,28.129811299524672,19093250014.41,30419250014.41,15.010416677995282,2.6929830767856133,35.95715633598869,60.613492109238095,2.816944528534966,2.816944528534966,4.290444289761636,38.70133589619593,57.28672319097928,96.56904766479364,0.0166551006119963,0.0164979770213171,1.808793154322809,0.3749464799070279,14.40966921119593,1.7083888149134487,1.7621951219512195,1.8373702422145328,0.0069134379898852,0.4150943396226415,0.0799717912552891,0.0,0.1384488347911187,0.4067796610169492,0.0304654442877291,0.5699208443271768,0.005641748942172,15.767432389359993,0.0133378301618858,0.0112882041816051,-44.8386792114425,3724000000.0,2607000000.0,-16583000000.0,22392000000.0,3715500000.0,2838500000.0,2761500000.0,49.112834978843445,50.03448275862069,48.1551724137931,1.8325148617213751,1.7987594762232944,1.8689581095596133,0.0469164945411625,0.4890566034044856,2013-05-02,0.74,bmo,8071692307.0,2025-04-25,2013-03-31,-0.1216216216216215,40.16166666666666,4112286.95
2012-12-31,IP,USD,51434,2013-02-26,2013-02-26 13:14:27,2012,Q4,7075000000.0,5193000000.0,1882000000.0,0.2660070671,13000000,578000000.0,991000000.0,991000000.0,417000000.0,1408000000.0,6601000000.0,71000000.0,169000000.0,375000000.0,849000000.0,0.12,474000000.0,0.0669964664,-178000000.0,287000000.0,0.040565371,74000000.0,235000000.0,0.0332155477,0.54,0.53,435185185,441500000,https://www.sec.gov/Archives/edgar/data/51434/000005143413000004/0000051434-13-000004-index.htm,https://www.sec.gov/Archives/edgar/data/51434/000005143413000004/ip10-k123112.htm,16.2574468154287,0.5400000002297872,1.6383829794205884,0.7605957450045089,5.138042555377891,15.24868085755263,5.333361704397175,14.48578724020672,28.367234054624355,16184537030.15,27058537030.15,17.217592585265958,2.2875670713992933,22.69921042096774,48.89588226631419,2.567344072041561,2.567344072041561,3.824528202141343,31.871068351177858,37.95026231437588,81.74784601253776,0.0145200322729171,0.0204516199248321,1.9314720812182744,0.3786893913476192,12.808009422850413,1.7817126850740297,2.804733727810651,3.2117117117117115,0.0081559330213832,0.5617021276595745,0.0816961130742049,0.0018374558303886,0.1342020962274127,0.5357643758765779,0.0539929328621908,1.0186666666666666,0.0065017667844522,13.266586412615954,0.0127462579124401,0.0084416983978734,-44.221404274136766,3907000000.0,2321000000.0,-16612000000.0,22171000000.0,3630500000.0,2732500000.0,2698500000.0,45.31166077738517,48.09358752166378,47.31369150779896,1.9862436833239752,1.8713513513513511,1.902197802197802,0.0372779187817258,0.8777872344160796,2013-01-29,0.65,bmo,6664855072.0,2025-04-25,2012-12-31,0.0615384615384614,34.28774193548387,3763202.2258064514
2012-09-30,IP,USD,51434,2012-11-07,2012-11-07 10:07:52,2012,Q3,7026000000.0,5140000000.0,1886000000.0,0.26843154,0,930000000.0,403000000.0,930000000.0,422000000.0,1352000000.0,6492000000.0,0.0,163000000.0,383000000.0,900000000.0,0.1280956447,534000000.0,0.0760034159,-214000000.0,320000000.0,0.0455451181,130000000.0,237000000.0,0.0337318531,0.54,0.54,438888889,439800000,https://www.sec.gov/Archives/edgar/data/51434/000005143412000004/0000051434-12-000004-index.htm,https://www.sec.gov/Archives/edgar/data/51434/000005143412000004/ip-9302012xform10xq.htm,16.008607590883898,0.5399999998632912,2.002784809619548,1.3283544300434549,2.9050632904037816,16.735443033737862,6.696455694507226,15.963037970642269,24.206582272352765,14816888892.64,24002888892.64,15.629629633586497,2.108865484292627,16.856528888100115,25.41490376096055,2.114885654102198,2.114885654102198,3.416295031688016,26.669876547377772,27.307040833492604,41.17133600795884,0.0159952606594576,0.0393469914112397,1.4931487296602912,0.3212739166487516,10.206666666666669,1.799679807884731,3.276073619631902,3.924107142857143,0.0077614134001587,0.4852320675105485,0.1323654995730145,0.0,0.1353152544455023,0.3367463026166097,0.0421292342727014,0.7728459530026109,0.0,13.926625983855605,0.0113329699395932,0.0084176877996803,-45.18968353286337,3996000000.0,2939000000.0,-16223000000.0,22325000000.0,3650000000.0,2693000000.0,2658500000.0,47.38257899231426,47.1011673151751,46.69844357976654,1.8994322789943228,1.910780669144981,1.9272590926134232,0.0338281473023123,0.6744303795760935,2012-10-25,0.77,bmo,7213360000.0,2025-04-25,2012-09-30,-0.0259740259740259,31.114126984126987,4866724.523809524
2012-06-30,IP,USD,51434,2012-08-07,2012-08-07 11:12:48,2012,Q2,7077000000.0,5270000000.0,1807000000.0,0.2553341812,0,474000000.0,448000000.0,922000000.0,410000000.0,1332000000.0,6602000000.0,0.0,172000000.0,367000000.0,749000000.0,0.1058358061,475000000.0,0.0671188357,-271000000.0,204000000.0,0.0288257736,57000000.0,134000000.0,0.0189345768,0.31,0.31,432258065,438200000,https://www.sec.gov/Archives/edgar/data/51434/000119312512339873/0001193125-12-339873-index.htm,https://www.sec.gov/Archives/edgar/data/51434/000119312512339873/d370675d10q.htm,16.372164160777427,0.3099999996529851,1.836865669585598,0.8652238796284807,2.840895519207953,16.41149251894236,6.625671634374248,15.442164161818472,26.576716388160392,11666645174.349998,21754645174.35,21.76612905662313,1.6485297688780554,14.693507776259446,31.194238434090902,1.7478120111385766,1.7478120111385766,3.073992535587113,29.044920125967955,27.398797448803524,58.16750046617646,0.0114857354447197,0.0320572019128744,1.6952808988764043,0.3419970986460348,13.468624833110814,1.775588291563038,2.761627906976744,6.56198347107438,0.0097714465723734,0.8507462686567164,0.0669775328529037,0.0,0.1278409090909091,0.5289672544080605,0.059347181008902,1.1444141689373295,0.0,10.378299230033502,0.0119265274666262,0.0046434264328782,-47.98117531942406,4054000000.0,2864000000.0,-16713000000.0,22857000000.0,3701500000.0,2736500000.0,2699000000.0,45.79482831708352,46.04174573055029,45.2561669829222,1.9652874201610664,1.954747774480712,1.9886792452830189,0.0200749063670412,0.9716417899571174,2012-07-26,0.46,bmo,7077000000.0,2025-04-25,2012-06-30,0.0,28.884444444444444,4899620.349206349
2012-03-31,IP,USD,51434,2012-05-07,2012-05-07 13:15:58,2012,Q1,6655000000.0,4984000000.0,1671000000.0,0.2510894065,0,513000000.0,347000000.0,860000000.0,403000000.0,1263000000.0,6247000000.0,0.0,168000000.0,361000000.0,758000000.0,0.1138993238,408000000.0,0.0613072878,-195000000.0,213000000.0,0.0320060105,70000000.0,188000000.0,0.0282494365,0.43,0.43,437209302,438600000,https://www.sec.gov/Archives/edgar/data/51434/000119312512214356/0001193125-12-214356-index.htm,https://www.sec.gov/Archives/edgar/data/51434/000119312512214356/d327692d10q.htm,15.22154256452668,0.4300000003202127,1.328882979712998,0.6770212770999094,2.9459574490023086,17.138244693613586,7.490691494939877,16.150159586494798,27.014521296712942,14327348826.54,24682348826.54,19.05232556720745,2.1528698462118707,24.659808651531844,48.40320549506757,2.0290821167738287,2.0290821167738287,3.7088427988790382,32.5624654703694,42.482528100757314,83.38631360317568,0.0131217577149897,0.0206597887427497,1.6489165840532505,0.3439688026234158,13.660949868073878,1.8303198887343533,2.4285714285714284,3.106951871657754,0.0080266071128926,0.6117021276595744,0.0770848985725018,0.0,0.1246122485154657,0.4905335628227194,0.0428249436513899,0.7894736842105263,0.0,12.500111764128176,0.0092683052364399,0.0063447065573217,-47.67167556741508,4179000000.0,3275000000.0,-17144000000.0,24237000000.0,3644000000.0,2638500000.0,2534000000.0,51.41697971450037,50.14646869983949,49.62279293739968,1.7503945291951604,1.7947425279078142,1.8136826783114992,0.0266251239201246,0.6518617026130885,2012-04-27,0.5,bmo,5837719298.0,2025-04-25,2012-03-31,0.1399999999999999,31.003225806451614,5336559.225806451
2011-12-31,IP,USD,51434,2012-02-27,2012-02-27 14:25:06,2011,Q4,6367000000.0,4662000000.0,1705000000.0,0.2677870269,0,778000000.0,0.0,778000000.0,137000000.0,915000000.0,5577000000.0,0.0,0.0,321000000.0,1195000000.0,0.1876865086,790000000.0,0.1240772734,-374000000.0,416000000.0,0.0653368934,154000000.0,257000000.0,0.0403643788,0.59,0.59,432200000,437209302,https://www.sec.gov/Archives/edgar/data/51434/000119312512081097/0001193125-12-081097-index.htm,https://www.sec.gov/Archives/edgar/data/51434/000119312512081097/d263096d10k.htm,14.73160573808422,0.5946321147616844,1.4738546968995836,0.4696899583526145,9.24109208699676,16.103655714946782,10.67561314206386,15.316982878297084,22.92457195742712,11941686000.0,17855686000.0,11.61642607003891,1.875559290089524,18.74675981161695,58.826039408867,1.8038800604229608,1.8038800604229608,2.8044111826605937,14.941996652719665,28.030904238618525,87.95904433497537,0.0215212491770425,0.0169992746417884,1.4966767371601208,0.3670581261808617,4.948953974895398,2.2068383284086117,0.0,2.152027027027027,0.0096301309547077,0.4474708171206226,0.1221925553635935,0.0,0.0869114214796428,0.6813186813186813,0.0681639704727501,0.0,0.0,14.315352710133688,0.0216570069175188,0.0104272325232279,-28.376908838500693,5718000000.0,4614000000.0,-9577000000.0,20541000000.0,3658000000.0,2497000000.0,2323000000.0,49.27595413852678,48.262548262548265,44.78764478764479,1.8264486517498568,1.8648,2.0094827586206896,0.038821752265861,1.004164738546969,2012-02-02,0.61,bmo,5884651515.0,2025-04-25,2011-12-31,0.0819672131147541,25.46396825396825,5153295.428571428
2011-09-30,IP,USD,51434,2011-11-07,2011-11-07 12:52:49,2011,Q3,6632000000.0,4793000000.0,1839000000.0,0.277291918,0,829000000.0,352000000.0,829000000.0,450000000.0,1197000000.0,5990000000.0,0.0,130000000.0,335000000.0,977000000.0,0.1473160434,560000000.0,0.0844390832,-179000000.0,381000000.0,0.0574487334,-84000000.0,518000000.0,0.078106152,1.19,1.19,435200000,435200000,https://www.sec.gov/Archives/edgar/data/51434/000119312511299217/0001193125-11-299217-index.htm,https://www.sec.gov/Archives/edgar/data/51434/000119312511299217/d230444d10q.htm,15.238970588235292,1.1902573529411764,2.012867647058824,1.2890625,6.254595588235294,17.605698529411764,12.451746323529411,17.00827205882353,19.70358455882353,9443840000.0,15166840000.0,4.557837837837838,1.423980699638118,10.780639269406391,16.833939393939392,1.2758497703323426,1.2758497703323426,2.2869179734620024,15.52388945752303,17.31374429223744,27.03536541889483,0.054850569259962,0.0594038018433179,1.1409078627398002,0.3268947898118758,5.857727737973388,2.092900779439646,4.307692307692308,1.7009708737864078,0.0121772499322309,0.222007722007722,0.125,0.0,0.0868235658434621,0.3595890410958904,0.0474969843184559,2.8378378378378377,0.0,21.342328124501083,0.0314511328024082,0.0219575261752363,-26.22817095588235,5188000000.0,5419000000.0,-8237000000.0,19506000000.0,3895500000.0,2534500000.0,2365500000.0,51.97527141133896,46.83079490924265,43.67619445023993,1.731592689295039,1.921812349639134,2.0606190885640583,0.0699810861929208,0.7238051470588235,2011-10-27,0.8,bmo,5766956521.0,2025-04-25,2011-09-30,0.15,25.453125,6735399.921875
2011-06-30,IP,USD,51434,2011-08-09,2011-08-09 10:46:53,2011,Q2,6648000000.0,4880000000.0,1768000000.0,0.265944645,0,845000000.0,361000000.0,845000000.0,374000000.0,1219000000.0,6099000000.0,0.0,137000000.0,336000000.0,766000000.0,0.1152226233,549000000.0,0.0825812274,-256000000.0,293000000.0,0.0440734055,118000000.0,224000000.0,0.0336943442,0.52,0.52,430769231,430769231,https://www.sec.gov/Archives/edgar/data/51434/000119312511215656/0001193125-11-215656-index.htm,https://www.sec.gov/Archives/edgar/data/51434/000119312511215656/d10q.htm,15.432857134589542,0.5199999997214285,1.5042857134798469,0.9726785709074935,5.569107139873693,18.49946427580386,13.05803570729034,17.888928561845216,20.01535713213463,11992615391.04,18078615391.04,13.384615391785715,1.8039433500361008,18.50712251703704,28.62199377336515,1.5562698405190762,1.5562698405190762,2.719406647268352,23.60132557577024,27.89909782567901,43.14705343923628,0.018678160909534,0.0349381670584588,1.1010900596937452,0.3257948087851328,7.945169712793733,1.953121758971168,4.007299270072993,2.793103448275862,0.0095892343955197,0.5133928571428571,0.1271058965102286,0.0,0.0900015358623867,0.3533950617283951,0.0344464500601684,2.063063063063063,0.0,14.467220329471166,0.0150185967980023,0.0094514767932489,-26.70281248569492,4595000000.0,5625000000.0,-8659000000.0,18760000000.0,3694500000.0,2558000000.0,2397500000.0,53.62364620938628,47.489754098360656,44.35450819672131,1.678364049482454,1.895145631067961,2.029106029106029,0.0290682584998702,0.5316071425723533,2011-07-28,0.67,bmo,5567700000.0,2025-04-25,2011-06-30,0.1940298507462686,28.005079365079364,6467736.666666667
2011-03-31,IP,USD,51434,2011-05-06,2011-05-06 15:21:40,2011,Q1,6387000000.0,4625000000.0,1762000000.0,0.2758728668,0,485000000.0,340000000.0,825000000.0,380000000.0,1205000000.0,5830000000.0,0.0,136000000.0,340000000.0,950000000.0,0.1487396274,557000000.0,0.087208392,-189000000.0,368000000.0,0.0576170346,123000000.0,342000000.0,0.0535462659,0.79,0.79,432911392,433800000,https://www.sec.gov/Archives/edgar/data/51434/000119312511130601/0001193125-11-130601-index.htm,https://www.sec.gov/Archives/edgar/data/51434/000119312511130601/d10q.htm,14.753596505032604,0.7900000007391813,1.187309942631401,0.7692105270355186,4.7330701798672,17.497807033916075,12.138742701416367,16.908771945645636,20.020263176627147,12195113912.64,18677113912.64,8.91455695368421,1.90936494639737,23.72590255377432,36.62196370162162,1.6659991683934423,1.6659991683934423,2.9242389091341785,19.660119908042105,36.33679749540856,56.08742916708709,0.0280440184855939,0.0273060179991309,1.1654371584699454,0.33330728657941,6.823157894736842,1.887480542583945,4.095588235294118,1.7248322147651007,0.0067240044322184,0.239766081871345,0.0759354939721309,0.0,0.0906427036530572,0.3521400778210117,0.0283388132143416,0.5323529411764706,0.0,17.336476620555594,0.0172695386926757,0.0146938775510204,-28.192836283689203,3991000000.0,5255000000.0,-9532000000.0,19026000000.0,3233500000.0,2548500000.0,2368500000.0,48.30436824800376,49.446486486486485,46.50810810810811,1.8631855309218204,1.8201495474222744,1.9351464435146444,0.0467213114754098,0.4180994155958825,2011-04-28,0.59,bmo,5092337837.0,2025-04-25,2011-03-31,0.2542372881355932,26.205967741935485,6045895.5
2010-12-31,IP,USD,51434,2011-02-25,2011-02-25 13:01:02,2010,Q4,6531000000.0,4770000000.0,1761000000.0,0.2696371153,0,865000000.0,0.0,865000000.0,402000000.0,1267000000.0,6037000000.0,0.0,150000000.0,360000000.0,854000000.0,0.1307609861,494000000.0,0.0756392589,-162000000.0,332000000.0,0.0508344817,50000000.0,316000000.0,0.0483846272,0.73,0.73,430700000,432911392,https://www.sec.gov/Archives/edgar/data/51434/000119312511046928/0001193125-11-046928-index.htm,https://www.sec.gov/Archives/edgar/data/51434/000119312511046928/d10k.htm,15.163687021128396,0.7336893429301138,2.4239609937311357,1.6856280473647551,4.813094961690272,16.447643371256095,11.088925005804503,15.867192941722776,20.480612955653587,10952701000.0,17550701000.0,8.665111550632911,1.6770327668044709,10.491092911877397,15.086365013774104,1.6026779338601111,1.6026779338601111,2.6872915326902467,20.551172131147545,16.811016283524904,24.174519283746555,0.0288513308269804,0.0662850195581893,1.268803043605502,0.34180857773573,7.725995316159251,1.7828114590273152,3.293333333333333,3.272727272727273,0.0050215923907719,0.1740506329113924,0.1324452610626244,0.0,0.0909807631661936,0.3045977011494253,0.048690858980248,0.0,0.0,16.18443027048074,0.01981312728485,0.0137033824804856,-29.62212677037381,3525000000.0,4776000000.0,-10256000000.0,18582000000.0,3174500000.0,2556000000.0,2341500000.0,41.87873220027561,48.22641509433962,44.283018867924525,2.149062191510365,1.8661971830985915,2.032381763953984,0.0462393912788996,0.7383329463663804,2011-02-03,0.65,bmo,6242867647.0,2025-04-25,2010-12-31,0.0461538461538461,23.4109375,5888893.90625
2010-09-30,IP,USD,51434,2010-11-05,2010-11-05 15:14:48,2010,Q3,6720000000.0,4758000000.0,1962000000.0,0.2919642857,0,843000000.0,339000000.0,843000000.0,420000000.0,1263000000.0,6021000000.0,0.0,152000000.0,362000000.0,1061000000.0,0.1578869048,699000000.0,0.1040178571,-152000000.0,547000000.0,0.0813988095,170000000.0,397000000.0,0.059077381,0.92,0.92,433800000,433800000,https://www.sec.gov/Archives/edgar/data/51434/000119312510249934/0001193125-10-249934-index.htm,https://www.sec.gov/Archives/edgar/data/51434/000119312510249934/d10q.htm,15.491009681881051,0.9151682803135084,-0.4910096818810511,-0.9151682803135084,3.2941447671738127,15.301982480405718,10.034578146611342,14.725680036883356,20.49792531120332,8806140000.0,16117140000.0,5.545428211586902,1.3104375,-41.34338028169015,-22.181712846347608,1.378544145272386,1.378544145272386,2.398383928571429,15.19051837888784,-75.66732394366197,-40.59732997481108,0.0450821812962319,-0.0450821812962319,1.3681903569192235,0.3483598389732552,6.89066918001885,1.7281983178397522,4.598684210526316,-0.5338345864661654,0.0061320851133413,0.1360201511335012,0.1254464285714285,0.0,0.0910757702578819,-0.863849765258216,0.0273809523809523,0.0,0.0,17.41323329268674,0.0230695068660153,0.0174092264514997,-30.82411249423697,3290000000.0,4353000000.0,-10643000000.0,18335000000.0,3171500000.0,2431500000.0,2274000000.0,44.33035714285714,48.348045397225725,44.18663303909206,2.0302114803625377,1.8615023474178405,2.0368150684931505,0.0621477770820288,0.4241585984324573,2010-10-27,0.79,bmo,5833846153.0,2025-04-25,2010-09-30,0.1518987341772151,21.1209375,7332326.5
2010-06-30,IP,USD,51434,2010-08-06,2010-08-06 12:24:55,2010,Q2,6121000000.0,4490000000.0,1631000000.0,0.2664597288,0,472000000.0,330000000.0,802000000.0,410000000.0,1212000000.0,5702000000.0,0.0,157000000.0,363000000.0,926000000.0,0.1512824702,419000000.0,0.0684528672,-301000000.0,118000000.0,0.0192778958,25000000.0,93000000.0,0.0151935958,0.22,0.21,422727273,433400000,https://www.sec.gov/Archives/edgar/data/51434/000119312510180866/0001193125-10-180866-index.htm,https://www.sec.gov/Archives/edgar/data/51434/000119312510180866/d10q.htm,14.479784936894765,0.2199999998580645,1.5163440850432188,1.154408601405758,4.426021502520847,14.053978485556572,8.653333327750538,13.4673118192684,21.49849460978592,8928000005.76,15988000005.76,24.000000015483877,1.4585851994380004,13.92823713847114,18.295081979016395,1.568241701345512,1.568241701345512,2.611991505597125,17.26565875352052,24.942277700093605,32.76229509377049,0.0104166666599462,0.0546594981726211,1.5687686632706832,0.3565696490597676,7.624190064794816,1.8552568410945751,2.668789808917197,6.41,0.0061603942612585,0.5913978494623656,0.077111583074661,0.0,0.0911486405557551,0.2386895475819032,0.024995915700049,1.3783783783783785,0.0,8.164753117049534,0.0155489600508203,0.0040853979968371,-32.773494602511725,3563000000.0,3658000000.0,-11377000000.0,18583000000.0,2950000000.0,2262000000.0,2178500000.0,44.59565430485216,46.24276169265033,44.338530066815146,2.018133860863831,1.9462505418292155,2.0298372513562386,0.0163358510451431,0.361935483637461,2010-07-28,0.41,bmo,5975261904.0,2025-04-25,2010-06-30,0.024390243902439,23.255714285714284,8783009.904761905
2010-03-31,IP,USD,51434,2010-06-29,2010-06-29 10:38:58,2010,Q1,5807000000.0,4464000000.0,1343000000.0,0.231272602,0,738000000.0,317000000.0,738000000.0,416000000.0,1154000000.0,5618000000.0,0.0,149000000.0,371000000.0,345000000.0,0.0594110556,189000000.0,0.0325469261,-364000000.0,-175000000.0,-0.0301360427,-24000000.0,-162000000.0,-0.0278973652,-0.38,-0.38,426315789,428800000,https://www.sec.gov/Archives/edgar/data/51434/000119312510149383/0001193125-10-149383-index.htm,https://www.sec.gov/Archives/edgar/data/51434/000119312510149383/d10qa.htm,13.6213580398262,-0.3800000004222222,0.3729629633773662,0.0914814815831275,4.102592597151029,14.196049398489436,8.878395071593278,13.649506188005624,21.355061752122907,9792473673.33,16998473673.33,-15.111842088472224,1.6863223132994662,61.58788473792453,251.08906854692307,1.6828447625588587,1.6828447625588587,2.927238448997761,49.270938183565214,106.90863945490564,435.8582993161538,-0.0165433173888647,0.0039826504825044,1.5389242137824368,0.3561769151221064,20.88695652173913,1.848885623316189,1.2684563758389262,-1.03921568627451,0.0011233116745525,-0.0679012345679012,0.1270879972447046,0.0,0.0901678466311351,0.7547169811320755,0.0206647149991389,0.3234501347708894,0.0,,0.0076145118363916,-0.0070819672131147,-33.11688275284592,3466000000.0,3785000000.0,-11541000000.0,18705000000.0,2781000000.0,2137500000.0,2162000000.0,44.434303426898566,44.69758064516129,43.24596774193548,2.0254621555633068,2.013531799729364,2.081118881118881,-0.0278398350231998,0.2814814817942387,2010-04-29,0.04231,bmo,5807000000.0,2025-04-25,2010-03-31,-0.0545970219806192,23.220163934426232,7008524.31147541
2009-12-31,IP,USD,51434,2010-02-25,2010-02-25 17:17:49,2009,Q4,5977000000.0,3950000000.0,2027000000.0,0.3391333445,0,814000000.0,0.0,814000000.0,379000000.0,1193000000.0,5143000000.0,9000000.0,172000000.0,384000000.0,1227000000.0,0.2052869332,834000000.0,0.1395348837,-1262000000.0,-428000000.0,-0.07160783,-321000000.0,-101000000.0,-0.0168981094,-0.24,-0.24,421400000,426315789,https://www.sec.gov/Archives/edgar/data/51434/000119312510040916/0001193125-10-040916-index.htm,https://www.sec.gov/Archives/edgar/data/51434/000119312510040916/d10k.htm,14.183673469387756,-0.2396772662553393,2.574750830564784,2.178452776459421,4.489795918367347,14.843379212149976,9.409112482202184,14.29283341243474,21.843853820598007,10535000000.0,17676000000.0,-26.07673267326733,1.762589928057554,9.70967741935484,11.4760348583878,1.7491283413581271,1.7491283413581271,2.9573364564162623,14.405867970660148,16.291244239631336,19.254901960784316,-0.0095870906502135,0.0871381110583768,1.4997509546737506,0.3535697510568342,5.8198859005704975,1.8821036889332003,4.848837209302325,-11.185567010309278,0.0010441385856668,-0.1089108910891089,0.1361887234398527,0.0,0.0896351964928761,0.1539170506912442,0.0279404383469968,0.0,0.0,,0.0095467032967032,-0.0043425917963711,-33.911366872330326,3539000000.0,3965000000.0,-11742000000.0,19274000000.0,2887500000.0,2062000000.0,2228500000.0,40.58055880876694,46.89113924050633,49.64810126582279,2.2178107606679034,1.9193391642371231,1.812758145938504,-0.016769051967458,0.396298054105363,2010-02-03,0.23,bmo,5727958333.0,2025-04-25,2009-12-31,0.0434782608695651,23.1178125,5375059.9375
2009-09-30,IP,USD,51434,2009-11-06,2009-11-06 12:23:05,2009,Q3,5919000000.0,3758000000.0,2161000000.0,0.3650954553,0,826000000.0,299000000.0,826000000.0,426000000.0,1252000000.0,5010000000.0,0.0,169000000.0,378000000.0,1438000000.0,0.2429464437,909000000.0,0.1535732387,-320000000.0,589000000.0,0.0995100524,212000000.0,371000000.0,0.0626795067,0.87,0.87,426436782,428700000,https://www.sec.gov/Archives/edgar/data/51434/000119312509227000/0001193125-09-227000-index.htm,https://www.sec.gov/Archives/edgar/data/51434/000119312509227000/d10q.htm,13.880134758169149,0.8699999992026954,3.238463608891974,2.985202153598467,3.8739622606006816,13.798059286546254,8.432668455883809,13.23760106603562,22.96002693313636,8848563226.5,16818563226.5,5.962643683625337,1.4949422582361886,6.40735932404055,6.950953045168893,1.5675045573959256,1.5675045573959256,2.841453493242102,11.695801965577193,12.178539628167997,13.21175430204242,0.0419277108049491,0.1438651640288417,1.704517271922055,0.3606311607510963,5.542420027816411,1.7416589434661724,5.378698224852071,3.663129973474801,0.0012431396734621,0.0296495956873315,0.1395505997634735,0.0,0.0857539072748397,0.0782041998551774,0.0182463253928028,0.0,0.0,16.097392354980148,0.0255925807930292,0.0152092813512073,-36.80733150265635,3201000000.0,3596000000.0,-13280000000.0,19937000000.0,3196000000.0,2023000000.0,2243500000.0,46.83223517486062,49.47844598190528,54.555614688664186,1.9217532467532468,1.818973862536302,1.649692712906058,0.0657218777679362,0.253261455293507,2009-10-28,0.24,bmo,3839351351.0,2025-04-25,2009-09-30,0.5416666666666667,18.586875,8180071.921875
2009-06-30,IP,USD,51434,2009-08-05,2009-08-05 12:54:59,2009,Q2,5802000000.0,3781000000.0,2021000000.0,0.3483281627,0,508000000.0,279000000.0,787000000.0,414000000.0,1201000000.0,4982000000.0,0.0,173000000.0,367000000.0,1060000000.0,0.1826956222,820000000.0,0.1413305757,-252000000.0,520000000.0,0.0896242675,348000000.0,136000000.0,0.023440193,0.32,0.32,425000000,425400000,https://www.sec.gov/Archives/edgar/data/51434/000119312509165032/0001193125-09-165032-index.htm,https://www.sec.gov/Archives/edgar/data/51434/000119312509165032/d10q.htm,13.651764705882352,0.32,3.2823529411764705,2.9741176470588235,3.891764705882353,11.950588235294118,6.661176470588235,11.395294117647058,26.094117647058823,6001000000.0,15264000000.0,11.03125,1.034298517752499,4.30179211469534,4.747626582278481,1.2391079909147222,1.2391079909147222,2.63081695966908,14.4,10.941935483870967,12.075949367088608,0.0226628895184136,0.2106315614064322,2.2541812925872398,0.4096742719903933,8.738679245283018,1.9111392405063288,4.739884393063584,9.964285714285714,0.0016663889351774,0.0735294117647058,0.0875560151671837,0.0,0.0843590513359351,0.0939068100358423,0.0225784212340572,0.0,0.0,9.057931201276526,0.0117497300827746,0.0055737704918032,-38.41529411764706,3599000000.0,2831000000.0,-14020000000.0,20304000000.0,3383500000.0,1947500000.0,2274500000.0,51.37538779731128,47.13038878603544,52.58132769108701,1.7518115942028984,1.9095959595959595,1.711634223630602,0.0280817674994837,0.308235294117647,2009-07-30,,bmo,,2025-04-25,2009-06-30,,11.51984126984127,9888982.46031746
2009-03-31,IP,USD,51434,2009-05-07,2009-05-07 16:50:42,2009,Q1,5668000000.0,3731000000.0,1937000000.0,0.3417431193,0,779000000.0,279000000.0,779000000.0,393000000.0,1172000000.0,4903000000.0,9000000.0,173000000.0,343000000.0,1025000000.0,0.1808398024,765000000.0,0.1349682428,-247000000.0,518000000.0,0.0913902611,230000000.0,257000000.0,0.0453422724,0.61,0.61,423100000,423100000,https://www.sec.gov/Archives/edgar/data/51434/000119312509103501/0001193125-09-103501-index.htm,https://www.sec.gov/Archives/edgar/data/51434/000119312509103501/d10q.htm,13.396360198534625,0.6074214133774521,1.8766249113684708,1.574095958402269,2.257149610021272,10.342708579532026,5.348617348144646,9.794374852280784,27.577404868825337,2779767000.0,13319767000.0,2.704053501945525,0.490431721947777,3.500965994962217,4.1738243243243245,0.670793194980695,0.670793194980695,2.349994177840508,12.99489463414634,16.775525188916877,19.99965015015015,0.0924537919904797,0.2395884259364184,2.773889961389961,0.4384225180212823,10.282926829268291,1.6403125718225695,4.421965317919075,3.042145593869732,0.0388521771788786,0.4202334630350194,0.1374382498235709,0.0,0.0805904115336206,0.1612090680100755,0.0225829216654904,0.3731778425655976,0.0,11.569768487667409,0.0189844753315562,0.010661246162781,-40.47920113448357,2786000000.0,2263000000.0,-14706000000.0,19299000000.0,3371500000.0,2017000000.0,2417500000.0,54.86062103034581,46.19404985258644,56.44599303135889,1.640520984081042,1.9483028720626632,1.5944444444444446,0.0620173745173745,0.3025289529662018,2009-04-30,0.01953,bmo,2834000000.0,2025-04-25,2009-03-31,3.09626216077829,7.592786885245902,10490659.819672132
2008-12-31,IP,USD,51434,2009-02-26,2009-02-26 13:01:33,2008,Q4,6546000000.0,5022000000.0,1524000000.0,0.2328139322,0,833000000.0,0.0,833000000.0,428000000.0,1261000000.0,6283000000.0,80000000.0,266000000.0,382000000.0,725000000.0,0.1107546593,263000000.0,0.0401772075,-2181000000.0,-1918000000.0,-0.2930033608,-112000000.0,-1791000000.0,-0.2736021998,-4.25,-4.23,421000000,423100000,https://www.sec.gov/Archives/edgar/data/51434/000119312509038657/0001193125-09-038657-index.htm,https://www.sec.gov/Archives/edgar/data/51434/000119312509038657/d10k.htm,15.548693586698338,-4.254156769596199,1.6935866983372925,1.0522565320665085,2.7173396674584325,10.453681710213775,5.6389548693586695,9.902612826603326,29.31116389548693,4639420000.0,15569420000.0,-0.6476018983807929,0.7087412160097769,6.506900420757363,10.472731376975169,1.1128376109378748,1.1128376109378748,2.378463183623587,21.47506206896552,21.83649368863955,35.14541760722348,-0.3860396342646279,0.0954860736902457,2.896138162628928,0.4486307732322669,15.075862068965517,1.547844374342797,0.9887218045112782,-0.3969933184855234,0.0230632277310525,-0.0597431602456728,0.1272532844485182,0.0,0.0753167614164158,0.3786816269284712,0.0412465627864344,0.7068062827225131,0.0,,0.0107736159299757,-0.0719681748774411,-41.93467933491687,2605000000.0,2374000000.0,-15152000000.0,19428000000.0,3576000000.0,2325500000.0,2630500000.0,45.206232813932175,37.97491039426523,44.71326164874552,1.9908759124087592,2.3699858423784805,2.012825651302605,-0.4295994243223794,0.6413301662707839,2009-01-29,0.19,bmo,5922571428.0,2025-04-25,2008-12-31,0.1052631578947368,14.089375,7982710.484375
2008-09-30,IP,USD,51434,2008-11-07,2008-11-07 14:32:07,2008,Q3,6808000000.0,5154000000.0,1654000000.0,0.2429494712,0,507000000.0,883000000.0,883000000.0,422000000.0,1305000000.0,6459000000.0,0.0,144000000.0,374000000.0,783000000.0,0.1150117509,349000000.0,0.0512632197,-82000000.0,265000000.0,0.0389247944,118000000.0,149000000.0,0.0218860165,0.35,0.35,425714286,425714286,https://www.sec.gov/Archives/edgar/data/51434/000119312508229765/0001193125-08-229765-index.htm,https://www.sec.gov/Archives/edgar/data/51434/000119312508229765/d10q.htm,15.991946297991982,0.3499999997651006,2.222147649515337,1.6348993277618125,1.81107382428787,21.150335556274943,12.043288582521283,20.58892616067857,28.601342262683666,10404457149.84,21665457149.84,17.457142868859062,1.528269264077556,10.998369080169134,14.948932686551723,1.1870458813280094,1.1870458813280094,3.1823526953349,27.669804789067687,22.902174576997886,31.12853038770115,0.01432078558777,0.066894407846228,1.3727324586423275,0.3988199807749676,14.381864623243931,1.5923309788092836,2.423611111111111,6.348993288590604,0.0098996034600021,0.6912751677852349,0.0744712103407755,0.0,0.1285093970632105,0.2642706131078224,0.0367215041128084,0.6684491978609626,0.0,12.73333394702764,0.0074420014767084,0.0056671230792636,-37.84932883365817,2935000000.0,5127000000.0,-13275000000.0,21567000000.0,3574000000.0,2396500000.0,2492500000.0,51.08108108108108,44.21420256111758,48.30034924330617,1.761904761904762,2.0355450236966823,1.8633405639913232,0.0169994295493439,0.5872483217535246,2008-10-30,0.77,bmo,6240666666.0,2025-04-25,2008-09-30,0.0909090909090908,24.76453125,6632729.1875
2008-06-30,IP,USD,51434,2008-08-08,2008-08-08 11:10:23,2008,Q2,5807000000.0,4305000000.0,1502000000.0,0.2586533494,0,459000000.0,760000000.0,760000000.0,349000000.0,1109000000.0,5414000000.0,0.0,81000000.0,305000000.0,718000000.0,0.1236438781,393000000.0,0.0676769416,-61000000.0,302000000.0,0.0520061994,97000000.0,227000000.0,0.0390907525,0.54,0.54,422600000,422600000,https://www.sec.gov/Archives/edgar/data/51434/000119312508171333/0001193125-08-171333-index.htm,https://www.sec.gov/Archives/edgar/data/51434/000119312508171333/d10q.htm,13.741126360624705,0.5371509701845717,1.362991008045433,0.7311878845243729,9.415522953147184,23.066729768102224,14.259346900141978,22.486985328916237,23.078561287269284,9191550000.0,14884550000.0,10.122852422907489,1.5828396762527983,15.957552083333333,29.74611650485437,0.967226139113964,0.967226139113964,2.5632081970036165,20.730571030640668,25.84123263888889,48.17006472491909,0.0246965963303251,0.0336178337712355,1.0177838577291385,0.3457619847710292,7.928969359331476,2.309589672660212,4.851851851851852,2.526315789473684,0.0115323313260549,0.4669603524229075,0.0790425348717065,0.0,0.1330568762735495,0.4635416666666667,0.0459789908730842,0.8754098360655738,0.0,16.485611444042824,0.0109368449974913,0.009360438744794,-25.256743965925224,5681000000.0,6026000000.0,-8206000000.0,19845000000.0,3245000000.0,2222500000.0,2183000000.0,50.89719304287928,47.26829268292683,46.39024390243903,1.7682704019488429,1.9040247678018576,1.940063091482649,0.0238871935178364,0.63180312352106,2008-07-31,0.39,bmo,4044160714.0,2025-04-25,2008-06-30,0.4358974358974359,24.7925,5251039.3125
2008-03-31,IP,USD,51434,2008-05-09,2008-05-09 15:03:50,2008,Q1,5668000000.0,4261000000.0,1407000000.0,0.2482357092,0,472000000.0,757000000.0,757000000.0,330000000.0,1087000000.0,5348000000.0,0.0,81000000.0,286000000.0,583000000.0,0.102858151,320000000.0,0.0564573042,-123000000.0,198000000.0,0.034932957,59000000.0,133000000.0,0.023465067,0.31,0.31,423300000,423300000,https://www.sec.gov/Archives/edgar/data/51434/000119312508109590/0001193125-08-109590-index.htm,https://www.sec.gov/Archives/edgar/data/51434/000119312508109590/d10q.htm,13.390030711079612,0.3141979683439641,1.0252775809118828,0.517363571934798,2.0789038506969053,21.811953697141508,13.17032837231278,21.259154264115285,16.170564611386723,10747587000.0,16631587000.0,20.20223120300752,1.8961868383909668,24.76402534562212,49.0757397260274,1.1943090343371483,1.1943090343371483,2.934295518701482,28.527593481989708,38.32162903225807,75.9433196347032,0.0123748707500576,0.0203766668741551,0.7516390710078897,0.2777253130773968,10.0926243567753,1.6193003618817854,3.950617283950617,2.893333333333333,0.0104209437895222,0.8421052631578947,0.0832745236414961,0.0,0.1501950318209813,0.4953917050691244,0.0379322512350035,0.7517482517482518,0.0,12.259307454589706,0.0107296396162995,0.0064260520848432,-25.42877391920624,2567000000.0,5575000000.0,-8410000000.0,16515000000.0,3179000000.0,2164500000.0,2109000000.0,50.90684544812985,46.13001642806852,45.34850973949776,1.767935121646912,1.951007326007326,1.984629715882627,0.0147794199355483,0.5079140089770848,2008-04-30,0.5,bmo,6912195121.0,2025-04-25,2008-03-31,-0.18,29.065081967213118,5503919.147540984
2007-12-31,IP,USD,51434,2008-02-29,2008-02-29 09:41:47,2007,Q4,5841000000.0,4242000000.0,1599000000.0,0.2737544941,0,500000000.0,769000000.0,769000000.0,316000000.0,1085000000.0,5327000000.0,0.0,79000000.0,278000000.0,792000000.0,0.1355932203,514000000.0,0.0879986304,-75000000.0,439000000.0,0.0751583633,94000000.0,327000000.0,0.0559835645,0.78,0.78,420200000,420600000,https://www.sec.gov/Archives/edgar/data/51434/000119312508042850/0001193125-08-042850-index.htm,https://www.sec.gov/Archives/edgar/data/51434/000119312508042850/d10k.htm,13.900523560209423,0.7782008567348881,1.2755830556877676,0.1237505949547834,2.153736316039981,21.180390290337936,12.494050452165636,20.637791527843884,15.942408376963352,12702646000.0,18417646000.0,9.711503058103975,2.174738229755179,23.698966417910448,244.28165384615383,1.4647885147601476,1.4647885147601476,3.153166581064886,23.25460353535353,34.36127985074627,354.1855,0.025742668102378,0.0040936352945677,0.7633763837638377,0.2740179643197152,7.215909090909091,1.7529932326913067,6.506329113924051,1.5857988165680474,0.008344718100465,0.3241590214067278,0.0856017805170347,0.0,0.1510824123515046,0.9029850746268656,0.0828625235404896,1.7410071942446044,0.0,19.009413683275262,0.0196240174158313,0.0159442196109025,-26.069728700618757,2893000000.0,5250000000.0,-8524000000.0,16684000000.0,3116000000.0,2107500000.0,2050500000.0,48.56702619414484,45.509193776520505,43.93917963224894,1.8531091370558377,1.9776223776223776,2.048285852245292,0.0377075645756457,1.1518324607329844,2008-02-07,0.65,bmo,5502391304.0,2025-04-25,2007-12-31,0.0615384615384614,32.06109375,3338179.125
2007-09-30,IP,USD,51434,2007-11-07,2007-11-07 15:31:14,2007,Q3,5541000000.0,4086000000.0,1455000000.0,0.2625879805,0,455000000.0,710000000.0,710000000.0,319000000.0,1029000000.0,5115000000.0,0.0,77000000.0,277000000.0,669000000.0,0.1207363292,426000000.0,0.0768814293,-111000000.0,315000000.0,0.0568489442,89000000.0,217000000.0,0.039162606,0.51,0.51,422300000,425600000,https://www.sec.gov/Archives/edgar/data/51434/000119312507238365/0001193125-07-238365-index.htm,https://www.sec.gov/Archives/edgar/data/51434/000119312507238365/d10q.htm,13.121004025574235,0.5138527113426474,1.6954771489462468,0.9211461046649302,4.030310206014682,19.363012076722708,10.715131423158892,18.839687426000477,16.23016812692399,14193503000.0,19268503000.0,16.35196198156682,2.561541779462191,19.8233282122905,36.48715424164524,1.7839998743086978,1.7839998743086978,3.4774414365637973,28.80194768310912,26.911317039106144,49.53342673521851,0.0152886852526821,0.0274069058216283,0.8518099547511312,0.2857685009487666,7.585949177877429,1.8627450980392155,5.532467532467533,3.2545454545454544,0.0075386604702165,0.4930875576036866,0.0821151416711784,0.0,0.1539953615854944,0.4567039106145251,0.0590146182999458,1.1805054151624548,0.0,14.758677124177233,0.0150768594730709,0.0108159298210636,-24.88988870471229,3476000000.0,4525000000.0,-8033000000.0,16970000000.0,3040000000.0,2030000000.0,2021500000.0,50.02707092582567,45.59471365638767,44.7136563876652,1.799025974025974,1.9739130434782608,2.012807881773399,0.0272750125691302,0.7743310442813166,2007-11-02,0.57,bmo,5541000000.0,2025-04-25,2007-09-30,0.0,33.808571428571426,4304257.698412699
2007-06-30,IP,USD,51434,2007-08-08,2007-08-08 15:37:58,2007,Q2,5291000000.0,3881000000.0,1410000000.0,0.2664902665,0,441000000.0,695000000.0,695000000.0,316000000.0,1011000000.0,4892000000.0,0.0,80000000.0,269000000.0,643000000.0,0.1215271215,399000000.0,0.0754110754,-105000000.0,294000000.0,0.0555660556,89000000.0,190000000.0,0.0359100359,0.44,0.44,428000000,431200000,https://www.sec.gov/Archives/edgar/data/51434/000119312507175475/0001193125-07-175475-index.htm,https://www.sec.gov/Archives/edgar/data/51434/000119312507175475/d10q.htm,12.36214953271028,0.4439252336448598,0.8948598130841121,0.1962616822429906,3.927570093457944,18.33177570093458,10.093457943925234,17.766355140186917,15.94392523364486,15600600000.000002,20663600000.0,20.527105263157896,2.948516348516349,40.73263707571802,185.7214285714286,2.0516307206733297,2.0516307206733297,3.9054243054243054,32.13623639191291,53.95195822454309,245.9952380952381,0.0121790187556888,0.0053844082919887,0.8869016307206733,0.2912923289564616,7.87402799377916,1.9089740293134485,4.9875,1.915,0.0069869107598425,0.5736842105263158,0.0833490833490833,0.0,0.1522978576364893,0.7806788511749347,0.0565110565110565,1.1115241635687731,0.0,13.321261221223134,0.0140597476103843,0.0096810353612554,-24.225467289719628,3535000000.0,4320000000.0,-7882000000.0,16739000000.0,2962000000.0,1950500000.0,2011000000.0,51.03005103005104,46.14790002576655,46.68126771450657,1.7636666666666667,1.950251256281407,1.9279682066567312,0.0249868490268279,0.6985981308411215,2007-08-02,0.54,bmo,5494500000.0,2025-04-25,2007-06-30,-0.037037037037037,35.593650793650795,3207811.253968254
2007-03-31,IP,USD,51434,2007-05-09,2007-05-09 15:57:21,2007,Q1,5217000000.0,3851000000.0,1366000000.0,0.2618363044,0,435000000.0,691000000.0,691000000.0,304000000.0,995000000.0,4846000000.0,0.0,61000000.0,262000000.0,633000000.0,0.1213341001,371000000.0,0.0711136669,235000000.0,606000000.0,0.1161587119,143000000.0,434000000.0,0.0831895726,0.97,0.97,445300000,448400000,https://www.sec.gov/Archives/edgar/data/51434/000119312507108163/0001193125-07-108163-index.htm,https://www.sec.gov/Archives/edgar/data/51434/000119312507108163/d10q.htm,11.715697282730744,0.9746238490905008,0.5659106220525488,0.1661801033011453,5.367168201212666,18.326970581630363,11.026274421738156,17.796990792724007,15.632158095665844,15131293999.999998,19641294000.0,8.716183179723501,2.900382211999233,60.044817460317454,204.47694594594591,1.9093115457413248,1.9093115457413248,3.764863714778608,31.02890047393365,77.94164285714285,265.4228918918919,0.0286822792551648,0.0048905268776087,0.8706624605678234,0.2891142210676276,7.124802527646129,2.067315075505503,6.081967213114754,0.5514223194748359,0.0075340549195594,0.2626728110599078,0.0833812535940195,0.0,0.1362188887957764,0.7063492063492064,0.0341192256085873,0.6793893129770993,0.0,19.75527429686157,0.0138263399531504,0.0210526315789473,-22.720637772288345,4170000000.0,4910000000.0,-7628000000.0,17413000000.0,2814000000.0,1909000000.0,1959000000.0,50.44278320874066,44.66112698000519,46.95144118410803,1.7841997264021887,2.0151753008895867,1.9168740666998507,0.054763406940063,0.3997305187514035,2007-05-03,0.4,bmo,4637333333.0,2025-04-25,2007-03-31,0.1249999999999999,32.97229508196721,3232536.409836065
2006-12-31,IP,USD,51434,2007-02-28,2007-02-28 16:55:58,2006,Q4,3888000000.0,2735000000.0,1153000000.0,0.2965534979,0,417000000.0,587000000.0,587000000.0,258000000.0,845000000.0,3580000000.0,0.0,80000000.0,214000000.0,4201000000.0,1.0805041152,308000000.0,0.079218107,3599000000.0,3907000000.0,1.0048868313,1662000000.0,1971000000.0,0.5069444444,4.43,4.43,445300000,445300000,https://www.sec.gov/Archives/edgar/data/51434/000119312507042746/0001193125-07-042746-index.htm,https://www.sec.gov/Archives/edgar/data/51434/000119312507042746/d10k.htm,8.73119245452504,4.426229508196721,-0.931955984729396,-1.396811138558275,3.646979564338648,18.36065573770492,11.783067594879856,17.882326521446217,16.40017965416573,14173899000.0,19772899000.0,1.7978055555555554,3.645550154320987,-34.153973493975904,-22.787618971061093,1.779969735024488,1.779969735024488,5.085622170781893,4.7067124494168056,-47.64553975903615,-31.789226688102893,0.1390584199873302,-0.0438834790624654,0.90707019967349,0.3005325788466339,1.3327779100214234,1.861021331609567,3.85,-0.1851025869759143,0.0079724005370716,0.0573313039066463,0.107253086419753,0.0,0.1218690188899059,-0.4987951807228916,0.0532407407407407,0.9672897196261684,0.0,42.20075627047182,0.0088115399493284,0.0933901918976545,-25.26723557152481,3996000000.0,5247000000.0,-7221000000.0,15918000000.0,2876000000.0,1953500000.0,2107500000.0,62.5925925925926,62.75319926873858,62.81901279707496,1.4378698224852071,1.4341898269533295,1.43268727082242,0.2475197789777722,0.4648551538288794,2007-02-01,0.35,bmo,3964680851.0,2025-04-25,2006-12-31,0.3428571428571428,31.45142857142857,2201949.619047619
2006-09-30,IP,USD,51434,2006-11-08,2006-11-08 16:11:02,2006,Q3,5867000000.0,4335000000.0,1532000000.0,0.2611215272,0,471000000.0,762000000.0,762000000.0,363000000.0,1125000000.0,5460000000.0,0.0,144000000.0,300000000.0,715000000.0,0.1218680757,407000000.0,0.0693710585,142000000.0,281000000.0,0.047895006,163000000.0,201000000.0,0.0342594171,0.42,0.41,482500000,484900000,https://www.sec.gov/Archives/edgar/data/51434/000119312506228340/0001193125-06-228340-index.htm,https://www.sec.gov/Archives/edgar/data/51434/000119312506228340/d10q.htm,12.15958549222798,0.416580310880829,1.5875647668393782,0.9637305699481864,1.5253886010362694,12.557512953367876,4.969948186528497,12.174093264248704,21.956476683937822,15599225000.0,25313225000.0,19.402021144278606,2.658807738196693,20.36452349869452,33.54672043010753,2.6556392577459995,2.6556392577459995,4.314509118800069,35.40311188811189,33.045985639686684,54.43704301075269,0.0128852555175016,0.0298091732121307,1.7790262172284643,0.4232654218477865,13.586013986013986,1.3473684210526315,2.826388888888889,7.436893203883495,0.0080132186054114,0.6218905472636815,0.0802795295721834,0.0,0.1482846611851432,0.3929503916449086,0.0513039031873189,1.0033333333333334,0.0,10.682156618681498,0.0081181319540431,0.009558683659882,-29.958549222797927,1749000000.0,2398000000.0,-11846000000.0,15402000000.0,3017500000.0,1999000000.0,2320000000.0,46.75643429350605,41.52249134948097,47.87543252595156,1.9248687664042,2.1675,1.879878577623591,0.0342185903983656,0.6238341968911917,2006-11-02,0.43,bmo,5985820512.0,2025-04-25,2006-09-30,-0.0930232558139534,31.74904761904762,2312990.587301587
2006-06-30,IP,USD,51434,2006-08-07,2006-08-07 17:25:29,2006,Q2,6270000000.0,4666000000.0,1604000000.0,0.2558213716,0,476000000.0,781000000.0,781000000.0,364000000.0,1145000000.0,5811000000.0,0.0,148000000.0,328000000.0,787000000.0,0.1255183413,459000000.0,0.0732057416,-276000000.0,182000000.0,0.0290271132,61000000.0,115000000.0,0.0183413078,0.24,0.24,486900000,487200000,https://www.sec.gov/Archives/edgar/data/51434/000119312506163972/0001193125-06-163972-index.htm,https://www.sec.gov/Archives/edgar/data/51434/000119312506163972/d10q.htm,12.877387553912508,0.2361881289792565,1.2856849455740398,0.6079277058944341,0.5627438899157938,14.994865475456972,7.063051961388376,14.584103512014789,22.509755596631752,14680035000.0,25218035000.0,31.91311956521739,2.3413133971291864,23.45053514376997,49.59471283783784,2.067319391634981,2.067319391634981,4.022015151515151,32.04324650571792,40.284400958466456,85.19606418918919,0.0078337687886983,0.0201634396648236,1.5226024503591042,0.4133975682495985,13.390088945362134,1.382452999104745,3.1013513513513518,-0.5539823008849557,0.0084468463460747,1.0782608695652174,0.0759170653907496,0.0,0.1476638372715454,0.5271565495207667,0.0526315789473684,1.0060975609756098,0.0,8.803597147201135,0.0136579394288743,0.0051588013637179,-31.15988909426987,2136000000.0,3439000000.0,-11132000000.0,16246000000.0,2955000000.0,1974500000.0,2324500000.0,42.8755980861244,38.53836262323189,45.019288469781394,2.099096083026448,2.335335335335335,1.9991431019708656,0.016194902126461,0.6777572396796057,2006-08-01,0.33,bmo,4600682926.0,2025-04-25,2006-06-30,0.2424242424242423,31.87126984126984,3012354.0793650798
2006-03-31,IP,USD,51434,2006-05-09,2006-05-09 17:11:24,2006,Q1,5668000000.0,4229000000.0,1439000000.0,0.2538814397,0,490000000.0,784000000.0,784000000.0,370000000.0,1154000000.0,5383000000.0,0.0,148000000.0,316000000.0,383000000.0,0.0675723359,285000000.0,0.0502822865,-1508000000.0,107000000.0,0.0188779111,35000000.0,-1237000000.0,-0.2182427664,-2.54,-2.54,486300000,486300000,https://www.sec.gov/Archives/edgar/data/51434/000119312506105632/0001193125-06-105632-index.htm,https://www.sec.gov/Archives/edgar/data/51434/000119312506105632/d10q.htm,11.655356775652889,-2.543697306189595,0.5058605798889574,0.1542257865515114,1.4579477688669549,14.933168825827678,7.036808554390294,14.4931112482007,23.861813695249847,15692901000.000002,26439901000.0,-3.171564470493129,2.768684015525759,63.79228048780489,209.23868,2.2265750567536893,2.2265750567536893,4.6647672900494,69.03368407310705,107.47927235772356,352.53201333333334,-0.0788254510749797,0.0047792310676018,1.6254256526674231,0.4300946088001201,28.06005221932115,1.689482470784641,1.925675675675676,3.671641791044776,0.007837938950867,-0.0994341147938561,0.0864502470007057,0.0,0.1441657906592581,0.6951219512195121,0.0301693719124911,0.5411392405063291,0.0,,0.0084341499223581,-0.054263905948412,-31.493419699773803,3304000000.0,3422000000.0,-11278000000.0,17388000000.0,2924500000.0,1861000000.0,2374500000.0,46.41319689484827,41.52045400803973,49.266966185859545,1.939103660622648,2.167606355715018,1.826781857451404,-0.175510783200908,0.351634793337446,2006-05-04,0.15,bmo,4362631578.0,2025-04-25,2006-03-31,0.2666666666666667,31.285,2720601.2741935486
2005-12-31,IP,USD,51434,2006-03-06,2006-03-06 17:08:36,2005,Q4,6134000000.0,4726000000.0,1408000000.0,0.2295402674,0,456000000.0,761000000.0,761000000.0,418000000.0,1179000000.0,5905000000.0,0.0,151000000.0,361000000.0,347000000.0,0.0565699381,229000000.0,0.0373328986,-394000000.0,-165000000.0,-0.0268992501,-87000000.0,-77000000.0,-0.0125529834,-0.16,-0.16,486000000,486300000,https://www.sec.gov/Archives/edgar/data/51434/000119312506046215/0001193125-06-046215-index.htm,https://www.sec.gov/Archives/edgar/data/51434/000119312506046215/d10k.htm,12.621399176954732,-0.1584362139917695,0.2839506172839506,-0.5061728395061729,3.376543209876543,17.617283950617285,6.602880658436214,17.18312757201646,25.42181069958848,15245820000.0,25808820000.0,-49.49941558441559,2.4854613628953373,110.47695652173914,-61.97487804878049,1.8256280684947912,1.8256280684947912,4.207502445386371,74.37700288184438,187.0204347826087,-104.91390243902438,-0.0050505646793678,-0.016135570274344,1.4613818704346784,0.4241771227972611,30.44092219020173,1.5295210569777045,1.5165562913907285,-1.6829268292682926,0.0080021933880893,-1.5844155844155845,0.0743397456798174,0.0,0.1860554030099753,2.782608695652174,0.0626018910987936,1.0637119113573408,0.0,,0.004311555896708,-0.0032880690067469,-31.18621399176955,2565000000.0,3209000000.0,-12800000000.0,19719000000.0,2922000000.0,1904500000.0,2430500000.0,42.93120313009456,33.726195514176894,46.35209479475243,2.096377306903623,2.668548842461886,1.9416598192276089,-0.0092204526404023,0.7901234567901234,2006-02-02,0.07,bmo,4337614284.0,2025-04-25,2005-12-31,0.7142857142857141,28.76746031746032,2759597.365079365
2005-09-30,IP,USD,51434,2005-11-08,2005-11-08 17:26:14,2005,Q3,6036000000.0,4532000000.0,1504000000.0,0.2491716368,0,463000000.0,727000000.0,727000000.0,401000000.0,1128000000.0,5660000000.0,0.0,120000000.0,233000000.0,718000000.0,0.118952949,376000000.0,0.0622929092,-17000000.0,372000000.0,0.0616302187,-373000000.0,1023000000.0,0.1694831014,2.1,2.02,486000000,507100000,https://www.sec.gov/Archives/edgar/data/51434/000119312505219967/0001193125-05-219967-index.htm,https://www.sec.gov/Archives/edgar/data/51434/000119312505219967/d10q.htm,12.419753086419751,2.1049382716049383,1.631687242798354,1.0864197530864197,2.246913580246914,18.662551440329217,8.286008230452675,18.244855967078188,24.049382716049383,13520520000.0,23996520000.0,3.304134897360704,2.239980119284294,17.04983606557377,25.607045454545453,1.524813352881471,1.524813352881471,3.9755666003976144,33.42133704735376,30.26042875157629,45.44795454545454,0.0756627703668202,0.039051752447391,1.3046126085485508,0.4065937928368071,14.590529247910863,1.618840247536099,3.1333333333333333,1.007623888182973,0.0090233215882229,0.1192570869990224,0.0767064280980781,0.0,0.1772521176760043,0.3341740226986128,0.0439032471835652,1.1373390557939915,0.0,29.39552092858721,0.0302608404070154,0.0437030075187969,-30.631687242798357,2700000000.0,4027000000.0,-12318000000.0,19593000000.0,3056500000.0,2117500000.0,2628500000.0,43.5089463220676,40.47219770520741,48.1972639011474,2.068540095956134,2.223748773307164,1.8673259167696743,0.1153716025713319,0.5452674897119342,2005-10-25,0.24,bmo,3252363636.0,2025-04-25,2005-09-30,0.3750000000000001,29.005625,3224680.390625
2005-06-30,IP,USD,51434,2005-08-05,2005-08-05 16:27:15,2005,Q2,6514000000.0,4893000000.0,1621000000.0,0.2488486337,0,498000000.0,762000000.0,762000000.0,447000000.0,1209000000.0,6102000000.0,0.0,166000000.0,390000000.0,772000000.0,0.1185139699,412000000.0,0.0632483881,-152000000.0,269000000.0,0.0412956709,180000000.0,77000000.0,0.0118206939,0.16,0.16,485900000,487400000,https://www.sec.gov/Archives/edgar/data/51434/000119312505159134/0001193125-05-159134-index.htm,https://www.sec.gov/Archives/edgar/data/51434/000119312505159134/d10q.htm,13.406050627701172,0.1584688207450092,0.872607532414077,0.2243259930026754,2.574603827948138,19.74274542086849,9.427865816011526,16.661864581189544,27.88433834122247,13702380000.0,25834380000.0,44.48824675324675,2.103527786306417,32.31693396226415,125.70990825688074,1.692487648221344,1.692487648221344,3.9659778937672714,33.46422279792746,60.93014150943396,237.01266055045872,0.0056194617285464,0.0079548224469033,1.6530385375494072,0.4112026055429238,15.715025906735752,1.7454901108454683,2.4819277108433737,5.5064935064935066,0.0089765427611845,1.5974025974025974,0.0764507215228738,0.0,0.1539974190376697,0.7429245283018868,0.0483573840957936,0.8076923076923077,0.0,7.707703011330175,0.0047802029617755,0.0027965424565991,-36.81981889277629,3430000000.0,4581000000.0,-14922000000.0,21592000000.0,3187500000.0,2185500000.0,2830000000.0,44.14338348173165,40.41079092581239,52.05395462906193,2.038810641627543,2.227127901684115,1.7289752650176675,0.0095108695652173,0.6482815394114015,2005-07-26,0.27,bmo,5023741935.0,2025-04-25,2005-06-30,0.148148148148148,31.4571875,2900632.8125
2005-03-31,IP,USD,51434,2005-05-06,2005-05-05 21:11:30,2005,Q1,6550000000.0,4904000000.0,1646000000.0,0.2512977099,0,522000000.0,789000000.0,789000000.0,455000000.0,1244000000.0,6148000000.0,0.0,179000000.0,392000000.0,794000000.0,0.121221374,402000000.0,0.0613740458,-271000000.0,78000000.0,0.0119083969,18000000.0,77000000.0,0.0117557252,0.16,0.16,486100000,488900000,https://www.sec.gov/Archives/edgar/data/51434/000119312505097937/0001193125-05-097937-index.htm,https://www.sec.gov/Archives/edgar/data/51434/000119312505097937/d10q.htm,13.474593704998972,0.1584036206541864,0.3188644311869986,-0.0740588356305287,3.145443324418844,20.14811767126106,9.866282657889323,16.971816498662825,28.897346225056573,16692674000.000002,29031674000.0,54.19699350649351,2.5484998473282445,107.69467096774194,-463.68538888888895,2.0233544242424246,2.0233544242424246,4.432316641221374,36.563821158690175,187.3011225806452,-806.4353888888888,0.0046128019992482,-0.0021566347009472,1.680969696969697,0.4164189412365252,15.540302267002518,1.9185250607198057,2.2458100558659218,2.012987012987013,0.0073685018949031,1.5974025974025974,0.0796946564885496,0.0,0.1500765696784073,1.232258064516129,0.0291603053435114,0.4872448979591837,0.0,7.77746337860228,0.010620647383939,0.0027203674262497,-37.39971199341699,4160000000.0,4796000000.0,-14820000000.0,22362000000.0,2961500000.0,2100000000.0,2774000000.0,43.69465648854962,39.89804241435563,51.93719412724307,2.059748427672956,2.2557497700092,1.7328621908127209,0.0093333333333333,0.3929232668175272,2005-04-22,0.3,bmo,5256176470.0,2025-04-25,2005-03-31,0.1333333333333334,36.28754098360656,3140324.819672131
2004-12-31,IP,USD,51434,2005-03-10,2005-03-10 17:28:05,2004,Q4,6603000000.0,4888000000.0,1715000000.0,0.2597304256,0,533000000.0,801000000.0,801000000.0,470000000.0,1271000000.0,6159000000.0,0.0,175000000.0,411000000.0,855000000.0,0.129486597,444000000.0,0.0672421627,-236000000.0,208000000.0,0.031500833,38000000.0,248000000.0,0.0375586854,0.51,0.51,486100000,486100000,https://www.sec.gov/Archives/edgar/data/51434/000095011705000925/0000950117-05-000925-index.htm,https://www.sec.gov/Archives/edgar/data/51434/000095011705000925/a39372.htm,13.58362476856614,0.5101830898991977,2.2423369677021188,1.31660152232051,5.3404649249125695,20.164575190290066,9.21209627648632,16.98004525817733,30.47315367208393,19059981000.0,31101981000.0,19.21369052419355,2.886563834620627,17.486221100917433,29.7812203125,2.309181124303368,2.309181124303368,4.7102803271240345,36.37658596491228,28.53392752293578,48.5968453125,0.0130115554679723,0.0335782076592836,1.7734431790646958,0.4277990472572113,14.08421052631579,1.9127668308702792,2.537142857142857,6.942675159235669,0.0063483798855833,0.4879032258064516,0.0807208844464637,0.0,0.155595171990531,0.4128440366972477,0.0681508405270331,1.094890510948905,0.0,13.9612309278235,0.0121565312848686,0.008583393901637,-37.85795103888089,4447000000.0,4478000000.0,-15096000000.0,23203000000.0,2991000000.0,2117000000.0,2702500000.0,37.38755111313039,37.303600654664486,50.04500818330605,2.407218374043018,2.4126357354392893,1.7983811626195731,0.0300460382844681,0.9257354453816088,2005-02-03,0.42,bmo,6017000000.0,2025-04-25,2004-12-31,0.0,37.7553125,2336257.390625
2004-09-30,IP,USD,51434,2004-11-09,2004-11-09 09:55:00,2004,Q3,6578000000.0,4858000000.0,1720000000.0,0.2614776528,0,486000000.0,754000000.0,754000000.0,462000000.0,1216000000.0,6074000000.0,0.0,188000000.0,356000000.0,859000000.0,0.1305868045,504000000.0,0.0766190331,-135000000.0,332000000.0,0.0504712679,122000000.0,-549000000.0,-0.0834600182,-1.13,-1.08,486400000,509000000,https://www.sec.gov/Archives/edgar/data/51434/000095011704003847/0000950117-04-003847-index.htm,https://www.sec.gov/Archives/edgar/data/51434/000095011704003847/a38649.htm,13.523848684210526,-1.128700657894737,1.239720394736842,0.7257401315789473,3.758223684210526,19.27014802631579,8.928865131578947,15.982730263157896,31.32606907894737,18347008000.0,31568008000.0,-8.354739526411656,2.7891468531468533,30.426215588723053,51.9745269121813,2.360047337278106,2.360047337278106,4.799028276071755,36.74971827706636,52.35158872305141,89.42778470254957,-0.0299231351509739,0.0192401943684768,1.9358116799588367,0.4353952088878602,15.39115250291036,1.6650428355451032,2.6808510638297878,4.02,0.0066495855891053,-0.2222222222222222,0.0738826391000304,0.0,0.1455271380627242,0.4145936981757877,0.0380054727880814,0.702247191011236,0.0,,0.0109079306344655,-0.0185887451750524,-40.27600740131579,3959000000.0,4343000000.0,-15279000000.0,22171000000.0,3147500000.0,2256000000.0,2713000000.0,44.31590148981453,40.905722519555376,49.77974475092631,2.0308737264587835,2.20018115942029,1.807964272422776,-0.0706200154360689,0.5139802631578947,2004-10-26,0.45,bmo,6295813953.0,2025-04-25,2004-09-30,-0.0444444444444444,38.8378125,2075113.953125
2004-06-30,IP,USD,51434,2004-08-06,2004-08-06 17:12:04,2004,Q2,6486000000.0,4778000000.0,1708000000.0,0.2633364169,0,478000000.0,766000000.0,766000000.0,459000000.0,1225000000.0,6003000000.0,0.0,183000000.0,397000000.0,880000000.0,0.1356768424,483000000.0,0.0744680851,-322000000.0,162000000.0,0.0249768733,28000000.0,193000000.0,0.0297563984,0.4,0.4,485600000,488200000,https://www.sec.gov/Archives/edgar/data/51434/000095011704002858/0000950117-04-002858-index.htm,https://www.sec.gov/Archives/edgar/data/51434/000095011704002858/a38134.htm,13.35667215815486,0.3974464579901153,0.9699341021416804,0.3315485996705107,3.8344316309719937,20.582784184514004,9.596375617792422,17.024299835255356,30.35831960461285,20264088000.0,32961088000.0,26.248818652849742,3.124281221091582,43.02354140127388,125.863900621118,2.451202128946413,2.451202128946413,5.081882207832254,37.45578181818182,69.98107855626327,204.7272546583851,0.0095242381497751,0.0079450898555118,1.7610983428087577,0.4263999531396438,14.42840909090909,1.5915336056442628,2.639344262295082,4.663366336633663,0.0059711544876828,0.6269430051813472,0.0736971939562133,0.0,0.15625,0.6581740976645435,0.0477952513105149,0.7808564231738035,0.0,12.338580654146924,0.0134945118732188,0.0066992953590891,-38.35564250411861,3186000000.0,4660000000.0,-15577000000.0,22268000000.0,3026000000.0,2294000000.0,2776000000.0,42.40518038852914,43.39891167852658,51.59271661783173,2.1223821989528795,2.0737847222222223,1.7444322745527563,0.0233458328293213,0.6383855024711697,2004-07-26,0.38,bmo,5973947368.0,2025-04-25,2004-06-30,0.0789473684210525,39.06596774193549,2865101.306451613
2004-03-31,IP,USD,51434,2004-05-06,2004-05-06 17:20:31,2004,Q1,6364000000.0,4759000000.0,1605000000.0,0.2521998743,0,522000000.0,805000000.0,805000000.0,465000000.0,1270000000.0,6029000000.0,0.0,196000000.0,401000000.0,736000000.0,0.1156505343,335000000.0,0.0526398492,-210000000.0,125000000.0,0.0196417348,41000000.0,73000000.0,0.0114707731,0.15,0.15,484400000,487400000,https://www.sec.gov/Archives/edgar/data/51434/000095011704001767/0000950117-04-001767-index.htm,https://www.sec.gov/Archives/edgar/data/51434/000095011704001767/a37626.txt,13.137902559867875,0.1507018992568125,0.4624277456647399,-0.0578034682080924,4.591246903385632,20.377786952931466,9.35383980181668,17.025185796862097,32.53303055326177,19109580000.0,32448580000.0,65.44376712328769,3.002762413576367,85.310625,-682.485,2.3171553292106224,2.3171553292106224,5.0987712130735385,44.08774456521739,144.85973214285715,-1158.8778571428572,0.0038200734919344,-0.0014652336681392,1.887110464411301,0.4415912379763357,18.123641304347824,1.4444614912549862,1.7091836734693877,3.2,0.0063319026373159,1.6575342465753424,0.0820238843494657,0.0,0.1515194506710552,1.125,0.0395977372721558,0.628428927680798,0.0,7.597952111109454,0.007385342169149,0.0024412266327793,-40.244632535094965,2897000000.0,4531000000.0,-15957000000.0,22071000000.0,2945000000.0,2236000000.0,2898000000.0,42.36957888120679,43.193948308468165,53.19815087203194,2.1241655540720963,2.083625218914185,1.691788126555279,0.008851703649812,0.5202312138728323,2004-04-23,0.14,bmo,5454857142.0,2025-04-25,2004-03-31,0.1428571428571427,39.94225806451613,2779330.016129032
2003-12-31,IP,USD,51434,2004-03-12,2004-03-12 12:57:19,2003,Q4,6467000000.0,4879000000.0,1588000000.0,0.2455543529,0,508000000.0,790000000.0,790000000.0,473000000.0,1263000000.0,6142000000.0,0.0,185000000.0,418000000.0,743000000.0,0.114890985,325000000.0,0.0502551415,-284000000.0,41000000.0,0.0063398794,-34000000.0,51000000.0,0.0078861914,0.11,0.11,480500000,484400000,https://www.sec.gov/Archives/edgar/data/51434/000095011704000964/0000950117-04-000964-index.htm,https://www.sec.gov/Archives/edgar/data/51434/000095011704000964/a37221.txt,13.458896982310094,0.1061394380853277,1.0822060353798126,0.1186264308012487,4.917793964620187,20.88865764828304,9.148803329864725,17.142559833506763,32.7200832466181,19335320000.0,32509320000.0,94.78098039215686,2.989843822483377,37.18330769230769,339.2161403508772,2.34737404394804,2.34737404394804,5.026955311581877,43.75413189771198,62.51792307692307,570.338947368421,0.0026376599921801,0.0029479729324365,1.8862449921087776,0.4373539760731879,17.730820995962315,1.3724827282081435,1.7567567567567568,10.833333333333334,0.0063096964518818,2.392156862745098,0.0785526519251584,0.0,0.158789584799437,0.8903846153846153,0.0715942477191897,1.1076555023923444,0.0,6.398342561291296,0.0192967053497988,0.0017065988488823,-40.5057232049948,2534000000.0,4396000000.0,-16151000000.0,22450000000.0,2921000000.0,2186500000.0,2962500000.0,40.27524354414721,40.360729657716746,55.0256200040992,2.234623358673117,2.229890310786106,1.635601743211532,0.0061915746024037,0.963579604578564,2004-02-02,0.18,bmo,4670611111.0,2025-04-25,2003-12-31,0.2777777777777779,36.74,2622349.484375
2003-09-30,IP,USD,51434,2003-11-13,2003-11-13 13:43:47,2003,Q3,6373000000.0,4754000000.0,1619000000.0,0.2540404833,0,497000000.0,769000000.0,769000000.0,478000000.0,1247000000.0,6001000000.0,0.0,203000000.0,416000000.0,657000000.0,0.1030911659,372000000.0,0.0583712537,-290000000.0,83000000.0,0.0130236937,-59000000.0,122000000.0,0.0191432606,0.25,0.25,479800000,481800000,https://www.sec.gov/Archives/edgar/data/51434/000095011703004825/0000950117-03-004825-index.htm,https://www.sec.gov/Archives/edgar/data/51434/000095011703004825/a36454.txt,13.282617757398915,0.2542726135889954,1.2692788661942476,0.6940391829929137,3.259691538140892,19.864526886202583,8.751563151313047,16.246352646936224,31.988328470195917,17474316000.0,31055316000.0,35.80802459016394,2.7419293896124275,28.69345812807882,52.47542342342342,2.241733932007697,2.241733932007697,4.872950886552644,47.26836529680365,50.993950738916254,93.2592072072072,0.0069816752770179,0.0190565398954671,1.9429121231558693,0.4372365610023673,20.671232876712327,1.6520473510576363,1.832512315270936,4.991803278688525,0.0068099947374191,0.9754098360655736,0.0779852502745959,0.0,0.1539349846988856,0.4532019704433497,0.043307704377844,0.6634615384615384,0.0,9.640931352756422,0.0211285351218298,0.0041629700402647,-41.39433097123801,3360000000.0,4199000000.0,-16594000000.0,22721000000.0,2971500000.0,2168000000.0,2977000000.0,41.63188451278833,41.36516617585191,55.69625578460244,2.1618046132971505,2.175743707093821,1.6159075458871517,0.0156510583707504,0.5752396832013339,2003-10-27,0.25,bmo,6627920000.0,2025-04-25,2003-09-30,-0.04,36.54671875,2618173.9375
2003-06-30,IP,USD,51434,2003-08-14,2003-08-14 13:22:01,2003,Q2,6264000000.0,4664000000.0,1600000000.0,0.2554278416,0,478000000.0,757000000.0,757000000.0,478000000.0,1235000000.0,5899000000.0,0.0,194000000.0,412000000.0,777000000.0,0.1240421456,365000000.0,0.0582694764,-276000000.0,89000000.0,0.0142081737,-38000000.0,88000000.0,0.0140485313,0.18,0.18,479000000,479000000,https://www.sec.gov/Archives/edgar/data/51434/000095011703003610/0000950117-03-003610-index.htm,https://www.sec.gov/Archives/edgar/data/51434/000095011703003610/a35911.txt,13.077244258872652,0.1837160751565762,1.1816283924843425,0.651356993736952,2.985386221294364,20.029227557411275,8.889352818371608,16.402922755741127,32.24008350730689,15974650000.0,29793650000.0,45.38252840909091,2.550231481481481,28.22376325088339,51.20080128205128,2.033174239531628,2.033174239531628,4.756329821200511,38.34446589446589,52.638957597173146,95.49246794871794,0.0055087278907519,0.0195309443399385,1.9408171057655592,0.4347417037290455,17.785070785070786,1.677564604541895,1.881443298969072,6.431818181818182,0.0074493024886304,1.3522727272727273,0.076309067688378,0.0,0.1521268103546584,0.4487632508833922,0.0405491698595146,0.616504854368932,0.0,8.234276730234305,0.0170958674138125,0.0029589778076664,-42.3794363256785,3461000000.0,4258000000.0,-16913000000.0,23045000000.0,2977000000.0,2106000000.0,3002500000.0,43.0316091954023,41.507289879931385,58.12178387650086,2.091485809682805,2.1682938168293817,1.548472775564409,0.0112002036400661,0.5302713987473904,2003-07-24,0.17,bmo,5527058823.0,2025-04-25,2003-06-30,0.1176470588235293,33.88666666666667,3191024.698412698
2003-03-31,IP,USD,51434,2003-05-14,2003-05-14 16:30:26,2003,Q1,6075000000.0,4506000000.0,1569000000.0,0.2582716049,0,497000000.0,767000000.0,767000000.0,462000000.0,1229000000.0,5735000000.0,0.0,184000000.0,398000000.0,738000000.0,0.1214814815,340000000.0,0.0559670782,-207000000.0,133000000.0,0.0218930041,39000000.0,54000000.0,0.0088888889,0.11,0.11,479000000,480100000,https://www.sec.gov/Archives/edgar/data/51434/000095011703002089/0000950117-03-002089-index.htm,https://www.sec.gov/Archives/edgar/data/51434/000095011703002089/a35274.txt,12.68267223382046,0.1127348643006263,0.2651356993736952,-0.0960334029227557,4.630480167014614,19.08977035490605,7.966597077244259,15.620041753653444,34.17327766179541,15112450000.0,29079450000.0,69.9650462962963,2.4876460905349798,118.9956692913386,-328.5315217391304,2.0198409516172147,2.0198409516172147,4.786740740740741,39.40304878048781,228.97204724409448,-632.1619565217392,0.0035732128145998,-0.0030438479531776,2.1631916599839616,0.4579537094674891,18.925474254742547,1.974458038205624,1.8478260869565213,2.886363636363636,0.007940472921333,2.2222222222222223,0.0818106995884773,0.0,0.1507554750721521,1.3622047244094488,0.028477366255144,0.4346733668341708,0.0,6.294503472716125,0.0077634074848867,0.0017991603918171,-42.3053235908142,4540000000.0,3816000000.0,-16999000000.0,23977000000.0,2869500000.0,2037500000.0,2936000000.0,43.83703703703704,41.16511318242344,59.78029294274301,2.053058465697871,2.186317321688501,1.5055128633478116,0.0072173215717722,0.3611691022964509,2003-04-24,0.12,bmo,5062499999.0,2025-04-25,2003-03-31,0.1666666666666668,33.38573770491804,2981267.7377049183
2002-12-31,IP,USD,51434,2003-02-28,2003-02-28 16:34:28,2002,Q4,6290000000.0,4592000000.0,1698000000.0,0.2699523052,0,530000000.0,807000000.0,807000000.0,441000000.0,1248000000.0,5840000000.0,0.0,193000000.0,393000000.0,843000000.0,0.1340222576,450000000.0,0.0715421304,-722000000.0,-272000000.0,-0.0432432432,-172000000.0,-130000000.0,-0.0206677266,-0.27,-0.27,479000000,479000000,https://www.sec.gov/Archives/edgar/data/51434/000095011703000884/0000950117-03-000884-index.htm,https://www.sec.gov/Archives/edgar/data/51434/000095011703000884/a34643.txt,13.13152400835073,-0.2713987473903966,1.3903966597077244,0.5720250521920668,2.242171189979123,18.419624217119,6.964509394572025,15.394572025052192,31.39874739039666,15634560000.0,29407560000.0,-30.06646153846154,2.485621621621622,23.47531531531532,57.06043795620438,2.1202278275020343,2.1202278275020343,4.675287758346582,34.884412811387904,44.15549549549549,107.32686131386862,-0.0083149126038724,0.0175252773343157,2.013425549227014,0.4393643465909091,16.338078291814945,1.6898886219698623,2.33160621761658,-0.5103448275862069,0.0076753039420361,-0.9230769230769232,0.0842607313195548,0.0,0.1623757102272727,0.5885885885885885,0.0623211446740858,0.9974554707379136,0.0,,0.0056632723948443,-0.0045928281222398,-42.52713987473904,3159000000.0,3336000000.0,-17231000000.0,22813000000.0,2831000000.0,2018500000.0,2862500000.0,39.77742448330683,39.47299651567944,56.426393728223,2.262589928057554,2.2800397219463755,1.5949982632858632,-0.0176295090859777,0.8183716075156576,2003-01-30,0.27,bmo,4892222222.0,2025-04-25,2002-12-31,0.2222222222222222,33.375,2884569.484375
2002-09-30,IP,USD,51434,2002-11-13,2002-11-13 12:11:57,2002,Q3,6343000000.0,4611000000.0,1732000000.0,0.2730569131,0,509000000.0,790000000.0,790000000.0,472000000.0,1262000000.0,5873000000.0,0.0,186000000.0,407000000.0,877000000.0,0.1382626517,470000000.0,0.0740974302,-202000000.0,268000000.0,0.0422513006,85000000.0,145000000.0,0.0228598455,0.3,0.3,481100000,481100000,https://www.sec.gov/Archives/edgar/data/51434/000095011702002661/0000950117-02-002661-index.htm,https://www.sec.gov/Archives/edgar/data/51434/000095011702002661/a33699.txt,13.184369154022033,0.3013926418623986,1.4965703595926003,1.016420702556641,2.06609852421534,24.017875701517355,10.33257119102058,21.11619205986281,30.44897110787778,14995887000.0,28464887000.0,25.8549775862069,2.36416317200063,20.82762083333333,30.66643558282209,1.476118417167044,1.476118417167044,4.487606337695097,32.457111744583806,39.53456527777778,58.21040286298569,0.0096693179936605,0.0326089413717241,1.4236637464317354,0.3987043418332184,15.358038768529076,1.561465030196766,2.5268817204301075,4.965517241379311,0.0080688791533305,0.8344827586206897,0.0802459404067476,0.0,0.1815024121295658,0.3208333333333333,0.0364180986914709,0.5675675675675675,0.0,11.966451458030772,0.0100687970076204,0.0048836347714795,-41.865516524631055,2882000000.0,4971000000.0,-16705000000.0,23486000000.0,2937500000.0,2028500000.0,2865500000.0,40.89232224499448,39.48601171112557,55.54977228366948,2.2009021512838305,2.27928818586258,1.6201686577652843,0.0142730583718869,0.4801496570359592,2002-10-23,0.31,bmo,6138387096.0,2025-04-25,2002-09-30,0.032258064516129,35.5471875,3526600.484375
2002-06-30,IP,USD,51434,2002-08-13,2002-08-13 13:49:44,2002,Q2,6305000000.0,4588000000.0,1717000000.0,0.2723235527,0,492000000.0,761000000.0,761000000.0,470000000.0,1231000000.0,5819000000.0,0.0,199000000.0,405000000.0,891000000.0,0.1413164155,486000000.0,0.0770816812,-250000000.0,236000000.0,0.0374306106,-10000000.0,215000000.0,0.0340999207,0.45,0.44,482700000,484700000,https://www.sec.gov/Archives/edgar/data/51434/000095011702001859/0000950117-02-001859-index.htm,https://www.sec.gov/Archives/edgar/data/51434/000095011702001859/a33141.txt,13.061943235964367,0.4454112285063186,1.006836544437539,0.5241350735446447,1.7360679511083488,24.60948829500725,10.950901180857675,21.64905738553967,30.381189144396107,19308000000.0,32936000000.0,22.451162790697676,3.062331482950039,39.72839506172839,76.31620553359684,1.8476555023923444,1.8476555023923444,5.223790642347344,36.9652076318743,67.76954732510288,130.1818181818182,0.0111352807126579,0.0131033768386161,1.3843062200956937,0.393236741240112,15.295173961840629,1.8345745881290905,2.442211055276382,2.26046511627907,0.0062150403977625,0.5581395348837209,0.0780333068992862,0.0,0.1792209204338489,0.4794238683127572,0.03695479777954,0.5753086419753086,0.0,14.72961296291192,0.0156568556168557,0.0071206199907266,-42.22653822249845,3698000000.0,5286000000.0,-16779000000.0,24490000000.0,2911000000.0,1921000000.0,2812500000.0,42.72323552735924,39.89973844812555,56.59328683522232,2.1065820247243567,2.255653883972468,1.5902946273830156,0.0205741626794258,0.4827014708928941,2002-07-18,0.2,bmo,5851828125.0,2025-04-25,2002-06-30,0.7499999999999998,39.6859375,2873334.28125
2002-03-31,IP,USD,51434,2002-05-08,2002-05-08 15:41:30,2002,Q1,6038000000.0,4465000000.0,1573000000.0,0.2605167274,0,515000000.0,786000000.0,786000000.0,453000000.0,1239000000.0,5704000000.0,0.0,205000000.0,382000000.0,716000000.0,0.118582312,334000000.0,0.0553163299,-195000000.0,139000000.0,0.0230208678,43000000.0,65000000.0,0.010765154,0.13,0.13,482300000,484300000,https://www.sec.gov/Archives/edgar/data/51434/000095011702001118/0000950117-02-001118-index.htm,https://www.sec.gov/Archives/edgar/data/51434/000095011702001118/a32619.txt,12.519178934273274,0.1347708894878706,0.4602944225585735,0.1430644826871241,2.004976155919552,24.17375077752436,10.572257930748496,21.476259589467137,31.391250259174782,19094257000.0,33062257000.0,73.43945000000001,3.162347962901623,86.01016666666668,276.7283623188406,1.843430874686233,1.843430874686233,5.475696753892017,46.17633659217877,148.9290855855856,479.1631449275362,0.0034041649277057,0.0036136520001799,1.4418806719443908,0.4050059659399067,19.50837988826816,1.7117316191241465,1.6292682926829267,3.4153846153846152,0.0063369839423445,1.8615384615384616,0.0852931434249751,0.0,0.1778934808547564,0.6891891891891891,0.0253395163961576,0.4005235602094241,0.0,8.069908839278185,0.0070744398133163,0.0021440823327615,-43.04012025710139,3543000000.0,5099000000.0,-16696000000.0,24233000000.0,2803500000.0,1800500000.0,2736500000.0,42.16793640278238,36.443449048152296,55.22956326987682,2.1343230823612585,2.4695796460176997,1.6295620437956204,0.0062753427302568,0.3172299398714493,2002-04-19,0.07,bmo,4269728569.0,2025-04-25,2002-03-31,0.7142857142857141,39.571,3431707.6666666665
2001-12-31,IP,USD,51434,2002-03-18,2002-03-18 00:00:00,2001,Q4,6254000000.0,4568000000.0,1686000000.0,0.269587464,0,583000000.0,848000000.0,848000000.0,515000000.0,1363000000.0,5931000000.0,0.0,211000000.0,463000000.0,786000000.0,0.1256795651,323000000.0,0.051646946,-956000000.0,-633000000.0,-0.1012152223,-96000000.0,-572000000.0,-0.0914614647,-1.19,-1.19,481700000,482300000,https://www.sec.gov/Archives/edgar/data/51434/000095013002001668/0000950130-02-001668-index.htm,https://www.sec.gov/Archives/edgar/data/51434/000095013002001668/d10k405.txt,12.983184554702095,-1.1874610753581067,1.428274859871289,0.6788457546190575,2.5410006227942703,24.008719119784097,10.423500103799045,21.363919451941044,32.03238530205522,18145639000.0,32140639000.0,-7.930786276223777,2.901445314998401,26.37447529069768,55.491250764526,1.763253230978525,1.763253230978525,5.139213143588104,40.89139821882952,46.716045058139535,98.28941590214068,-0.0315227256532547,0.0180208588961788,1.4788650276941016,0.4095753269820765,17.80534351145038,1.546706363974693,1.5308056872037914,-1.2027972027972027,0.0066682688881885,-0.2115384615384615,0.0932203389830508,0.0,0.1761128155444319,0.5247093023255814,0.0577230572433642,0.7796976241900648,0.0,,0.0083691462694932,-0.0186842621023061,-43.4274444675109,2938000000.0,5021000000.0,-17281000000.0,23943000000.0,2930500000.0,1751500000.0,2736500000.0,39.977614326830825,35.326182136602455,53.846322241681264,2.2512598992080632,2.547685443390965,1.6714233443102815,-0.055582547857351,0.7494291052522317,2002-01-22,0.03,bmo,11257200000.0,2025-04-25,2001-12-31,3.0,35.754375,2549041.546875
2001-09-30,IP,USD,51434,2001-11-14,2001-11-14 00:00:00,2001,Q3,6529000000.0,4789000000.0,1740000000.0,0.266503293,0,530000000.0,817000000.0,817000000.0,541000000.0,1358000000.0,6147000000.0,0.0,235000000.0,474000000.0,856000000.0,0.1311073671,382000000.0,0.0585081942,-669000000.0,-287000000.0,-0.0439577271,-45000000.0,-275000000.0,-0.0421197733,-0.57,-0.57,482900000,482900000,https://www.sec.gov/Archives/edgar/data/51434/000095011701501637/0000950117-01-501637-index.htm,https://www.sec.gov/Archives/edgar/data/51434/000095011701501637/a31572.txt,13.520397597846346,-0.5694760820045558,1.5137709670739283,1.0374818803064816,4.18098985297163,25.243321598674672,11.708428246013668,22.4477117415614,34.39014288672603,15433484000.0,29786484000.0,-14.03044,2.3638358094654617,21.112837209302327,30.805357285429142,1.4237531365313654,1.4237531365313654,4.5621816510951145,34.79729439252336,40.74758413132695,59.45405988023952,-0.0178184005633465,0.032461886117224,1.5103321033210333,0.4161455950383814,16.76752336448598,1.7069943289224954,1.625531914893617,-2.658181818181818,0.0078400962478724,-0.44,0.0811762903966916,0.0,0.1661328859742768,0.3146374829001368,0.0352274467759228,0.4852320675105485,0.0,,0.0092756012675437,-0.0083826129366579,-44.42068751294264,4114000000.0,5654000000.0,-17219000000.0,25483000000.0,3134000000.0,1770000000.0,2832500000.0,42.49808546484913,32.13614533305492,51.49300480267279,2.117742458644177,2.8005847953216376,1.7478102189781022,-0.0253690036900369,0.4762890867674467,2001-10-17,0.05,bmo,2331785714.0,2025-04-25,2001-09-30,1.8,35.95033898305085,3036132.474576271
2001-06-30,IP,USD,51434,2001-08-13,2001-08-13 00:00:00,2001,Q2,6686000000.0,4914000000.0,1772000000.0,0.2650314089,0,582000000.0,859000000.0,859000000.0,528000000.0,1387000000.0,6301000000.0,0.0,235000000.0,457000000.0,842000000.0,0.1259347891,385000000.0,0.0575830093,-817000000.0,-432000000.0,-0.0646126234,-156000000.0,-313000000.0,-0.0468142387,-0.65,-0.65,483100000,483100000,https://www.sec.gov/Archives/edgar/data/51434/000095011701500915/0000950117-01-500915-index.htm,https://www.sec.gov/Archives/edgar/data/51434/000095011701500915/a31151.txt,13.839784723659696,-0.6478989857172428,0.498861519354171,-0.0579590146967501,1.5379838542744773,26.019457669219623,12.343200165597183,23.24363485820741,33.322293521010145,16101723000.0,31221723000.0,-12.860801118210862,2.4082744540831587,66.81212863070539,-575.0615357142857,1.4339409564520438,1.4339409564520438,4.669716272808854,37.08043111638955,129.55071784232365,-1115.0615357142858,-0.0194389134628635,-0.001738944335336,1.412681449817437,0.4033820724729816,17.95724465558195,1.628138974888201,1.6382978723404256,-0.7699680511182109,0.0074526185800115,-0.3833865814696485,0.087047562069997,0.0,0.1680101716465352,1.116182572614108,0.0402333233622494,0.5886214442013129,0.0,,0.0070718251458289,-0.0095665994253927,-45.8719726764645,3652000000.0,5963000000.0,-17289000000.0,25377000000.0,3250000000.0,1912000000.0,2965500000.0,42.8731678133413,33.51648351648352,53.57142857142857,2.099215070643642,2.685245901639344,1.68,-0.0278742541633271,0.5568205340509211,2001-07-17,0.06,bmo,6205443746.0,2025-04-25,2001-06-30,1.1666666666666667,35.17603174603175,2765837.8253968256
2001-03-31,IP,USD,51434,2001-05-14,2001-05-14 00:00:00,2001,Q1,6894000000.0,5138000000.0,1756000000.0,0.2547142443,0,584000000.0,860000000.0,860000000.0,551000000.0,1411000000.0,6549000000.0,0.0,248000000.0,476000000.0,821000000.0,0.119089063,345000000.0,0.0500435161,-258000000.0,87000000.0,0.0126196693,27000000.0,18000000.0,0.0026109661,0.0373,0.0372,482700000,483700000,https://www.sec.gov/Archives/edgar/data/51434/000095011701500335/0000950117-01-500335-index.htm,https://www.sec.gov/Archives/edgar/data/51434/000095011701500335/a29697.txt,14.282162834058422,0.0372902423865755,0.1118707271597265,-0.2796768178993163,2.3182100683654445,27.232235342863063,13.820178164491402,24.472757406256477,33.501139424072925,16257336000.0,31061336000.0,225.7963333333333,2.358186248912097,301.06177777777776,-120.42471111111112,1.3762241598239229,1.3762241598239229,4.505560777487671,37.83353958587089,575.209925925926,-230.0839703703704,0.0011071924699101,-0.0083039435243264,1.3479217810886313,0.3930052325007404,18.03166869671133,1.5144776119402985,1.3911290322580645,-1.2272727272727273,0.0073812831327346,6.666666666666667,0.0847113431969828,0.0,0.1597887254418007,3.5,0.0274151436031331,0.3970588235294117,0.0,4.531378239543816,0.0066422220061628,0.0005287585923271,-46.121296871763,3447000000.0,6671000000.0,-17224000000.0,25335000000.0,3385500000.0,2069500000.0,3094000000.0,43.27676240208877,34.92798754379136,52.65472946671857,2.079638009049774,2.5767301905717157,1.7092481703260147,0.0015237450266655,0.3915475450590429,2001-04-18,0.05,bmo,6894000000.0,2025-04-25,2001-03-31,0.0,34.96322580645161,3001809.209677419
2000-12-31,IP,USD,51434,2002-01-16,2002-01-16 00:00:00,2000,Q4,7228000000.0,5137000000.0,2091000000.0,0.2892916436,0,646000000.0,878000000.0,878000000.0,713000000.0,1591000000.0,6728000000.0,0.0,251000000.0,613000000.0,1113000000.0,0.1539845047,500000000.0,0.0691754289,-1003000000.0,-503000000.0,-0.0695904815,-232000000.0,-371000000.0,-0.0513281682,-0.77,-0.77,481700000,482700000,https://www.sec.gov/Archives/edgar/data/51434/000095010302000036/0000950103-02-000036-index.htm,https://www.sec.gov/Archives/edgar/data/51434/000095010302000036/jan1602_10ka2.txt,15.00518995225244,-0.7701889142619888,1.141789495536641,0.2200539755034253,2.487025119368902,27.795308283163795,14.68964085530413,24.982354162341707,34.91592277351048,18352770000.0,33722770000.0,-12.367095687331537,2.5391214720531265,33.36867272727273,173.1393396226415,1.5250764500581686,1.5250764500581686,4.665574156059767,30.29898472596586,61.31412727272727,318.1393396226415,-0.0202149321328605,0.005775694895103,1.3767658301479142,0.3934550808615735,13.80952380952381,1.4103601780655606,1.99203187250996,-1.482479784366577,0.0065385225227581,-0.3234501347708894,0.0893746541228555,0.0,0.1499204445605452,0.8072727272727273,0.0614277808522412,0.7243066884176182,0.0,,0.0073180217275575,-0.0103642865124594,-48.45131824787211,3042000000.0,7076000000.0,-18265000000.0,25366000000.0,3592500000.0,1987000000.0,3290000000.0,43.03265080243498,37.58029978586724,55.748491337356434,2.091435185185185,2.394871794871795,1.6143934632306725,-0.0308293169353498,0.9217355200332156,2001-01-24,0.32,bmo,8131500000.0,2025-04-25,2000-12-31,-0.1249999999999999,32.31349206349206,3389699.507936508
2000-09-30,IP,USD,51434,2000-11-13,2000-11-13 00:00:00,2000,Q3,7801000000.0,5611000000.0,2190000000.0,0.2807332393,0,553000000.0,888000000.0,888000000.0,579000000.0,1467000000.0,7078000000.0,0.0,278000000.0,516000000.0,1167000000.0,0.1495962056,723000000.0,0.0926804256,-412000000.0,311000000.0,0.0398666838,71000000.0,-135000000.0,-0.0173054737,-0.28,-0.28,481600000,481700000,https://www.sec.gov/Archives/edgar/data/51434/000100547700007774/0001005477-00-007774-index.htm,https://www.sec.gov/Archives/edgar/data/51434/000100547700007774/0001005477-00-007774-0001.txt,16.19808970099668,-0.2803156146179402,1.893687707641196,1.021594684385382,2.4314784053156147,29.0656146179402,15.69767441860465,26.1046511627907,36.721345514950166,12897248000.0,29133248000.0,-23.883792592592595,1.653281374182797,14.141719298245617,26.21391869918699,1.0258708240534522,1.0258708240534522,3.7345530060248686,24.964222793487576,31.94435087719298,59.21391869918699,-0.0104673493135899,0.0381476730539724,1.3845847916003815,0.405143721633888,13.912596401028278,1.339836540996573,2.6007194244604315,-6.755555555555556,0.0093043105009688,-0.8888888888888888,0.0708883476477374,0.0,0.1498428953799604,0.4605263157894737,0.0538392513780284,0.813953488372093,0.0,,0.0145711034495441,-0.0036958961863826,-48.38091777408638,2578000000.0,7560000000.0,-18803000000.0,26388000000.0,3899500000.0,1903500000.0,3570500000.0,43.021407511857454,29.337016574585636,54.503653537693815,2.0919817645481364,3.067796610169492,1.6512654502648616,-0.0107381482659879,0.872093023255814,2000-10-18,0.53,bmo,7801000000.0,2025-04-25,2000-09-30,0.0,30.34269841269841,3126540.492063492
2000-06-30,IP,USD,51434,2000-08-11,2000-08-11 00:00:00,2000,Q2,6780000000.0,4770000000.0,2010000000.0,0.296460177,0,563000000.0,834000000.0,834000000.0,465000000.0,1299000000.0,6069000000.0,0.0,156000000.0,404000000.0,1075000000.0,0.1585545723,711000000.0,0.1048672566,-231000000.0,480000000.0,0.0707964602,142000000.0,270000000.0,0.0398230088,0.64,0.63,421000000,429600000,https://www.sec.gov/Archives/edgar/data/51434/000091205700036595/0000912057-00-036595-index.htm,https://www.sec.gov/Archives/edgar/data/51434/000091205700036595/a10-q.txt,16.104513064133016,0.6413301662707839,1.0285035629453685,0.3776722090261282,2.7197149643705463,35.019002375296914,19.102137767220903,30.97624703087886,42.85273159144893,11716430000.0,28456430000.0,10.848546296296297,1.7280870206489676,27.0587297921478,73.6882389937107,0.8984303350970018,0.8984303350970018,4.197113569321534,26.471097674418605,65.71923787528868,178.97125786163522,0.0230445622087956,0.0135706866340685,1.3714439076757918,0.402307899946014,15.572093023255814,1.2204301075268815,4.557692307692308,1.6037037037037036,0.0087910737315035,0.3814814814814815,0.0830383480825958,0.0,0.1507333093395717,0.6327944572748267,0.0404129793510324,0.6782178217821783,0.0,21.14202065371388,0.0125823050438541,0.0071513706793802,-56.16152019002375,1722000000.0,8042000000.0,-20179000000.0,27154000000.0,3739500000.0,1926000000.0,3524500000.0,54.02654867256638,37.320754716981135,70.62264150943396,1.6658476658476655,2.411526794742164,1.274378840502271,0.020703933747412,0.6508313539192399,2000-07-11,0.74,bmo,6689600000.0,2025-04-25,2000-06-30,0.0135135135135135,34.038888888888884,3552269.634920635
2000-03-31,IP,USD,51434,2000-05-12,2000-05-12 00:00:00,2000,Q1,6371000000.0,4564000000.0,1807000000.0,0.2836289437,0,521000000.0,787000000.0,787000000.0,446000000.0,1233000000.0,5797000000.0,0.0,131000000.0,383000000.0,992000000.0,0.1557055407,574000000.0,0.0900957464,-139000000.0,435000000.0,0.0682781353,136000000.0,378000000.0,0.0593313452,0.91,0.89,413500000,423000000,https://www.sec.gov/Archives/edgar/data/51434/000091205700023671/0000912057-00-023671-index.html,https://www.sec.gov/Archives/edgar/data/51434/000091205700023671/,15.407496977025392,0.9141475211608222,1.293833131801693,0.7762998790810157,3.806529625151149,29.57194679564692,21.816203143893592,25.46311970979444,26.324062877871825,16502784999.999998,25682785000.0,10.914540343915345,2.5902974415319413,30.846327102803738,51.41054517133956,1.5673648969512772,1.5673648969512772,4.03120153822006,25.88990423387097,48.00520560747663,80.00867601246105,0.0229052247847863,0.0194512623172391,1.021369550764555,0.3408665884814099,9.254032258064516,1.584109589041096,4.3816793893129775,1.4153439153439151,0.0063019666074544,0.2751322751322751,0.0817768011301208,0.0,0.1016513994104409,0.4,0.0335897033432742,0.5587467362924282,0.0,22.885226122630336,0.0142059744620902,0.0133370968880107,-32.738210399032646,3198000000.0,9021000000.0,-10648000000.0,20794000000.0,3318000000.0,1872000000.0,3254500000.0,48.1572751530372,36.954425942156,65.19281332164768,1.8688765033734231,2.4354322305229457,1.380520266182698,0.0359008452844524,0.5175332527206772,2000-04-11,0.58,bmo,6158633333.0,2025-04-25,2000-03-31,0.0344827586206896,40.887142857142855,3403410.4444444445
1999-12-31,IP,USD,51434,2000-03-27,2000-03-27 00:00:00,1999,Q4,6294000000.0,4516000000.0,1778000000.0,0.2824912615,0,812000000.0,0.0,812000000.0,474000000.0,1286000000.0,5802000000.0,0.0,0.0,380000000.0,360000000.0,0.0571973308,492000000.0,0.0781696854,-227000000.0,265000000.0,0.0421035907,22000000.0,80000000.0,0.012710518,0.19,0.19,413300000,413500000,https://www.sec.gov/Archives/edgar/data/51434/000091205700013809/0000912057-00-013809-index.html,https://www.sec.gov/Archives/edgar/data/51434/000091205700013809/,15.228647471570287,0.19356399709654,1.3815630292765546,0.3338978949915315,1.096056133559158,28.75635131865473,22.46068231308977,24.93104282603436,24.78828937817566,21772644000.0,31564644000.0,68.0395125,3.4592697807435653,38.13072504378284,157.77278260869565,2.113028338509317,2.113028338509317,5.015037178265015,87.67956666666667,55.27958669001751,228.7293043478261,0.0036743355561226,0.0063382288343115,0.9942740683229814,0.3384762785780362,27.2,1.652441807393884,0.0,8.921875,0.0047766362229594,1.3,0.1290117572291071,0.0,0.0859653759746266,0.7583187390542907,0.0687956784238957,1.1394736842105264,0.0,10.420145237799,0.0168303632388693,0.0028916359430347,-33.65170578272441,2859000000.0,9283000000.0,-11142000000.0,19842000000.0,3260500000.0,1740500000.0,3195500000.0,46.14394661582459,37.267493356953054,63.83303808680248,1.9504183452122712,2.4149732620320856,1.4099281923197002,0.0077639751552795,1.047665134285023,2000-01-11,0.53,bmo,6056490566.0,2025-04-25,1999-12-31,0.0377358490566038,48.3409375,2081804.84375
1999-09-30,IP,USD,51434,1999-11-18,1999-11-18 00:00:00,1999,Q3,6251000000.0,4593000000.0,1658000000.0,0.265237562,0,763000000.0,0.0,763000000.0,441000000.0,1204000000.0,5797000000.0,0.0,134000000.0,383000000.0,915000000.0,0.1463765797,454000000.0,0.0726283795,-212000000.0,199000000.0,0.0318349064,54000000.0,142000000.0,0.0227163654,0.34,0.34,413500000,416800000,https://www.sec.gov/Archives/edgar/data/51434/000100547799005464/0001005477-99-005464-index.html,https://www.sec.gov/Archives/edgar/data/51434/000100547799005464/,15.117291414752115,0.343409915356711,1.097944377267231,0.5006045949214026,0.8536880290205562,33.600967351874246,27.223700120918984,25.185006045949216,21.388149939540508,18553745000.0,26910745000.0,32.66504401408451,2.968124300111982,40.867279735682814,89.63161835748792,1.7816156135970806,1.7816156135970806,4.305030395136778,29.410650273224043,59.27476872246696,130.0035990338164,0.0076534413941767,0.0111567772436238,0.8363741117726138,0.2856955423623183,9.133333333333333,1.6386803185437997,3.388059701492537,3.1310344827586207,0.0054975424099016,0.7183098591549296,0.122060470324748,0.0,0.0864958834913241,0.5440528634361234,0.0395136778115501,0.6449086161879896,0.0,13.949823220248982,0.0121538695018187,0.0050987432675044,-29.44498186215236,2807000000.0,11257000000.0,-9391000000.0,23068000000.0,3206500000.0,1608000000.0,3133000000.0,47.42601183810591,31.5676028739386,62.468974526453295,1.897692774741955,2.851024208566108,1.440715181932246,0.0136354906856155,0.5973397823458283,1999-10-12,0.4,bmo,5435652173.0,2025-04-25,1999-09-30,0.15,48.30421875,1934534.296875
1999-06-30,IP,USD,51434,1999-08-16,1999-08-16 00:00:00,1999,Q2,5996000000.0,4420000000.0,1576000000.0,0.2628418946,0,826000000.0,0.0,826000000.0,431000000.0,1257000000.0,5677000000.0,0.0,123000000.0,450000000.0,1001000000.0,0.1669446298,319000000.0,0.0532021348,-355000000.0,-76000000.0,-0.0126751167,-18000000.0,-71000000.0,-0.0118412275,-0.17,-0.17,413000000,413000000,https://www.sec.gov/Archives/edgar/data/51434/000100547799003748/0001005477-99-003748-index.html,https://www.sec.gov/Archives/edgar/data/51434/000100547799003748/,14.5181598062954,-0.171912832929782,1.0508474576271187,0.297820823244552,1.5108958837772395,33.62227602905569,27.1864406779661,25.17675544794189,22.43099273607748,19373830000.0,27890830000.0,-68.21771126760564,3.231125750500333,44.640161290322574,157.51081300813007,1.8632265820350065,1.8632265820350065,4.651572715143429,27.862967032967035,64.26458525345622,226.75471544715447,-0.0036647374318862,0.0063487704805916,0.8791113675706866,0.2966701285213553,8.508491508491508,1.5562999783877245,2.5934959349593494,-6.2,0.0069681627226005,-1.9014084507042253,0.1377585056704469,0.0,0.0862650915227833,0.716589861751152,0.0518679119412942,0.6911111111111111,0.0,,0.008785224943923,-0.0025218441429281,-30.081719128329297,2574000000.0,11228000000.0,-9725000000.0,23058000000.0,2840500000.0,1495500000.0,2864500000.0,46.8162108072048,32.68099547511312,62.67420814479638,1.922411029176018,2.7538940809968846,1.4359974009096816,-0.006828236199269,0.7530266343825666,1999-07-13,0.22,bmo,5496333333.0,2025-04-25,1999-06-30,0.0909090909090908,49.233809523809526,2859442.53968254
1999-03-31,IP,USD,51434,1999-05-17,1999-05-17 00:00:00,1999,Q1,4962000000.0,3789000000.0,1173000000.0,0.2363966143,0,599000000.0,0.0,599000000.0,352000000.0,951000000.0,4740000000.0,0.0,143000000.0,307000000.0,528000000.0,0.1064087062,222000000.0,0.0447400242,-142000000.0,77000000.0,0.0155179363,33000000.0,44000000.0,0.0088673922,0.11,0.11,412100000,414400000,https://www.sec.gov/Archives/edgar/data/51434/000104746999020956/0001047469-99-020956-index.html,https://www.sec.gov/Archives/edgar/data/51434/,12.040766804173744,0.1067702014074253,0.6527541858772142,0.2936180538704198,0.9779179810725552,29.3108468818248,23.0186847852463,21.055569036641597,18.49065760737685,16228498000.000002,23302498000.0,92.207375,3.27055582426441,60.32898884758365,134.1198181818182,1.8702890399907803,1.8702890399907803,4.696190648931882,44.13351893939394,86.62638661710037,192.58262809917355,0.0027112798732205,0.0074560196513565,0.8617033536936729,0.2860367253251721,13.397727272727272,1.6070658036677454,1.5524475524475525,6.113636363636363,0.0047447397781359,1.75,0.1207174526400644,0.0,0.0991966335118592,0.550185873605948,0.0298266827891979,0.4820846905537459,0.0,7.112131558314911,0.0053915229230797,0.0018686032190937,-25.263285610288765,2251000000.0,9486000000.0,-8102000000.0,19455000000.0,2515500000.0,1597000000.0,2685000000.0,46.46916565900846,32.92161520190024,62.96912114014252,1.936768149882904,2.7337662337662336,1.4292719728404375,0.0050708770312319,0.3591361320067944,1999-04-13,0.06,bmo,4093650000.0,2025-04-25,1999-03-31,1.3333333333333337,39.864754098360656,2097202.721311476
1998-12-31,IP,USD,51434,1999-03-31,1999-03-31 00:00:00,1998,Q4,5027000000.0,3803000000.0,1224000000.0,0.24348518,0,652000000.0,0.0,652000000.0,333000000.0,985000000.0,4788000000.0,0.0,0.0,296000000.0,407000000.0,0.0809628009,239000000.0,0.0475432664,-98000000.0,141000000.0,0.0280485379,11000000.0,54000000.0,0.0107419932,0.13,0.13,412100000,412100000,https://www.sec.gov/Archives/edgar/data/51434/0001047469-99-012865-index.html,https://www.sec.gov/Archives/edgar/data/51434/0001047469-99-012865.txt,12.19849551079835,0.1310361562727493,1.6185391895171075,0.7376850279058481,1.1574860470759525,25.503518563455472,19.123999029361805,21.601553021111386,22.53336568793982,17238143000.0,26047143000.0,79.80621759259259,3.4291113984483785,25.84429235382309,56.70441776315789,1.9364348461019991,1.9364348461019991,5.1814487766063255,63.99789434889435,39.05118890554723,85.68139144736843,0.0031325880055641,0.0176353102535464,1.0431363738485733,0.3523296403096069,21.643734643734643,1.652915291529153,0.0,12.351851851851851,0.0044668384523785,1.4259259259259258,0.1296996220409787,0.0,0.0997495826377295,0.5442278860569715,0.0722100656455142,1.226351351351351,0.0,7.9804856206680626,0.0091289506143457,0.0022758882286003,-29.501941276389225,2374000000.0,7881000000.0,-9836000000.0,17082000000.0,2492500000.0,1519000000.0,2724000000.0,44.20330216829123,42.78727320536419,64.34656849855378,2.036046982584042,2.103429203539823,1.39867598381758,0.0060660525724556,0.8808541616112594,1999-01-12,0.13,bmo,4785317307.0,2025-04-25,1998-12-31,0.6153846153846153,41.64375,1330392.234375
1998-09-30,IP,USD,51434,1999-03-29,1999-03-29 00:00:00,1998,Q3,4939000000.0,3780000000.0,1159000000.0,0.2346628872,0,578000000.0,0.0,578000000.0,346000000.0,924000000.0,4704000000.0,0.0,0.0,301000000.0,652000000.0,0.1320105284,235000000.0,0.0475804819,-299000000.0,6000000.0,0.0012148208,-15000000.0,21000000.0,0.0042518728,0.0509,0.0509,412200000,412300000,https://www.sec.gov/Archives/edgar/data/51434/000104746999011891/0001047469-99-011891-index.html,https://www.sec.gov/Archives/edgar/data/51434/,11.98204754973314,0.0509461426491994,1.1426491994177583,0.6234837457544881,2.0790878214459,30.09704027171276,23.94226103833091,21.758854924793788,19.985443959243085,17938944000.0,25319944000.0,213.5588571428572,3.632100425187285,38.08692993630574,69.80133852140078,2.000105251421564,2.000105251421564,5.126532496456773,38.83426993865031,53.75784288747346,98.52118287937743,0.0011706374689613,0.0143263728344321,0.918497045378526,0.3042097488921713,11.320552147239264,1.6668363451259862,0.0,22.428571428571427,0.0042923373861917,3.6666666666666665,0.1170277384085847,0.0,0.0936853766617429,0.4543524416135881,0.043328609030168,0.7109634551495017,0.0,4.99418850814024,0.0335974837629181,0.0008556411196675,-25.631974769529357,2620000000.0,9869000000.0,-8125000000.0,20013000000.0,2416000000.0,1157000000.0,2699500000.0,45.84733751771614,29.285714285714285,64.97619047619048,1.9630365659777425,3.073170731707317,1.3851227555881276,0.0023413981491805,0.5191654536632703,1998-10-13,0.25,bmo,6032000000.0,2025-04-25,1998-09-30,0.0,40.3128125,1478113.984375
1998-06-30,IP,USD,51434,1998-08-31,1998-08-31 00:00:00,1998,Q2,4707000000.0,3524000000.0,1183000000.0,0.2513278096,0,569000000.0,0.0,569000000.0,340000000.0,909000000.0,4433000000.0,0.0,0.0,291000000.0,775000000.0,0.164648396,274000000.0,0.0582111748,-122000000.0,124000000.0,0.0263437434,38000000.0,86000000.0,0.0182706607,0.21,0.21,411800000,414200000,https://www.sec.gov/Archives/edgar/data/51434/000104746998033277/0001047469-98-033277-index.html,https://www.sec.gov/Archives/edgar/data/51434/,11.430305973773676,0.2088392423506556,0.7430791646430306,0.0971345313258863,1.4035939776590578,28.13016027197669,22.01796988829529,21.88683827100534,21.45701796988829,16529652000.0,24787652000.0,48.051313953488375,3.511717017208413,54.018470588235296,413.2413,1.833978919338733,1.833978919338733,5.266125345230508,31.984067096774197,81.00539869281046,619.6913,0.0052027713590098,0.0024198936553534,0.9803616997670032,0.3329188802230511,10.655483870967744,1.5043478260869565,0.0,3.558139534883721,0.0046582952865553,0.8953488372093024,0.1208837900998512,0.0,0.0948344071436645,0.869281045751634,0.0565115785001062,0.9140893470790378,0.0,10.141187861600928,0.0078180054331886,0.0035797535797535,-27.457503642544925,2030000000.0,9067000000.0,-8902000000.0,19476000000.0,2344500000.0,1201500000.0,2695000000.0,44.28298279158699,27.684449489216803,68.18955732122589,2.0323834196891197,3.2509225092250924,1.3198501872659176,0.0095417729945634,0.6459446333171442,1998-07-14,0.26,bmo,5229586206.0,2025-04-25,1998-06-30,0.1153846153846152,46.12888888888889,1257698.6984126985
1998-03-31,IP,USD,51434,1998-05-15,1998-05-15 00:00:00,1998,Q1,4868000000.0,3654000000.0,1214000000.0,0.2493837305,0,598000000.0,0.0,598000000.0,348000000.0,946000000.0,4600000000.0,0.0,0.0,298000000.0,566000000.0,0.1162695152,268000000.0,0.05505341,-146000000.0,121000000.0,0.0248562038,46000000.0,75000000.0,0.0154067379,0.25,0.25,302300000,303200000,https://www.sec.gov/Archives/edgar/data/51434/000100547798001726/0001005477-98-001726-index.html,https://www.sec.gov/Archives/edgar/data/51434/,16.103208733046642,0.2480979159775058,0.7509096923585842,0.0694674164737016,1.7664571617598412,36.05358914985114,27.677803506450545,28.58749586503473,31.20410188554416,13228648000.0,22127648000.0,44.09549333333333,2.717470829909614,58.27598237885462,629.9356190476191,1.5307391807451978,1.5307391807451978,4.545531635168447,39.09478445229682,97.4786255506608,1053.6975238095238,0.00566951361923,0.0015874638133844,1.0915297384864615,0.3506691449814126,15.7226148409894,1.2408366121350176,0.0,3.026666666666667,0.00566951361923,1.0,0.1228430566967954,0.0,0.0941263940520446,0.9074889867841408,0.0423171733771569,0.6912751677852349,0.0,12.6325455989852,0.0068518273584944,0.0030778069599474,-40.77820046311611,1163000000.0,8367000000.0,-10009000000.0,19007000000.0,2388500000.0,1328500000.0,2740000000.0,43.8722267871816,32.48768472906404,66.99507389162562,2.051411715128529,2.770280515542077,1.3433823529411764,0.0086785466327239,0.6814422758848826,1998-04-14,0.29,bmo,6966959999.0,2025-04-25,1998-03-31,-0.1379310344827585,44.322786885245904,1505310.1967213114
1997-12-31,IP,USD,51434,1998-03-30,1998-03-30 00:00:00,1997,Q4,5081000000.0,3760000000.0,1321000000.0,0.2599881913,0,1172000000.0,0.0,1172000000.0,507000000.0,1679000000.0,5439000000.0,0.0,0.0,309000000.0,-4000000.0,-0.0007872466,-358000000.0,-0.0704585711,713000000.0,355000000.0,0.0698681362,94000000.0,132000000.0,0.025979138,0.44,0.44,302184000,302300000,https://www.sec.gov/Archives/edgar/data/51434/000104746998012606/0001047469-98-012606-index.html,https://www.sec.gov/Archives/edgar/data/51434/,16.81425886215021,0.4368199507584783,1.5321790697058746,0.1919360389696344,1.317078336377836,34.26058295607974,25.798851031159824,28.823498265957166,32.48351997458502,12165927840.0,21583927840.0,23.04153,2.394396347175753,26.27630203023758,209.75737655172412,1.3967770195177955,1.3967770195177955,4.247968478645936,-5395.98196,46.6175547300216,372.1366868965517,0.0108499739383626,0.0047674127910987,1.1269804822043628,0.3668984077147342,-2354.5,1.2182377049180328,0.0,3.507575757575758,0.0062469546917845,0.5757575757575758,0.2306632552647116,0.0,0.0955744935336772,0.8747300215982722,0.0797087187561503,1.3106796116504855,0.0,16.831229295494317,-0.0109277436603345,0.005455221721701,-42.4244830963916,1065000000.0,7796000000.0,-10456000000.0,15991000000.0,2511000000.0,1371500000.0,2811000000.0,42.58216886439678,32.026595744680854,66.06382978723404,2.113560732113145,2.8101644245142,1.3623188405797102,0.0151549942594718,1.34024303073624,1998-01-13,0.38,bmo,5081000000.0,2025-04-25,1997-12-31,0.0,45.40171875,1487157.578125
1997-09-30,IP,USD,51434,1997-11-14,1997-11-14 00:00:00,1997,Q3,5119000000.0,3791000000.0,1328000000.0,0.2594256691,0,637000000.0,0.0,637000000.0,363000000.0,1000000000.0,4791000000.0,0.0,0.0,311000000.0,639000000.0,0.1248290682,328000000.0,0.0640750147,-155000000.0,173000000.0,0.0337956632,71000000.0,102000000.0,0.0199257668,0.34,0.33,302300000,304600000,https://www.sec.gov/Archives/edgar/data/51434/000104746997004871/0001047469-97-004871-index.html,https://www.sec.gov/Archives/edgar/data/51434/,16.933509758518028,0.3374131657294079,0.9328481640754218,0.1190869996692027,1.5514389679126694,36.42408203771088,27.793582533906715,28.94144889182931,32.20310949388025,15520082000.000002,24786082000.0,38.03941666666667,3.031858175424888,55.03575177304965,431.11338888888895,1.77392639158761,1.77392639158761,4.841977339324087,38.788860719874805,87.89390780141844,688.5022777777777,0.0065721302245696,0.0023195753733775,1.112698594125043,0.3553697890048916,14.50078247261346,1.046914410627207,0.0,2.764705882352941,0.004896881343797,0.7450980392156863,0.124438366868529,0.0,0.0952398335401912,0.8723404255319149,0.0480562609884743,0.7909967845659164,0.0,14.822873626804952,0.007884990754179,0.00411539237442,-41.414158121071786,279000000.0,8402000000.0,-10157000000.0,18427000000.0,2617000000.0,1410000000.0,2859500000.0,46.028521195546006,33.355315220258504,67.94513321023476,1.955309396485867,2.698220640569395,1.3245981830887492,0.0116584752543147,0.813761164406219,1997-10-14,0.32,bmo,4817882352.0,2025-04-25,1997-09-30,0.0625,51.72,1528414.6875
1997-06-30,IP,USD,51434,1997-08-14,1997-08-14 00:00:00,1997,Q2,5034000000.0,3786000000.0,1248000000.0,0.2479141836,0,624000000.0,0.0,624000000.0,371000000.0,995000000.0,4781000000.0,0.0,0.0,318000000.0,571000000.0,0.1134286849,253000000.0,0.0502582439,-839000000.0,-586000000.0,-0.1164084227,-167000000.0,-419000000.0,-0.0832340087,-1.39,-1.39,301100000,301100000,https://www.sec.gov/Archives/edgar/data/51434/000091205797028008/0000912057-97-028008-index.html,https://www.sec.gov/Archives/edgar/data/51434/,16.718698106941215,-1.3915642643639987,0.8502158751245433,-0.0066423115244104,1.5111258718033875,36.86150780471604,27.934241115908332,29.20292261707074,32.72666888077051,13648863000.0,23047863000.0,-8.143713007159905,2.711335518474374,53.31587109375,-6824.4315,1.5522418969634937,1.5522418969634937,4.578439213349225,40.36403327495622,90.03071484375,-11523.9315,-0.030698527782131,-0.000146532352182,1.1206641646764472,0.355060714157028,16.46059544658494,0.9956591639871384,0.0,-0.6109785202863962,0.0054949632068253,-0.1789976133651551,0.1239570917759237,0.0,0.0968543941195546,1.0078125,0.0512514898688915,0.8113207547169812,0.0,,0.0073146786383948,-0.0167165370037901,-42.53902358020592,-27000000.0,8411000000.0,-10461000000.0,18555000000.0,2580500000.0,1344500000.0,2862500000.0,46.7699642431466,33.63708399366086,67.91600633914422,1.9243119266055049,2.675618374558304,1.3251662583129156,-0.0476515409985215,0.8568581866489539,1997-07-08,0.19,bmo,4782300000.0,2025-04-25,1997-06-30,0.0526315789473684,42.5115625,1269854.921875
1997-03-31,IP,USD,51434,1997-05-15,1997-05-15 00:00:00,1997,Q1,4862000000.0,3636000000.0,1226000000.0,0.2521596051,0,616000000.0,0.0,616000000.0,372000000.0,988000000.0,4624000000.0,0.0,0.0,320000000.0,558000000.0,0.1147675854,238000000.0,0.048951049,-164000000.0,74000000.0,0.015220074,40000000.0,34000000.0,0.006993007,0.11,0.11,300600000,300900000,https://www.sec.gov/Archives/edgar/data/51434/000100547797001490/0001005477-97-001490-index.html,https://www.sec.gov/Archives/edgar/data/51434/,16.174318030605455,0.113107119095143,0.801729873586161,0.1297405189620758,1.8629407850964737,38.838988689288094,29.840319361277444,30.98137059214903,32.95076513639388,10944845999.999998,20289846000.0,80.4768088235294,2.251099547511312,45.41429875518672,280.63707692307685,1.175222377322023,1.175222377322023,4.17314808720691,36.3617311827957,84.19023236514523,520.2524615384615,0.0031064850067328,0.0035633210371347,1.0635670568023194,0.3518150174042764,16.747311827956988,1.0544898998472243,0.0,7.088235294117647,0.0068525404560283,2.2058823529411766,0.1266968325791855,0.0,0.0960787099524046,0.8381742738589212,0.0415466886055121,0.63125,0.0,8.879459747033131,0.0042798963346908,0.0013360053440213,-41.83715901530273,321000000.0,8970000000.0,-10267000000.0,19283000000.0,2549000000.0,1350000000.0,2854000000.0,47.11024269847799,31.534653465346533,70.99009900990099,1.9104125736738704,2.8540031397174253,1.2677824267782427,0.0036508106947278,0.6719893546240852,1997-04-08,0.09,bmo,3977999999.0,2025-04-25,1997-03-31,0.2222222222222222,39.34262295081968,1341229.7704918033
1996-12-31,IP,USD,51434,1997-03-28,1997-03-28 00:00:00,1996,Q4,5144000000.0,3814000000.0,1330000000.0,0.2585536547,0,643000000.0,0.0,643000000.0,368000000.0,1011000000.0,4825000000.0,0.0,0.0,322000000.0,718000000.0,0.1395800933,319000000.0,0.0620139969,-154000000.0,165000000.0,0.0320762053,1000000.0,-5000000.0,-0.0009720062,-0.0167,-0.0166,300200000,300600000,https://www.sec.gov/Archives/edgar/data/51434/000091205797010800/0000912057-97-010800-index.html,https://www.sec.gov/Archives/edgar/data/51434/,17.135243171219187,-0.0166555629580279,1.6322451698867422,0.1332445036642238,1.17255163224517,37.33844103930713,28.18454363757495,31.12591605596269,34.766822118587605,11350562000.0,21435562000.0,-567.5281,2.2065633748055986,23.16441224489796,283.76405,1.2147433647260275,1.2147433647260275,4.167099922239502,29.854543175487464,43.74604489795918,535.88905,-0.0004405068224815,0.0035240545798525,1.1169734589041096,0.3694251734390485,14.045961002785516,1.017645062775704,0.0,-98.0,0.0066957037017197,-15.2,0.125,0.0,0.0972674500920288,0.9183673469387756,0.0874805598755832,1.3975155279503106,0.0,,0.0123593461708375,-0.0001960476787954,-44.491172551632246,104000000.0,8461000000.0,-11045000000.0,16069000000.0,2599500000.0,1367000000.0,2858000000.0,44.66757387247279,33.649711588883065,67.01625589931831,2.014884449667058,2.6746143057503504,1.3429577464788731,-0.000535102739726,1.4990006662225184,1997-01-14,0.31,bmo,4812129032.0,2025-04-25,1996-12-31,0.0645161290322581,39.1725,1177730.859375
1996-09-30,IP,USD,51434,1996-11-13,1996-11-13 00:00:00,1996,Q3,5108000000.0,3760000000.0,1348000000.0,0.2638997651,0,627000000.0,0.0,627000000.0,358000000.0,985000000.0,4745000000.0,0.0,0.0,307000000.0,670000000.0,0.1311667972,363000000.0,0.0710649961,-166000000.0,197000000.0,0.0385669538,86000000.0,111000000.0,0.0217306186,0.37,0.37,300000000,300000000,https://www.sec.gov/Archives/edgar/data/51434/000088981296001696/0000889812-96-001696-index.html,https://www.sec.gov/Archives/edgar/data/51434/,17.026666666666667,0.37,1.8666666666666667,0.7133333333333334,1.35,39.193333333333335,29.566666666666663,31.38,33.20666666666666,11901000000.0,21458000000.0,26.804054054054056,2.329874706342991,21.251785714285717,55.61214953271028,1.264181007010835,1.264181007010835,4.200861393891934,32.026865671641794,38.31785714285714,100.27102803738318,0.0093269473153516,0.0179816822115788,1.0582111748459742,0.3487606777762218,14.264179104477613,0.9490514075887392,0.0,5.045045045045045,0.0063019914292916,0.6756756756756757,0.1227486296006264,0.0,0.101106287634785,0.6178571428571429,0.0677368833202819,1.1270358306188926,0.0,16.16287412560031,0.0079254851367403,0.0043231032871163,-43.26166666666666,-333000000.0,8870000000.0,-10603000000.0,18963000000.0,2640500000.0,1317000000.0,2832000000.0,46.62098668754894,31.308510638297875,68.8404255319149,1.930461073318216,2.874617737003058,1.3073713490959666,0.0117909496494582,1.153333333333333,1996-10-08,0.33,bmo,,2025-04-25,1996-09-30,0.1212121212121211,37.60625,1187944.578125
1996-06-30,IP,USD,51434,1996-08-14,1996-08-14 00:00:00,1996,Q2,5093000000.0,3771000000.0,1322000000.0,0.2595719615,0,616000000.0,0.0,616000000.0,352000000.0,968000000.0,4739000000.0,0.0,0.0,302000000.0,656000000.0,0.1288042411,354000000.0,0.0695071667,-175000000.0,179000000.0,0.0351462792,80000000.0,99000000.0,0.0194384449,0.33,0.33,299100000,299100000,https://www.sec.gov/Archives/edgar/data/51434/000088981296001107/0000889812-96-001107-index.html,https://www.sec.gov/Archives/edgar/data/51434/,17.027749916415914,0.3309929789368104,1.1267134737545972,-0.0267469073888331,1.2102975593447007,39.11735205616851,29.53192912069542,31.32397191574724,32.63791374122367,10713762000.0,20113762000.0,27.054954545454542,2.103624975456509,31.79157863501484,-1339.22025,1.1435331412103746,1.1435331412103746,3.949295503632437,30.66122256097561,59.684753709198816,-2514.22025,0.0092404516732777,-0.0007467031655173,1.041946845981428,0.3456064575515117,14.329268292682928,0.9205178383260576,0.0,3.404040404040404,0.0070003421767255,0.7575757575757576,0.120950323974082,0.0,0.101501097500531,1.0237388724035608,0.0677400353426271,1.1423841059602649,0.0,15.273517357564982,0.0076803589164132,0.0039008629181606,-42.84102306920762,-528000000.0,8833000000.0,-10431000000.0,18568000000.0,2658000000.0,1323500000.0,2871000000.0,46.563911250736304,31.646778042959426,66.53937947494033,1.9328273244781784,2.843891402714932,1.3525824964131994,0.010566762728146,1.1534603811434303,1996-07-09,0.23,bmo,,2025-04-25,1996-06-30,0.4347826086956521,37.30571428571429,1492861.4761904762
1996-03-31,IP,USD,51434,1996-05-15,1996-05-15 00:00:00,1996,Q1,4798000000.0,3556000000.0,1242000000.0,0.2588578574,0,548000000.0,0.0,548000000.0,310000000.0,858000000.0,4414000000.0,0.0,0.0,263000000.0,647000000.0,0.1348478533,384000000.0,0.0800333472,-123000000.0,261000000.0,0.0543976657,163000000.0,98000000.0,0.0204251772,0.36,0.36,268900000,268900000,https://www.sec.gov/Archives/edgar/data/51434/000088981296000514/0000889812-96-000514-index.html,https://www.sec.gov/Archives/edgar/data/51434/,17.843064336184455,0.3644477500929713,1.309036816660469,0.3681666046857568,1.4838229825213831,43.79323168464113,33.064336184455186,34.70435105987356,36.738564522127184,9726113000.0,19206113000.0,24.811512755102044,2.0271181742392663,27.63100284090909,98.24356565656564,1.042232426060866,1.042232426060866,4.002941433930805,29.684873261205563,54.56282102272727,194.0011414141414,0.0100759676553212,0.0101787836518041,1.0586155165023574,0.345347129972733,14.652241112828438,0.8785330208189714,0.0,3.591836734693877,0.0066830397713865,0.6632653061224489,0.1142142559399749,0.0,0.1008529679088303,0.71875,0.0527303042934556,0.9619771863117872,0.0,16.869447527991834,0.0056214241508821,0.0038101162474242,-48.13406470806992,-881000000.0,8891000000.0,-10458000000.0,18294000000.0,2626000000.0,1392500000.0,2869000000.0,50.28970404335139,33.43363329583802,74.76377952755905,1.7896307348004477,2.691900075700227,1.2037914691943128,0.0105015002143163,0.9408702119747118,1996-04-09,0.51,bmo,,2025-04-25,1996-03-31,-0.0980392156862744,36.08253968253968,1996241.9365079368
1995-12-31,IP,USD,51434,1996-04-01,1996-04-01 00:00:00,1995,Q4,5076000000.0,3574000000.0,1502000000.0,0.2959022853,0,594000000.0,0.0,594000000.0,309000000.0,903000000.0,4477000000.0,0.0,0.0,267000000.0,866000000.0,0.170606777,599000000.0,0.1180063042,-12000000.0,587000000.0,0.115642238,168000000.0,263000000.0,0.0518124507,0.98,0.98,260700000,268900000,https://www.sec.gov/Archives/edgar/data/51434/000088981296000318/0000889812-96-000318-index.html,https://www.sec.gov/Archives/edgar/data/51434/,19.47065592635213,1.0088224012274645,2.988108937476026,0.6789413118527042,1.1967779056386652,37.4530111238972,32.25546605293441,29.90794016110472,33.29113924050633,9218352000.0,17585352000.0,8.762692015209126,1.816066193853428,11.833571245186135,52.08108474576271,1.1822947287418235,1.1822947287418235,3.4644113475177303,20.306411085450343,22.574264441591783,99.35227118644067,0.0285300452835821,0.0192008289551104,1.113120430934975,0.3619718897276556,9.661662817551964,1.2076907258893688,0.0,2.961977186311787,0.0071596311358038,0.2509505703422053,0.1170212765957446,0.0,0.0565124911373399,0.772785622593068,0.1185973207249803,2.254681647940075,0.0,26.05504749956507,0.0199825016466907,0.0116258509415613,-40.58592251630226,1010000000.0,8409000000.0,-8340000000.0,13362000000.0,2651000000.0,2016500000.0,2775000000.0,45.58510638297872,36.86625629546726,70.10632344711807,1.9743290548424737,2.441256830601093,1.283764367816092,0.0337309221495447,2.309167625623322,1996-01-09,1.17,bmo,,2025-04-25,1995-12-31,0.0085470085470085,34.57206349206349,1450887.2857142857
1995-09-30,IP,USD,51434,1995-11-14,1995-11-14 00:00:00,1995,Q3,5145000000.0,3566000000.0,1579000000.0,0.3068999028,0,547000000.0,0.0,547000000.0,312000000.0,859000000.0,4425000000.0,0.0,0.0,266000000.0,986000000.0,0.1916423712,720000000.0,0.139941691,-182000000.0,538000000.0,0.1045675413,210000000.0,328000000.0,0.0637512148,1.27,1.27,258700000,258700000,https://www.sec.gov/Archives/edgar/data/51434/000088981295000679/0000889812-95-000679-index.html,https://www.sec.gov/Archives/edgar/data/51434/,19.88790104367994,1.2678778507924238,2.81793583301121,1.4920757634325474,1.4379590258987245,38.70506378044067,33.84615384615385,29.327406262079627,31.967529957479705,10143627000.0,18041627000.0,7.731423018292682,1.9715504373177843,13.914440329218106,26.278826424870463,1.3369746935547648,1.3369746935547648,3.506633041788144,18.297796146044625,24.748459533607683,46.73996632124352,0.0323355738534155,0.038053449717739,1.0900224067483857,0.3490040513166779,8.010141987829615,1.137371854613234,0.0,2.222560975609756,0.0064079643307073,0.198170731707317,0.1063168124392614,0.0,0.0530469277515192,0.4705075445816186,0.0666666666666666,1.2894736842105263,0.0,28.924562200141253,0.0207771622950107,0.0146174071928339,-38.18998840355624,737000000.0,8756000000.0,-7581000000.0,15396000000.0,2807500000.0,2535500000.0,2726500000.0,47.77259475218659,64.83735277621984,69.80931015143017,1.883925302087148,1.3880887504865709,1.289226319595083,0.0432318439435877,1.3258600695786626,1995-10-10,1.32,bmo,,2025-04-25,1995-09-30,-0.0378787878787879,39.4147619047619,1336343.619047619
1995-06-30,IP,USD,51434,1995-08-14,1995-08-14 00:00:00,1995,Q2,5084000000.0,3532000000.0,1552000000.0,0.3052714398,0,551000000.0,0.0,551000000.0,309000000.0,860000000.0,4392000000.0,0.0,0.0,264000000.0,956000000.0,0.1880409127,692000000.0,0.1361132966,-181000000.0,511000000.0,0.1005114083,195000000.0,316000000.0,0.0621557828,1.25,1.25,253600000,253600000,https://www.sec.gov/Archives/edgar/data/51434/000088981295000433/0000889812-95-000433-index.html,https://www.sec.gov/Archives/edgar/data/51434/,20.047318611987382,1.2460567823343849,1.999211356466877,0.6979495268138801,1.3682965299684542,35.98186119873817,30.954258675078865,28.2294952681388,36.91640378548896,10149072000.0,19164072000.0,8.029329113924051,1.996276947285602,20.017893491124266,57.33938983050847,1.4176661544908506,1.4176661544908506,3.769487018095987,20.04610041841004,37.798958579881656,108.271593220339,0.0311358516325433,0.0174400181612663,1.3077245425338735,0.3943887437863341,9.429916317991632,0.9966254218222722,0.0,1.6044303797468351,0.0052221523307746,0.1677215189873417,0.1083792289535798,0.0,0.0537113488920717,0.650887573964497,0.0649095200629425,1.25,0.0,28.13272055661641,0.0201511372152077,0.0140675777945955,-42.42705047318612,-21000000.0,7850000000.0,-8411000000.0,14702000000.0,2725500000.0,2332000000.0,2455000000.0,51.05428796223446,63.754246885617206,68.4682899207248,1.7628294036061027,1.4116706634692249,1.3144771120208412,0.0441402430507054,1.3012618296529967,1995-07-11,1.26,bmo,,2025-04-25,1995-06-30,-0.0079365079365079,36.55174603174603,1213777.5238095238
1995-03-31,IP,USD,51434,1995-05-05,1995-05-05 00:00:00,1995,Q1,4492000000.0,3239000000.0,1253000000.0,0.2789403384,0,483000000.0,0.0,483000000.0,275000000.0,758000000.0,3997000000.0,0.0,0.0,234000000.0,729000000.0,0.1622885129,495000000.0,0.1101959038,-104000000.0,391000000.0,0.0870436331,145000000.0,246000000.0,0.0547640249,0.97,0.97,252800000,252800000,https://www.sec.gov/Archives/edgar/data/51434/000088981295000183/0000889812-95-000183-index.html,https://www.sec.gov/Archives/edgar/data/51434/,17.768987341772153,0.9731012658227848,0.9216772151898734,-0.0395569620253164,0.7753164556962026,31.79193037974683,28.60759493670886,27.04509493670886,26.70490506329114,8850528000.0,15405528000.0,8.994439024390244,1.970286731967943,37.98509871244635,-885.0528,1.2945046072838964,1.2945046072838964,3.429547640249332,21.132411522633745,66.11814592274678,-1540.5528,0.0277949518943954,-0.0011298760932681,0.9874213836477987,0.3628789507632767,8.991769547325102,1.1723678365171035,0.0,0.9471544715447154,0.0059883432943209,0.2154471544715447,0.1075244879786286,0.0,0.043270264459256,1.0429184549356223,0.0540961709706144,1.0384615384615383,0.0,24.33405766897904,0.0189412617117101,0.0138210011798415,-29.01206487341772,776000000.0,7232000000.0,-5289000000.0,11710000000.0,2404000000.0,1683000000.0,2149000000.0,51.43143365983971,60.07409694350108,61.7690645260883,1.7499026100506427,1.498149861239593,1.4570400359874045,0.0359806932865291,0.96123417721519,1995-04-11,0.91,bmo,,2025-04-25,1995-03-31,0.0769230769230768,34.97857142857143,1235937.0476190476
1994-12-31,IP,USD,51434,1995-03-31,1995-03-31 00:00:00,1994,Q4,4127000000.0,3051000000.0,1076000000.0,0.2607220741,0,495000000.0,0.0,495000000.0,235000000.0,730000000.0,3781000000.0,0.0,0.0,201000000.0,547000000.0,0.1325417979,346000000.0,0.0838381391,-94000000.0,252000000.0,0.0610613036,88000000.0,164000000.0,0.0397383087,0.65,0.65,251200000,252800000,https://www.sec.gov/Archives/edgar/data/51434/000088981295000091/0000889812-95-000091-index.html,https://www.sec.gov/Archives/edgar/data/51434/,16.429140127388536,0.6528662420382165,2.229299363057325,0.7643312101910829,1.07484076433121,30.756369426751597,27.718949044585987,25.931528662420384,26.062898089171973,8837216000.0,15114216000.0,13.471365853658536,2.1413171795493096,15.780742857142858,46.027166666666666,1.3566496776174393,1.3566496776174393,3.6622767143203294,27.63110786106033,26.98967142857143,78.719875,0.018557880671922,0.0217262993232257,1.0050660116671783,0.3670666068625252,11.475319926873857,1.1973227565691622,0.0,6.292134831460674,0.0058842060667069,0.3170731707317073,0.1199418463775139,0.0,0.042778649921507,0.6571428571428571,0.0891688878119699,1.8308457711442787,0.0,19.51719607251937,0.014175297650274,0.0096058103438177,-28.35091560509554,796000000.0,6963000000.0,-5280000000.0,10698000000.0,2217500000.0,1596000000.0,2063000000.0,48.87085049672886,35.51622418879056,61.2094395280236,1.8415885765283355,2.534053156146179,1.4703614457831324,0.0251765428308259,1.464968152866242,1995-01-10,0.62,bmo,,2025-04-25,1994-12-31,0.0,34.63047619047619,1174790.9523809524
1994-09-30,IP,USD,51434,1994-11-14,1994-11-14 00:00:00,1994,Q3,3792000000.0,2815000000.0,977000000.0,0.2576476793,0,448000000.0,0.0,448000000.0,270000000.0,718000000.0,3533000000.0,0.0,0.0,231000000.0,490000000.0,0.1292194093,259000000.0,0.0683016878,-92000000.0,167000000.0,0.0440400844,58000000.0,109000000.0,0.0287447257,0.44,0.44,249600000,249600000,https://www.sec.gov/Archives/edgar/data/51434/000088981294000111/0000889812-94-000111-index.html,https://www.sec.gov/Archives/edgar/data/51434/,15.192307692307692,0.4366987179487179,1.5865384615384617,0.2724358974358974,0.7852564102564102,30.58493589743589,27.47596153846154,25.79727564102564,25.713141025641026,9145344000.0,15367344000.0,20.97555963302752,2.411746835443038,23.09430303030303,134.49035294117647,1.42030501630688,1.42030501630688,4.0525696202531645,31.361926530612244,38.80642424242424,225.99035294117647,0.0119186331317881,0.0074354775501063,0.9967386240099394,0.3626603379103802,12.69795918367347,1.2128750961785073,0.0,3.63302752293578,0.0057952986787593,0.4862385321100917,0.1181434599156118,0.0,0.0438492399841781,0.8282828282828283,0.0864978902953586,1.41991341991342,0.0,15.920955906528532,0.0107612135840356,0.0064416996631404,-28.830128205128204,830000000.0,6858000000.0,-5334000000.0,11454000000.0,2146000000.0,1929500000.0,2061500000.0,52.07278481012658,63.55950266429841,65.57371225577265,1.7283500455788514,1.4159959758551308,1.3725012189176011,0.0169280944246,1.314102564102564,1994-10-11,0.44,bmo,,2025-04-25,1994-09-30,0.0,34.49890625,1164536.140625
1994-06-30,IP,USD,51434,1994-08-12,1994-08-12 00:00:00,1994,Q2,3633000000.0,2712000000.0,921000000.0,0.2535094963,0,433000000.0,0.0,433000000.0,268000000.0,701000000.0,3413000000.0,0.0,0.0,228000000.0,448000000.0,0.1233140655,220000000.0,0.0605560143,-86000000.0,134000000.0,0.0368841178,47000000.0,87000000.0,0.0239471511,0.35,0.35,249200000,249200000,https://www.sec.gov/Archives/edgar/data/51434/000088981294000026/0000889812-94-000026-index.html,https://www.sec.gov/Archives/edgar/data/51434/,14.57865168539326,0.3491171749598716,0.5858747993579454,-0.2608346709470305,0.7744783306581059,30.13242375601926,27.070626003210272,25.337078651685392,25.48956661316212,7705264000.0,13864264000.0,22.141563218390804,2.120909441233141,52.77578082191781,-118.54252307692308,1.2203458980044348,1.2203458980044348,3.816202587393339,30.947017857142857,94.96071232876712,-213.29636923076924,0.0112909823725702,-0.0084357914277823,1.0060183718720304,0.3655827338129496,13.747767857142858,1.093116454502593,0.0,1.6781609195402298,0.0067486331422258,0.5977011494252874,0.1191852463528764,0.0,0.0439136690647482,1.4452054794520548,0.0580787228186072,0.925438596491228,0.0,14.107664927754016,0.0092128367450672,0.0052371779436551,-28.34470304975923,395000000.0,6746000000.0,-5229000000.0,10863000000.0,2006000000.0,1913000000.0,2075000000.0,51.97357555739059,62.09070796460177,68.76106194690266,1.7316491897044806,1.4494922501336185,1.308880308880309,0.0137789040228064,0.8467094703049759,1994-07-12,0.35,bmo,,2025-04-25,1994-06-30,0.0,31.234516129032254,913361.0806451612
1994-03-31,IP,USD,51434,1994-05-10,1994-05-10 00:00:00,1994,Q1,3414000000.0,2565000000.0,849000000.0,0.2486818981,0,398000000.0,0.0,398000000.0,263000000.0,661000000.0,3226000000.0,0.0,0.0,225000000.0,413000000.0,0.1209724663,188000000.0,0.0550673697,-77000000.0,111000000.0,0.032513181,39000000.0,72000000.0,0.0210896309,0.29,0.29,248400000,248400000,https://www.sec.gov/Archives/edgar/data/51434/000095011594000139/0000950115-94-000139-index.html,https://www.sec.gov/Archives/edgar/data/51434/,13.743961352657005,0.2898550724637681,0.6964573268921095,-0.1368760064412238,0.4951690821256038,29.883252818035427,26.83574879227053,25.116747181964573,24.27536231884058,7869312000.0,13776312000.0,27.324,2.30501230228471,45.48735260115607,-231.45035294117648,1.2613098252925148,1.2613098252925148,4.035240773286468,33.35668765133172,79.6318612716763,-405.1856470588235,0.0091494656712048,-0.0043205810114022,0.9665010418336272,0.3539771059583211,14.302663438256658,1.0027391006619493,0.0,2.4027777777777777,0.0067350233413035,0.7361111111111112,0.1165787932044522,0.0,0.0444379219254476,1.1965317919075145,0.0606326889279437,0.92,0.0,12.798627775111514,0.0080866011900494,0.0044231478068558,-28.238727858293075,12000000.0,6666000000.0,-5219000000.0,10434000000.0,1885000000.0,1522000000.0,2051000000.0,50.45694200351493,68.59649122807018,72.91228070175438,1.7836990595611286,1.3120204603580563,1.2343599615014438,0.0115403109472671,0.8333333333333334,1994-04-12,0.31,bmo,,2025-04-25,1994-03-31,-0.0645161290322581,33.90936507936508,1221109.6825396826
1993-12-31,IP,USD,51434,1994-03-31,1994-03-31 00:00:00,1993,Q4,3412000000.0,2486000000.0,926000000.0,0.2713950762,0,0.0,0.0,426000000.0,263000000.0,689000000.0,3175000000.0,0.0,0.0,227000000.0,464000000.0,0.1359906213,237000000.0,0.0694607268,-79000000.0,158000000.0,0.0463071512,58000000.0,100000000.0,0.0293083236,0.42,0.42,240000000,240000000,https://www.sec.gov/Archives/edgar/data/51434/000095011594000073/0000950115-94-000073-index.html,https://www.sec.gov/Archives/edgar/data/51434/,14.216666666666669,0.4166666666666667,1.7958333333333334,0.1708333333333333,1.0083333333333333,30.8625,27.72083333333333,25.9375,23.70833333333333,7588800000.0,13036800000.0,18.972,2.224150058616647,17.60742459396752,185.09268292682927,1.2190843373493976,1.2190843373493976,3.820867526377491,28.09655172413793,30.247795823665893,317.9707317073171,0.0131773139363272,0.0054026987138941,0.9140562248995984,0.3421321628284529,11.741379310344827,1.0977799950112248,0.0,4.31,0.0068522032468901,0.52,0.0,0.0,0.0453370212254224,0.9048723897911832,0.1143024618991793,1.7180616740088106,0.0,15.593718687343312,0.010196451634831,0.0062984190968067,-27.40833333333333,392000000.0,6653000000.0,-4823000000.0,10018000000.0,1914000000.0,1601000000.0,2015500000.0,48.95662368112544,39.42477876106194,73.27433628318583,1.838362068965517,2.282828282828283,1.2282608695652173,0.0160642570281124,1.625,1994-01-11,0.4,bmo,,2025-04-25,1993-12-31,0.0249999999999998,29.80828125,860606.3125
1993-09-30,IP,USD,51434,1993-09-30,1993-09-29 20:00:00,1993,Q3,3405000000.0,2543000000.0,862000000.0,0.2531571219,0,0.0,0.0,404000000.0,260000000.0,664000000.0,3207000000.0,0.0,0.0,223000000.0,421000000.0,0.1236417034,198000000.0,0.0581497797,-79000000.0,119000000.0,0.034948605,71000000.0,48000000.0,0.0140969163,0.2,0.2,240000000,240000000,,,14.1875,0.2,0.8583333333333333,-0.0083333333333333,1.1958333333333333,30.579166666666666,27.445833333333333,25.508333333333333,23.59583333333333,6748800000.0,12124800000.0,35.15,1.9820264317180616,32.761165048543695,-3374.4,1.1023848415550477,1.1023848415550477,3.5608810572687224,28.8,58.85825242718447,-6062.4,0.0071123755334281,-0.0002963489805595,0.9250245017967984,0.3401405489819208,12.76959619952494,1.016788159929313,0.0,4.291666666666667,0.0078532479848269,1.1041666666666667,0.0,0.0,0.0451678779506276,1.0097087378640777,0.061086637298091,0.9327354260089686,0.0,10.713892849940212,0.005494327615471,0.0030194376297414,-27.25208333333333,76000000.0,6587000000.0,-4707000000.0,9626000000.0,1998000000.0,2110500000.0,1995500000.0,52.12334801762114,74.78175383405427,71.03027919779788,1.7266734279918865,1.20350212967345,1.2670652715495765,0.0078405749754982,0.8666666666666667,1993-10-12,0.28,bmo,,2025-04-25,1993-09-30,0.107142857142857,29.8296875,751285.40625
1993-06-30,IP,USD,51434,1993-06-30,1993-06-29 20:00:00,1993,Q2,3506000000.0,2619000000.0,887000000.0,0.2529948659,0,0.0,0.0,417000000.0,269000000.0,686000000.0,3305000000.0,0.0,0.0,228000000.0,429000000.0,0.1223616657,201000000.0,0.0573302909,-79000000.0,122000000.0,0.03479749,45000000.0,77000000.0,0.0219623503,0.31,0.31,248387097,248387097,,,14.115064922233058,0.3099999997181818,0.6159740254140496,-0.0966233765355372,1.0950649340694214,29.85662334948099,26.78480517045537,24.977142834436364,22.96415582327933,7419322587.39,12851322587.39,24.088709699318184,2.116178718593839,48.49230449274511,-309.13844114125004,1.195893389327853,1.195893389327853,3.665522700339418,29.956462907669,83.9955724666013,-535.4717744745833,0.0103783059831999,-0.0032347966700882,0.9194068343004512,0.3416796453815742,12.662004662004662,1.0178021978021978,0.0,1.9870129870129871,0.0067391597293506,0.6493506493506493,0.0,0.0,0.0457050437282856,1.156862745098039,0.0504848830576155,0.7763157894736842,0.0,13.199074630890449,0.0086974260069727,0.0048333437951164,-26.152727248952065,81000000.0,6653000000.0,-4647000000.0,9688000000.0,1967500000.0,2093500000.0,1947000000.0,51.95664575014262,72.43986254295532,68.1786941580756,1.732213438735178,1.2424098671726755,1.3200604838709675,0.0124113475177304,0.7125974019495868,1993-07-13,0.32,bmo,,2025-04-25,1993-06-30,-0.03125,30.359047619047622,735612.3650793651
1993-03-31,IP,USD,51434,1993-03-31,1993-03-30 19:00:00,1993,Q1,3362000000.0,2543000000.0,819000000.0,0.243604997,0,0.0,0.0,386000000.0,259000000.0,645000000.0,3188000000.0,0.0,0.0,220000000.0,394000000.0,0.1171921475,174000000.0,0.0517549078,-73000000.0,101000000.0,0.0300416419,37000000.0,64000000.0,0.0190362879,0.26,0.26,246153846,246153846,,,13.658125008536327,0.2600000001625,0.5646875003529297,-0.2315625001447265,1.0156250006347656,29.94875001871797,26.88562501680352,25.05750001566094,22.380312513987697,7180307687.820001,12439307687.82,28.048076905546875,2.1357250707376565,51.65688984043166,-125.9703103126316,1.1641225174805447,1.1641225174805447,3.699972542480666,31.57184692340101,89.49142221453238,-218.2334682073684,0.0089132670607644,-0.0079383784759933,0.8931582360570688,0.3353012781497261,13.347715736040607,1.0194986072423398,0.0,2.171875,0.0073812992846955,0.828125,0.0,0.0,0.0458916615946439,1.410071942446043,0.0582986317668054,0.8909090909090909,0.0,12.107286037061856,0.0076829089082694,0.0040826741515692,-26.080234391300145,84000000.0,6618000000.0,-4666000000.0,9662000000.0,1886000000.0,1669000000.0,1924000000.0,51.157049375371805,73.57845064883995,67.59732599292174,1.759288330716902,1.2231842231842232,1.331413612565445,0.0103761348897535,0.7962500004976563,1993-04-13,0.28,bmo,,2025-04-25,1993-03-31,-0.0714285714285714,30.162419354838708,1231675.3870967743
1992-12-31,IP,USD,51434,1992-12-31,1992-12-30 19:00:00,1992,Q4,3378000000.0,2516000000.0,862000000.0,0.2551805802,0,0.0,0.0,815000000.0,287000000.0,1102000000.0,3618000000.0,0.0,0.0,250000000.0,10000000.0,0.0029603316,-240000000.0,-0.0710479574,-67000000.0,-307000000.0,-0.0908821788,-131000000.0,-226000000.0,-0.0669034932,-0.92,-0.92,245000000,245000000,,,13.787755102040816,-0.9224489795918368,1.6653061224489796,-0.5469387755102041,0.9183673469387756,30.26530612244898,27.11428571428571,25.26122448979592,22.253061224489795,7619500000.0,12846500000.0,-8.428650442477878,2.255624629958555,18.675245098039216,-56.86194029850746,1.231135886249798,1.231135886249798,3.8029899348727056,1284.65,31.48651960784314,-95.86940298507464,-0.0296607388936281,-0.0175864558041866,0.8809177573113589,0.3312473418798226,522.7,0.9635841977488412,0.0,-2.3181818181818183,0.0072183214121661,-0.243362831858407,0.0,0.0,0.0469044291876784,1.3284313725490196,0.1604499703966844,2.168,0.0,,-0.0096324262494561,-0.0144068336839421,-26.34387755102041,-165000000.0,6643000000.0,-4678000000.0,9491000000.0,1958000000.0,1645000000.0,1931000000.0,49.58259325044405,45.03577106518283,69.32432432432432,1.815153143471252,1.998411437648928,1.2982456140350878,-0.0365164000646308,2.212244897959184,1992-12-30,,bmo,,2025-04-25,1992-12-31,,29.8053125,886446.703125
1992-09-30,IP,USD,51434,1992-09-30,1992-09-29 20:00:00,1992,Q3,3478000000.0,2612000000.0,866000000.0,0.2489936745,0,0.0,0.0,407000000.0,238000000.0,645000000.0,3257000000.0,0.0,0.0,202000000.0,423000000.0,0.1216216216,221000000.0,0.0635422657,-59000000.0,162000000.0,0.0465784934,62000000.0,98000000.0,0.0281771133,0.4,0.4,245000000,245000000,,,14.19591836734694,0.4,0.8408163265306122,-1.195918367346939,1.0816326530612246,31.33469387755102,27.93469387755102,26.718367346938777,22.10204081632653,7303450000.0,12453450000.0,18.63125,2.099899367452559,35.453640776699025,-24.926450511945397,1.1157118851206842,1.1157118851206842,3.580635422656699,29.440780141843973,60.45364077669903,-42.50324232081911,0.0134183160013418,-0.040118026412175,0.8272227314390468,0.3341355053683821,12.174940898345154,1.0598030018761726,0.0,2.06,0.0067091580006709,0.5,0.0,0.0,0.0514007157842774,2.4223300970873787,0.1434732604945371,2.4702970297029703,0.0,15.506943803420745,0.009623968471705,0.0063748129838027,-23.51326530612245,255000000.0,6844000000.0,-4010000000.0,9456000000.0,2025000000.0,2087500000.0,1924000000.0,53.177113283496254,69.98085758039817,66.29402756508422,1.6924574209245742,1.2860659773510583,1.3575883575883576,0.0149709746410021,2.036734693877551,1993-01-12,0.36,bmo,,2025-04-25,1992-09-30,0.0,30.14296875,916060.203125
1992-06-30,IP,USD,51434,1992-06-30,1992-06-29 20:00:00,1992,Q2,3386000000.0,2513000000.0,873000000.0,0.2578263438,0,0.0,0.0,398000000.0,241000000.0,639000000.0,3152000000.0,0.0,0.0,201000000.0,435000000.0,0.1284701713,234000000.0,0.0691080921,-50000000.0,184000000.0,0.0543414058,70000000.0,112000000.0,0.0330773774,0.46,0.46,243478261,243478261,,,13.90678570683565,0.4599999997535714,1.2937499993069197,0.0574999999691964,0.9528571423466836,31.107499983335263,27.74374998513728,26.601964271463235,20.161964274913235,7939826091.21,12616826091.21,17.72282609645089,2.344898432135263,25.20579711495238,567.1304350864285,1.2258493270356643,1.2258493270356643,3.726174273836385,29.004197910827585,40.05341616257142,901.2018636578572,0.0141061024150129,0.0017632628018766,0.7579126138644434,0.3125756128621458,10.751724137931037,1.1982104121475057,0.0,2.763157894736842,0.0064233144925505,0.4553571428571428,0.0,0.0,0.0521489971346704,0.9555555555555556,0.0888954518606024,1.4975124378109452,0.0,16.593080788754875,0.0106908237496914,0.0075238479107886,-22.34593748802896,731000000.0,6755000000.0,-3712000000.0,9564000000.0,1956000000.0,2043000000.0,1867500000.0,53.02717070289427,76.78471945881417,68.90569040986868,1.6972431077694237,1.172108208955224,1.3061330561330562,0.0172919561525397,1.2362499993377232,1992-06-29,,bmo,,2025-04-25,1992-06-30,,33.095396825396826,890822.2063492064
1992-03-31,IP,USD,51434,1992-03-31,1992-03-30 19:00:00,1992,Q1,3356000000.0,2496000000.0,860000000.0,0.2562574493,0,0.0,0.0,388000000.0,234000000.0,622000000.0,3118000000.0,0.0,0.0,197000000.0,435000000.0,0.1296185936,238000000.0,0.0709177592,-71000000.0,167000000.0,0.049761621,63000000.0,102000000.0,0.0303933254,0.43,0.43,237209302,237209302,,,14.14784315667351,0.430000000590196,0.62813725576411,-0.1686274512118416,0.737745099051807,31.4026471019252,28.034313763968665,26.94245101737199,18.679705907991757,8150511616.72,12406511616.72,19.97674415862745,2.4286387415733017,54.70142024644295,-203.762790418,1.275310845989673,1.275310845989673,3.69681514205006,28.520716360275863,83.2651786357047,-310.16279041800004,0.0125145518216005,-0.0049076673810198,0.6933187294633077,0.2976622329705763,9.783908045977013,1.3125593166719394,0.0,1.4326923076923077,0.0062572759108002,0.5,0.0,0.0,0.0536745935778583,1.2684563758389262,0.0563170441001191,0.9593908629441624,0.0,16.145222635530732,0.0114505229343537,0.0072407183928444,-20.735906891206145,988000000.0,6650000000.0,-3288000000.0,9604000000.0,1879000000.0,1526000000.0,1795500000.0,51.40941597139451,70.02403846153847,65.30048076923077,1.7506520605112157,1.2852729145211124,1.3782440640530094,0.015959943670787,0.7967647069759516,1992-03-30,,bmo,,2025-04-25,1992-03-31,,34.431269841269845,1206975.0793650793
1991-12-31,IP,USD,51434,1991-12-31,1991-12-30 19:00:00,1991,Q4,3215000000.0,2365000000.0,850000000.0,0.2643856921,0,0.0,0.0,475000000.0,214000000.0,689000000.0,3054000000.0,0.0,0.0,178000000.0,339000000.0,0.1054432348,161000000.0,0.0500777605,-76000000.0,85000000.0,0.0264385692,31000000.0,54000000.0,0.0167962675,0.24,0.24,222448980,222448980,,,14.45275226705917,0.2427522931325646,1.6228440337195522,-0.269724770147294,1.0699082549175996,30.654220127239963,26.985963253236765,25.79917426458867,22.70183482073058,7345265319.6,12157265319.6,34.00585796111111,2.284685946998445,20.34699534515236,-122.42108866,1.2798859243073708,1.2798859243073708,3.781420006096423,35.86213958584071,33.67663523434903,-202.62108866,0.0073516745346021,-0.0081685272606691,0.879944241156996,0.3379961180643865,14.194690265486726,1.1083981754762544,0.0,6.685185185185185,0.0063986796875241,0.8703703703703703,0.0,0.0,0.0546148182852553,1.1662049861495845,0.1309486780715396,2.365168539325843,0.0,11.870686418958668,0.0079208822846105,0.0038230088495575,-25.2338761004883,404000000.0,6003000000.0,-3991000000.0,9811000000.0,1846500000.0,1454500000.0,1700500000.0,51.53654743390357,42.241014799154335,67.73784355179704,1.7463335143943508,2.130630630630631,1.3286516853932584,0.0094093047569262,1.8925688038668464,1991-12-30,,bmo,,2025-04-25,1991-12-31,,32.72921875,882918.40625
1991-09-30,IP,USD,51434,1991-09-30,1991-09-29 20:00:00,1991,Q3,3277000000.0,2441000000.0,836000000.0,0.2551113824,0,0.0,0.0,375000000.0,209000000.0,584000000.0,3025000000.0,0.0,0.0,177000000.0,429000000.0,0.1309124199,252000000.0,0.0768996033,-79000000.0,173000000.0,0.052792188,64000000.0,109000000.0,0.03326213,0.49,0.49,222448980,222448980,,,14.73146786287804,0.4899999991009174,1.681284400584799,0.4810091734293409,1.5329357770037877,29.332568753518224,25.8261467416034,26.23972472249592,21.19587152074152,7073877564.0,11447877564.0,16.224489825688075,2.158644358864815,18.91411113368984,66.11100527102803,1.2119029576837417,1.2119029576837417,3.4934017589258466,26.685029286713288,30.60929829946524,106.98950994392524,0.0154088050031735,0.0151260746361427,0.8077779681343156,0.3310398090289967,10.195804195804197,1.2341849148418491,0.0,3.4311926605504586,0.0066441636252216,0.4311926605504587,0.0,0.0,0.0547637435933441,0.713903743315508,0.0814769606347268,1.5084745762711864,0.0,17.008614421366154,0.0127591262033099,0.0080962638342122,-23.274999957293577,770000000.0,5745000000.0,-3660000000.0,9093000000.0,1845000000.0,1792000000.0,1619000000.0,50.86359475129692,66.32937320770176,59.76648914379352,1.769438444924406,1.3568649249583102,1.5058605798889575,0.018673976357718,1.2002752271554582,1991-09-29,,bmo,,2025-04-25,1991-09-30,,32.060625,691193.125
1991-06-30,IP,USD,51434,1991-06-30,1991-06-29 20:00:00,1991,Q2,3114000000.0,2292000000.0,822000000.0,0.2639691715,0,0.0,0.0,369000000.0,207000000.0,576000000.0,2868000000.0,0.0,0.0,173000000.0,419000000.0,0.1345536288,246000000.0,0.0789980732,-81000000.0,165000000.0,0.0529865125,61000000.0,104000000.0,0.0333975594,0.48,0.48,216666667,216666667,,,14.37230767019645,0.4799999992615384,1.3523076902272189,-0.1846153843313609,0.8538461525325444,29.68615380048284,26.11384611367101,26.556923036066276,20.73230766041183,7206333344.419999,11513333344.419998,17.322916693317307,2.3141725576172125,24.594994349556316,-180.1583336105,1.2524041265936738,1.2524041265936738,3.697281099685292,27.478122540381857,39.29465305262798,-287.83333361049995,0.0144317498274665,-0.005550673010564,0.7806743135210289,0.3233748470232525,10.279236276849645,1.2585983127839069,0.0,2.8173076923076925,0.0063832739621486,0.4423076923076923,0.0,0.0,0.055719530631344,1.136518771331058,0.1069364161849711,1.92485549132948,0.0,16.935606524369366,0.0128080741330369,0.0079286422200198,-23.478461502340828,797000000.0,5658000000.0,-3580000000.0,8997000000.0,1860500000.0,1858500000.0,1644500000.0,53.12138728323699,70.09162303664921,63.49476439790576,1.6942328618063112,1.2840336134453785,1.417439703153989,0.0180743830378866,1.5369230745585798,1991-06-29,,bmo,,2025-04-25,1991-06-30,,30.70609375,1054241.140625
1991-03-31,IP,USD,51434,1991-03-31,1991-03-30 19:00:00,1991,Q1,3097000000.0,2243000000.0,854000000.0,0.2757507265,0,0.0,0.0,355000000.0,205000000.0,560000000.0,2803000000.0,0.0,0.0,172000000.0,466000000.0,0.150468195,294000000.0,0.094930578,-79000000.0,215000000.0,0.0694220213,83000000.0,132000000.0,0.0426218922,0.6,0.6,220000000,220000000,,,14.077272727272728,0.6,0.5636363636363636,-0.8318181818181818,1.2363636363636363,29.48636363636364,26.568181818181817,26.26363636363636,19.754545454545458,6173200000.0,10247200000.0,11.691666666666666,1.9932838230545689,49.78387096774193,-33.733333333333334,1.0683973693319488,1.0683973693319488,3.308750403616403,21.98969957081545,82.63870967741936,-55.995628415300544,0.0213827512473271,-0.0296442687747035,0.7521633783316026,0.3119661187280166,8.742489270386265,1.3768115942028984,0.0,0.9393939393939394,0.007451564828614,0.3484848484848485,0.0,0.0,0.0460842724858229,2.475806451612903,0.0991281885695834,1.7848837209302326,0.0,18.829739533755927,0.0150431140579544,0.0099330273158251,-22.380681818181817,1118000000.0,5845000000.0,-3359000000.0,9200000000.0,1840500000.0,1513000000.0,1655000000.0,54.72069744914433,77.52117699509584,67.08872046366473,1.6447158789166223,1.1609730848861284,1.3415071770334928,0.0228452751817237,1.3954545454545455,1991-03-30,,bmo,,2025-04-25,1991-03-31,,27.637868852459015,1133130.245901639
1990-12-31,IP,USD,51434,1990-12-31,1990-12-30 19:00:00,1990,Q4,3287000000.0,2316000000.0,971000000.0,0.2954061454,0,0.0,0.0,635000000.0,225000000.0,860000000.0,3176000000.0,0.0,0.0,175000000.0,286000000.0,0.0870094311,111000000.0,0.0337693946,-72000000.0,39000000.0,0.0118649224,16000000.0,23000000.0,0.0069972619,0.11,0.11,218072289,218072289,,,15.072983436240264,0.1054696133354201,1.971823205836116,-0.2017679559460211,1.1739226527768505,28.811546982019344,25.66121548804397,25.82629836109071,19.18171272095924,5445265056.33,9372265056.33,59.18766365576087,1.656606345095832,12.663407107744186,-123.7560240075,0.9668439375585938,0.9668439375585938,2.851312764323091,32.77015753961538,21.79596524727907,-213.0060240075,0.0042238531572054,-0.0080804147355234,0.7427201704545454,0.3060209232570049,13.73076923076923,1.2484944532488114,0.0,18.695652173913043,0.0084477063144109,2.0,0.0,0.0,0.0502597117565293,1.1023255813953488,0.1442044417401886,2.7085714285714286,0.0,7.828634510287362,0.0056427496303369,0.0017716838699738,-22.756215485957505,784000000.0,5596000000.0,-3447000000.0,8758000000.0,1795500000.0,1543500000.0,1590500000.0,49.23030118649224,42.51295336787565,63.652849740932645,1.828142380422692,2.117001828153565,1.413919413919414,0.0040838068181818,2.173591161782137,1990-12-30,,bmo,,2025-04-25,1990-12-31,,22.86703125,806335.5625
1990-09-30,IP,USD,51434,1990-09-30,1990-09-29 20:00:00,1990,Q3,3267000000.0,2340000000.0,927000000.0,0.2837465565,0,0.0,0.0,358000000.0,199000000.0,557000000.0,2897000000.0,0.0,0.0,172000000.0,542000000.0,0.1659014386,370000000.0,0.1132537496,-70000000.0,300000000.0,0.0918273646,119000000.0,181000000.0,0.0554025099,0.83,0.83,218072289,218072289,,,14.981270728992072,0.8300000005961325,1.8525966864134675,0.3485082875431275,1.3986187855349197,28.444696153026577,25.702486206305657,25.615359134419872,18.186629847316365,4618771081.02,8279771081.02,6.379518067707183,1.4137652528374651,11.432601685693069,60.773303697631576,0.8268476693555317,0.8268476693555317,2.5343651916192225,15.276330407785975,20.49448287381188,108.94435632921052,0.0391879131537361,0.0164545933684196,0.7099892588614393,0.2999546210860687,6.754612546125461,1.1407363420427554,0.0,2.232044198895028,0.0097428513365642,0.2486187845303867,0.0,0.0,0.0452276508848888,0.8118811881188119,0.1003979185797367,1.9069767441860463,0.0,21.87159875680947,0.0198800724315017,0.0143377693282636,-21.08360498751861,474000000.0,5605000000.0,-3177000000.0,8250000000.0,1782500000.0,1965000000.0,1532000000.0,49.39393939393939,76.65384615384616,59.34615384615385,1.822085889570552,1.1741093828399398,1.5165262475696697,0.0324024346580737,1.5040883988703395,1990-09-29,,bmo,,2025-04-25,1990-09-30,,23.51428571428572,923657.2698412698
1990-06-30,IP,USD,51434,1990-06-30,1990-06-29 20:00:00,1990,Q2,3241000000.0,2327000000.0,914000000.0,0.2820117248,0,0.0,0.0,348000000.0,190000000.0,538000000.0,2865000000.0,0.0,0.0,162000000.0,538000000.0,0.1659981487,376000000.0,0.1160135761,-69000000.0,307000000.0,0.0947238507,122000000.0,185000000.0,0.0570811478,0.85,0.85,217647059,217647059,,,14.891081069007232,0.8499999993108108,1.5208108095777209,-0.2894594592247626,1.1210810801720963,27.705405382941564,24.93945943923828,25.017567547283058,17.94648647193528,5169117651.25,8831117651.25,6.985294123310811,1.5949144249460043,15.616669641238673,-82.04948652777777,0.9493329019742884,0.9493329019742884,2.72481260452021,16.41471682388476,26.68011375,-140.1764706547619,0.035789473655192,-0.0121877667042005,0.7173553719008264,0.3030020944845241,6.806691449814126,1.146266829865361,0.0,1.7891891891891891,0.0088990042602099,0.2486486486486486,0.0,0.0,0.0466992475370413,1.190332326283988,0.1215674174637457,2.432098765432099,0.0,21.873750911854305,0.0206846635530637,0.015054113434779,-20.80202701016052,478000000.0,5428000000.0,-3115000000.0,8051000000.0,1769500000.0,1914500000.0,1497500000.0,49.20703486578216,74.91620111731844,58.8268156424581,1.8290067720090293,1.2013422818791946,1.5299145299145298,0.0339761248852157,1.810270268802484,1990-06-29,,bmo,,2025-04-25,1990-06-30,,23.988253968253968,732341.6349206349
1990-03-31,IP,USD,51434,1990-03-31,1990-03-30 19:00:00,1990,Q1,3165000000.0,2280000000.0,885000000.0,0.2796208531,0,0.0,0.0,333000000.0,186000000.0,519000000.0,2799000000.0,0.0,0.0,158000000.0,524000000.0,0.1655608215,366000000.0,0.1156398104,-66000000.0,300000000.0,0.0947867299,120000000.0,180000000.0,0.0568720379,0.83,0.83,216867470,216867470,,,14.594166658558796,0.8299999995388889,1.0144444438808642,0.0322777777598456,1.143555554920247,26.988833318339537,24.337444430923643,24.42044443087753,16.738333324034258,5111566267.9,8493566267.9,7.099397594305556,1.615028836619273,23.234392126818182,730.2237525571428,0.9651748995279456,0.9651748995279456,2.683591237883096,16.20909593110687,38.607119399545454,1213.3666097,0.0352142553898552,0.001369443265161,0.6854229607250756,0.2926711279529146,6.454198473282442,1.1829467494282917,0.0,1.2222222222222223,0.0089991985996296,0.2555555555555555,0.0,0.0,0.0463597516729823,0.968181818181818,0.0672985781990521,1.3481012658227849,0.0,21.355369336381795,0.0208923984397298,0.01521812647954,-19.549958322472246,560000000.0,5278000000.0,-2929000000.0,7837000000.0,1642000000.0,1413000000.0,1414500000.0,50.24644549763033,74.6842105263158,58.1842105263158,1.7911714770797962,1.2050739957716703,1.5468113975576665,0.0339879154078549,0.9821666661210186,1990-03-30,,bmo,,2025-04-25,1990-03-31,,24.025555555555552,837208.4285714285
1989-12-31,IP,USD,51434,1989-12-31,1989-12-30 19:00:00,1989,Q4,2978000000.0,0.0,2978000000.0,1.0,0,0.0,0.0,0.0,-9768000000.0,-9768000000.0,-9768000000.0,0.0,0.0,0.0,-6790000000.0,-2.2800537273,-6790000000.0,-2.2800537273,6790000000.0,0.0,0.0,0.0,0.0,0.0,0.0,0.0,217400000,219200000,,,13.698252069917205,0.0,,,0.4691812327506899,25.33578656853726,23.17847286108556,23.68445262189513,15.367985280588776,5808928000.0,9047928000.0,0.0,1.9506138347884483,0.0,0.0,1.1281662458729849,1.1281662458729849,3.0382565480188046,-1.3325372606774668,0.0,0.0,0.0,,0.6488638570596232,0.2884648592643757,-0.4770250368188513,1.134065934065934,0.0,0.0,0.0073398203592814,0.0,0.0,0.0,0.0404938697979623,0.0,,0.0,,0.0,,0.0,-19.12028518859245,366000000.0,5039000000.0,-2978000000.0,7073000000.0,,,,45.846205507051714,0.0,0.0,1.963085036255768,0.0,0.0,0.0,,1989-12-30,,bmo,,2025-04-25,1989-12-31,,,
1989-09-30,IP,USD,51434,1989-09-30,1989-09-29 20:00:00,1989,Q3,2900000000.0,0.0,2900000000.0,1.0,0,0.0,0.0,0.0,0.0,0.0,0.0,0.0,0.0,0.0,2900000000.0,1.0,2900000000.0,1.0,-2900000000.0,0.0,0.0,0.0,0.0,0.0,0.96,0.96,219200000,219200000,,,13.22992700729927,0.0,,,,,,,,5703584000.0,,0.0,1.966753103448276,0.0,0.0,0.0,0.0,,,0.0,0.0,0.0,,0.0,0.0,,0.0,0.0,0.0,0.0066398923904688,0.0,0.0,0.0,0.0,0.0,,0.0,,,0.0,0.0,,,,,,,,,,0.0,0.0,0.0,0.0,0.0,0.0,,1989-09-29,,bmo,,2025-04-25,1989-09-30,,,
1989-06-30,IP,USD,51434,1989-06-30,1989-06-29 20:00:00,1989,Q2,3000000000.0,0.0,3000000000.0,1.0,0,0.0,0.0,0.0,0.0,0.0,0.0,0.0,0.0,0.0,3000000000.0,1.0,3000000000.0,1.0,-3000000000.0,0.0,0.0,0.0,0.0,0.0,1.02,1.02,221400000,221400000,,,13.550135501355014,0.0,,,,,,,,4740174000.0,,0.0,1.580058,0.0,0.0,0.0,0.0,,,0.0,0.0,0.0,,0.0,0.0,,0.0,0.0,0.0,0.0080695936478281,0.0,0.0,0.0,0.0,0.0,,0.0,,,0.0,0.0,,,,,,,,,,0.0,0.0,0.0,0.0,0.0,0.0,,1989-06-29,,bmo,,2025-04-25,1989-06-30,,,
1989-03-31,IP,USD,51434,1989-03-31,1989-03-30 19:00:00,1989,Q1,2600000000.0,0.0,2600000000.0,1.0,0,0.0,0.0,0.0,0.0,0.0,0.0,0.0,0.0,0.0,2600000000.0,1.0,2600000000.0,1.0,-2600000000.0,0.0,0.0,0.0,0.0,0.0,0.98,0.98,222108000,222108000,,,11.70601689268284,0.0,,,,,,,,4717573920.0,,0.0,1.814451507692308,0.0,0.0,0.0,0.0,,,0.0,0.0,0.0,,0.0,0.0,,0.0,0.0,0.0,0.0081341807909604,0.0,0.0,0.0,0.0,0.0,,0.0,,,0.0,0.0,,,,,,,,,,0.0,0.0,0.0,0.0,0.0,0.0,,1989-03-30,,bmo,,2025-04-25,1989-03-31,,,
1988-12-31,IP,USD,51434,1988-12-31,1988-12-30 19:00:00,1988,Q4,2533000000.0,0.0,2533000000.0,1.0,0,0.0,0.0,0.0,-8194000000.0,-8194000000.0,-8194000000.0,0.0,0.0,0.0,-5661000000.0,-2.2348993289,-5661000000.0,-2.2348993289,5661000000.0,0.0,0.0,0.0,0.0,0.0,0.0,0.0,221400000,223600000,,,11.440831074977416,0.0,,,0.5510388437217706,20.582655826558263,19.209575429087625,20.582655826558263,9.507678410117434,4793310000.0,6776310000.0,0.0,1.8923450454007107,0.0,0.0,1.0518564845292957,1.0518564845292957,2.675211212001579,-1.1970164281928988,0.0,0.0,0.0,,0.4619267061663375,0.2224688226590573,-0.3502914679385268,1.5,0.0,0.0,0.0070096997690531,0.0,0.0,0.0,0.0321285140562249,0.0,,0.0,,0.0,,0.0,-15.504742547425474,781000000.0,4253000000.0,-2562000000.0,6541000000.0,,,,40.967232530596135,0.0,0.0,2.196877710320902,0.0,0.0,0.0,,1988-12-30,,bmo,,2025-04-25,1988-12-31,,,
1988-09-30,IP,USD,51434,1988-09-30,1988-09-29 20:00:00,1988,Q3,2400000000.0,0.0,2400000000.0,1.0,0,0.0,0.0,0.0,0.0,0.0,0.0,0.0,0.0,0.0,2400000000.0,1.0,2400000000.0,1.0,-2400000000.0,0.0,0.0,0.0,0.0,0.0,0.87,0.87,223600000,223600000,,,10.73345259391771,0.0,,,,,,,,4671004000.0,,0.0,1.9462516666666667,0.0,0.0,0.0,0.0,,,0.0,0.0,0.0,,0.0,0.0,,0.0,0.0,0.0,0.0072647199617041,0.0,0.0,0.0,0.0,0.0,,0.0,,,0.0,0.0,,,,,,,,,,0.0,0.0,0.0,0.0,0.0,0.0,,1988-09-29,,bmo,,2025-04-25,1988-09-30,,,
1988-06-30,IP,USD,51434,1988-06-30,1988-06-29 20:00:00,1988,Q2,2400000000.0,0.0,2400000000.0,1.0,0,0.0,0.0,0.0,0.0,0.0,0.0,0.0,0.0,0.0,2400000000.0,1.0,2400000000.0,1.0,-2400000000.0,0.0,0.0,0.0,0.0,0.0,0.82,0.82,222932000,222932000,,,10.76561462688174,0.0,,,,,,,,5007052720.0,,0.0,2.0862719666666667,0.0,0.0,0.0,0.0,,,0.0,0.0,0.0,,0.0,0.0,,0.0,0.0,0.0,0.0067569011576135,0.0,0.0,0.0,0.0,0.0,,0.0,,,0.0,0.0,,,,,,,,,,0.0,0.0,0.0,0.0,0.0,0.0,,1988-06-29,,bmo,,2025-04-25,1988-06-30,,,
1988-03-31,IP,USD,51434,1988-03-31,1988-03-30 19:00:00,1988,Q1,2300000000.0,0.0,2300000000.0,1.0,0,0.0,0.0,0.0,0.0,0.0,0.0,0.0,0.0,0.0,2300000000.0,1.0,2300000000.0,1.0,-2300000000.0,0.0,0.0,0.0,0.0,0.0,0.69,0.69,210772000,210772000,,,10.912265386294196,0.0,,,,,,,,3996237120.0,,0.0,1.7374944,0.0,0.0,0.0,0.0,,,0.0,0.0,0.0,,0.0,0.0,,0.0,0.0,0.0,0.0073881856540084,0.0,0.0,0.0,0.0,0.0,,0.0,,,0.0,0.0,,,,,,,,,,0.0,0.0,0.0,0.0,0.0,0.0,,1988-03-30,,bmo,,2025-04-25,1988-03-31,,,
1987-12-31,IP,USD,51434,1987-12-31,1987-12-30 19:00:00,1987,Q4,1963000000.0,0.0,1963000000.0,1.0,0,0.0,0.0,0.0,-6973000000.0,-6973000000.0,-6973000000.0,0.0,0.0,0.0,-5010000000.0,-2.5522159959,-5010000000.0,-2.5522159959,5010000000.0,0.0,0.0,0.0,0.0,0.0,0.0,0.0,210772000,210772000,,,9.313381284041524,0.0,,,1.1054599282637163,19.22456493272351,19.22456493272351,19.22456493272351,11.538534530203252,4156423839.999999,6355423840.0,0.0,2.1173835150280182,0.0,0.0,1.0257709378084896,1.0257709378084896,3.237607661742232,-1.2685476726546907,0.0,0.0,0.0,,0.6001974333662389,0.2792192881745121,-0.4389221556886227,1.436254980079681,0.0,0.0,0.007103448275862,0.0,0.0,0.0,0.0,0.0,,0.0,,0.0,,0.0,-15.421877668760557,657000000.0,4052000000.0,-2495000000.0,5782000000.0,,,,45.75649516046867,0.0,0.0,1.9669338677354709,0.0,0.0,0.0,,1987-12-30,,bmo,,2025-04-25,1987-12-31,,,
1987-09-30,IP,USD,51434,1987-09-30,1987-09-29 20:00:00,1987,Q3,2000000000.0,0.0,2000000000.0,1.0,0,0.0,0.0,0.0,0.0,0.0,0.0,0.0,0.0,0.0,2000000000.0,1.0,2000000000.0,1.0,-2000000000.0,0.0,0.0,0.0,0.0,0.0,0.46,0.46,210772000,210772000,,,9.488926422864518,0.0,,,,,,,,5102790120.0,,0.0,2.55139506,0.0,0.0,0.0,0.0,,,0.0,0.0,0.0,,0.0,0.0,,0.0,0.0,0.0,0.005786038826931,0.0,0.0,0.0,0.0,0.0,,0.0,,,0.0,0.0,,,,,,,,,,0.0,0.0,0.0,0.0,0.0,0.0,,1987-09-29,,bmo,,2025-04-25,1987-09-30,,,
1987-06-30,IP,USD,51434,1987-06-30,1987-06-29 20:00:00,1987,Q2,1910000000.0,0.0,1910000000.0,1.0,0,0.0,0.0,0.0,0.0,0.0,0.0,0.0,0.0,0.0,1910000000.0,1.0,1910000000.0,1.0,-1910000000.0,0.0,0.0,0.0,0.0,0.0,0.4,0.4,209084000,209084000,,,9.135084463660538,0.0,,,,,,,,4733661760.0,,0.0,2.478356942408377,0.0,0.0,0.0,0.0,,,0.0,0.0,0.0,,0.0,0.0,,0.0,0.0,0.0,0.0067029151943462,0.0,0.0,0.0,0.0,0.0,,0.0,,,0.0,0.0,,,,,,,,,,0.0,0.0,0.0,0.0,0.0,0.0,,1987-06-29,,bmo,,2025-04-25,1987-06-30,,,
1987-03-31,IP,USD,51434,1987-03-31,1987-03-30 19:00:00,1987,Q1,1800000000.0,0.0,1800000000.0,1.0,0,0.0,0.0,0.0,0.0,0.0,0.0,0.0,0.0,0.0,1800000000.0,1.0,1800000000.0,1.0,-1800000000.0,0.0,0.0,0.0,0.0,0.0,0.41,0.41,209600000,209600000,,,8.587786259541986,0.0,,,,,,,,5185504000.0,,0.0,2.880835555555556,0.0,0.0,0.0,0.0,,,0.0,0.0,0.0,,0.0,0.0,,0.0,0.0,0.0,0.0056620856911883,0.0,0.0,0.0,0.0,0.0,,0.0,,,0.0,0.0,,,,,,,,,,0.0,0.0,0.0,0.0,0.0,0.0,,1987-03-30,,bmo,,2025-04-25,1987-03-31,,,
1986-12-31,IP,USD,51434,1986-12-31,1986-12-30 19:00:00,1986,Q4,1880000000.0,0.0,1880000000.0,1.0,0,0.0,0.0,0.0,-5043000000.0,-5043000000.0,-5043000000.0,0.0,0.0,0.0,-3163000000.0,-1.6824468085,-3163000000.0,-1.6824468085,3163000000.0,0.0,0.0,0.0,0.0,0.0,0.0,0.0,191656000,191656000,,,9.809241557791042,0.0,,,1.0435363359352172,19.11758567433318,19.11758567433318,19.11758567433318,11.25453938306132,3359729680.0,5316729680.0,0.0,1.787090255319149,0.0,0.0,0.9169567903930133,0.9169567903930133,2.82804770212766,-1.6809135883654758,0.0,0.0,0.0,,0.5887008733624454,0.2748470948012232,-0.6187164084729687,1.2222222222222223,0.0,0.0,0.0079908727895037,0.0,0.0,0.0,0.0,0.0,,0.0,,0.0,,0.0,-16.353518804524775,296000000.0,3664000000.0,-2556000000.0,5084000000.0,,,,31.73936170212766,0.0,0.0,2.8355957767722475,0.0,0.0,0.0,,1986-12-30,,bmo,,2025-04-25,1986-12-31,,,
1986-09-30,IP,USD,51434,1986-09-30,1986-09-29 20:00:00,1986,Q3,1250000000.0,0.0,1250000000.0,1.0,0,0.0,0.0,0.0,0.0,0.0,0.0,0.0,0.0,0.0,1250000000.0,1.0,1250000000.0,1.0,-1250000000.0,0.0,0.0,0.0,0.0,0.0,0.42,0.42,191656000,191656000,,,6.522102099595108,0.0,,,,,,,,3041580720.0,,0.0,2.433264576,0.0,0.0,0.0,0.0,,,0.0,0.0,0.0,,0.0,0.0,,0.0,0.0,0.0,0.0088267170762444,0.0,0.0,0.0,0.0,0.0,,0.0,,,0.0,0.0,,,,,,,,,,0.0,0.0,0.0,0.0,0.0,0.0,,1986-09-29,,bmo,,2025-04-25,1986-09-30,,,
1986-06-30,IP,USD,51434,1986-06-30,1986-06-29 20:00:00,1986,Q2,1231000000.0,0.0,1231000000.0,1.0,0,0.0,0.0,0.0,0.0,0.0,0.0,0.0,0.0,0.0,1231000000.0,1.0,1231000000.0,1.0,-1231000000.0,0.0,0.0,0.0,0.0,0.0,0.34,0.34,191656000,191656000,,,6.422966147681263,0.0,,,,,,,,2811593520.0,,0.0,2.283991486596263,0.0,0.0,0.0,0.0,,,0.0,0.0,0.0,,0.0,0.0,,0.0,0.0,0.0,0.009548738922972,0.0,0.0,0.0,0.0,0.0,,0.0,,,0.0,0.0,,,,,,,,,,0.0,0.0,0.0,0.0,0.0,0.0,,1986-06-29,,bmo,,2025-04-25,1986-06-30,,,
1986-03-31,IP,USD,51434,1986-03-31,1986-03-30 19:00:00,1986,Q1,1140000000.0,0.0,1140000000.0,1.0,0,0.0,0.0,0.0,0.0,0.0,0.0,0.0,0.0,0.0,1140000000.0,1.0,1140000000.0,1.0,-1140000000.0,0.0,0.0,0.0,0.0,0.0,0.07,0.07,191656000,191656000,,,5.948157114830739,0.0,,,,,,,,2750263600.0,,0.0,2.412511929824561,0.0,0.0,0.0,0.0,,,0.0,0.0,0.0,,0.0,0.0,,0.0,0.0,0.0,0.0097616724738675,0.0,0.0,0.0,0.0,0.0,,0.0,,,0.0,0.0,,,,,,,,,,0.0,0.0,0.0,0.0,0.0,0.0,,1986-03-30,,bmo,,2025-04-25,1986-03-31,,,
1985-12-31,IP,USD,51434,1985-12-31,1985-12-30 19:00:00,1985,Q4,1101900000.0,0.0,1101900000.0,1.0,0,0.0,0.0,0.0,-4366000000.0,-4366000000.0,-4366000000.0,0.0,0.0,0.0,-3264100000.0,-2.9622470279,-3264100000.0,-2.9622470279,3264100000.0,0.0,0.0,0.0,0.0,0.0,0.0,0.0,202008000,202008000,,,5.454734465961744,0.0,,,1.3415310284741198,15.816205298800048,15.816205298800048,15.816205298800048,6.242327036553008,2391774720.0,3381774720.0,0.0,2.1705914511298667,0.0,0.0,0.7485992863849765,0.7485992863849765,3.069039586169344,-1.0360511994117827,0.0,0.0,0.0,,0.394679186228482,0.208809405530717,-0.3032995312643607,1.4635761589403973,0.0,0.0,0.011831081081081,0.0,0.0,0.0,0.0,0.0,,0.0,,0.0,,0.0,-10.281771018969543,350000000.0,3195000000.0,-1739000000.0,4816000000.0,,,,30.873945004083858,0.0,0.0,2.915079365079365,0.0,0.0,0.0,,1985-12-30,,bmo,,2025-04-25,1985-12-31,,,
1985-09-30,IP,USD,51434,1985-09-30,1985-09-29 20:00:00,1985,Q3,1100000000.0,0.0,1100000000.0,1.0,0,0.0,0.0,0.0,0.0,0.0,0.0,0.0,0.0,0.0,1100000000.0,1.0,1100000000.0,1.0,-1100000000.0,0.0,0.0,0.0,0.0,0.0,0.05,0.05,202008000,202008000,,,5.445328897865431,0.0,,,,,,,,2185726560.0,,0.0,1.9870241454545456,0.0,0.0,0.0,0.0,,,0.0,0.0,0.0,,0.0,0.0,,0.0,0.0,0.0,0.0129463955637707,0.0,0.0,0.0,0.0,0.0,,0.0,,,0.0,0.0,,,,,,,,,,0.0,0.0,0.0,0.0,0.0,0.0,,1985-09-29,,bmo,,2025-04-25,1985-09-30,,,
