date,symbol,reportedCurrency,cik,fillingDate,acceptedDate,calendarYear,period,revenue,costOfRevenue,grossProfit,grossProfitRatio,researchAndDevelopmentExpenses,generalAndAdministrativeExpenses,sellingAndMarketingExpenses,sellingGeneralAndAdministrativeExpenses,otherExpenses,operatingExpenses,costAndExpenses,interestIncome,interestExpense,depreciationAndAmortization,ebitda,ebitdaratio,operatingIncome,operatingIncomeRatio,totalOtherIncomeExpensesNet,incomeBeforeTax,incomeBeforeTaxRatio,incomeTaxExpense,netIncome,netIncomeRatio,eps,epsdiluted,weightedAverageShsOut,weightedAverageShsOutDil,link,finalLink,revenuePerShare,netIncomePerShare,operatingCashFlowPerShare,freeCashFlowPerShare,cashPerShare,bookValuePerShare,tangibleBookValuePerShare,shareholdersEquityPerShare,interestDebtPerShare,marketCap,enterpriseValue,peRatio,priceToSalesRatio,pocfratio,pfcfRatio,pbRatio,ptbRatio,evToSales,enterpriseValueOverEBITDA,evToOperatingCashFlow,evToFreeCashFlow,earningsYield,freeCashFlowYield,debtToEquity,debtToAssets,netDebtToEBITDA,currentRatio,interestCoverage,incomeQuality,dividendYield,payoutRatio,salesGeneralAndAdministrativeToRevenue,researchAndDdevelopementToRevenue,intangiblesToTotalAssets,capexToOperatingCashFlow,capexToRevenue,capexToDepreciation,stockBasedCompensationToRevenue,grahamNumber,roic,returnOnTangibleAssets,grahamNetNet,workingCapital,tangibleAssetValue,netCurrentAssetValue,investedCapital,averageReceivables,averagePayables,averageInventory,daysSalesOutstanding,daysPayablesOutstanding,daysOfInventoryOnHand,receivablesTurnover,payablesTurnover,inventoryTurnover,roe,capexPerShare,report_date,epsEstimated,time,revenueEstimated,updatedFromDate,fiscalDateEnding,surprise(%),QuarterAvgPrice,QuarterAvgVolume
2025-03-31,IQV,USD,1478242,2025-05-06,2025-05-06 07:04:26,2025,Q1,3829000000.0,2531000000.0,1298000000.0,0.3389919039,0,0.0,0.0,508000000.0,0.0,508000000.0,3039000000.0,-11000000.0,165000000.0,265000000.0,740000000.0,0.1932619483,496000000.0,0.1295377383,-173000000.0,323000000.0,0.0843562288,61000000.0,249000000.0,0.065030034,1.42,1.4,175700000,177400000,https://www.sec.gov/Archives/edgar/data/1478242/000147824225000082/0001478242-25-000082-index.htm,https://www.sec.gov/Archives/edgar/data/1478242/000147824225000082/iqv-q1x2025earningspressre.htm,21.792828685258964,1.417188389299943,3.2327831531018782,3.2327831531018782,9.903244166192373,34.06374501992032,-77.09163346613546,34.018212862834375,8.90153671030165,30975910000.000004,30634910000.000004,31.10031124497992,8.089817184643511,54.53505281690141,54.53505281690141,5.182517985611511,5.182517985611511,8.000759989553409,41.39852702702703,53.93470070422536,53.93470070422536,0.0080385047606349,0.0183368301367094,0.2340639116613685,0.0512041578215357,-0.4608108108108108,0.8233737289316061,3.006060606060606,2.281124497991968,0.0,0.0,0.0,0.0,0.7148085791669717,0.0,0.0,0.0,0.0188038652389657,32.93523746101908,0.0188311805932418,0.0319558521560574,-95.20489470688672,-1268000000.0,-13545000000.0,-15426000000.0,19030000000.0,3533000000.0,368000000.0,0.0,89.92948550535387,0.0,0.0,1.0007841087297438,0.0,0.0,0.0416596954994144,0.0,2025-05-06,2.63,bmo,3935820730.0,2025-05-12,2025-03-31,0.0266159695817491,194.00216666666665,1471694.2166666666
2024-12-31,IQV,USD,1478242,2025-02-13,2025-02-13 07:39:45,2024,Q4,3958000000.0,2580000000.0,1378000000.0,0.3481556342,0,0.0,0.0,453000000.0,299000000.0,752000000.0,2500000000.0,11000000.0,171000000.0,303000000.0,1021000000.0,0.2579585649,626000000.0,0.1581606872,-82000000.0,544000000.0,0.1374431531,112000000.0,437000000.0,0.1104092976,2.44,2.42,178900000,180800000,https://www.sec.gov/Archives/edgar/data/1478242/000147824225000045/0001478242-25-000045-index.htm,https://www.sec.gov/Archives/edgar/data/1478242/000147824225000045/iqv-20241231.htm,22.124091671324763,2.4427054220234767,4.946897708216881,4.03018446059251,10.301844605925098,33.9128004471772,-73.46003353828955,33.9128004471772,80.08384572386808,35155639000.0,47609639000.0,20.11192162471396,8.88217256189995,39.723885875706216,48.7595547850208,5.794567166639195,5.794567166639195,12.02871121778676,46.63040058765916,53.796202259887,66.03278640776699,0.0124304382577145,0.0205088008782886,2.3332783912971813,0.5262649169114093,12.197845249755142,0.8378611470461406,3.660818713450293,2.0251716247139586,0.0,0.0,0.0,0.0,0.7141157663853674,0.1853107344632768,0.0414350682162708,0.5412541254125413,0.0121273370389085,43.1726427774256,0.0235746026963922,0.0568270481144343,-92.5600894354388,-1128000000.0,-13142000000.0,-15003000000.0,18854000000.0,3245000000.0,2085000000.0,0.0,73.67357251136939,25.67441860465116,0.0,1.221604938271605,3.505434782608696,0.0,0.0720290093950881,0.9167132476243712,2025-02-06,3.11,bmo,3927447947.0,2025-05-06,2024-12-31,0.0032154340836013,210.8853125,1513690.09375
2024-09-30,IQV,USD,1478242,2024-10-31,2024-10-31 16:46:54,2024,Q3,3896000000.0,2518000000.0,1378000000.0,0.3536960986,0,0.0,0.0,522000000.0,306000000.0,828000000.0,3318000000.0,13000000.0,170000000.0,278000000.0,798000000.0,0.204825462,550000000.0,0.1411704312,-201000000.0,349000000.0,0.0895790554,65000000.0,285000000.0,0.0731519507,1.57,1.55,182100000,184200000,https://www.sec.gov/Archives/edgar/data/1478242/000147824224000117/0001478242-24-000117-index.htm,https://www.sec.gov/Archives/edgar/data/1478242/000147824224000117/iqv-20240930.htm,21.394838001098297,1.5650741350906097,3.9593629873695777,3.1356397583745195,9.401427786930258,38.25919824272378,-70.60955518945634,38.25919824272378,76.16694124107633,43152237000.0,55280237000.0,37.852839473684206,11.076036190965093,59.85053675450763,75.57309457092819,6.193804650495192,6.193804650495192,14.188972535934292,69.27347994987468,76.67161858529819,96.8130245183888,0.006604524349456,0.0132322224685593,1.9664130902827617,0.5040470934510669,15.197994987468672,0.8054919908466819,3.235294117647059,2.5298245614035086,0.0,0.0,0.0,0.0,0.7293966151582045,0.2080443828016643,0.0385010266940451,0.539568345323741,0.0138603696098562,36.70512002401435,0.0209073887006138,0.0387491502379333,-88.21252059308073,-1360000000.0,-12858000000.0,-14581000000.0,19237000000.0,3273000000.0,3373500000.0,0.0,75.07700205338809,122.7402700555997,0.0,1.1987692307692308,0.7332556785090274,0.0,0.0409071336299698,0.8237232289950577,2024-10-31,2.82,bmo,3865399535.0,2025-04-25,2024-09-30,0.0070921985815602,236.04765625,1123562.0625
2024-06-30,IQV,USD,1478242,2024-07-22,2024-07-22 16:26:49,2024,Q2,3814000000.0,2757000000.0,1057000000.0,0.2771368642,0,0.0,0.0,509000000.0,67000000.0,509000000.0,3266000000.0,12000000.0,163000000.0,269000000.0,817000000.0,0.2142108023,548000000.0,0.1436811746,-84000000.0,436000000.0,0.1143156791,75000000.0,363000000.0,0.0951756686,1.99,1.97,182200000,184300000,https://www.sec.gov/Archives/edgar/data/1478242/000147824224000097/0001478242-24-000097-index.htm,https://www.sec.gov/Archives/edgar/data/1478242/000147824224000097/iqv-20240630.htm,20.93304061470911,1.9923161361141604,3.227222832052689,2.442371020856202,9.209659714599342,36.84961580680571,-67.89791437980242,36.84961580680571,74.71459934138309,37986878000.0,49891878000.0,26.16176170798898,9.959852648138437,64.60353401360545,85.36377078651685,5.657860887697349,5.657860887697349,13.081247509176718,61.06717013463892,84.85013265306122,112.1165797752809,0.0095559313929404,0.0117145715423099,2.0032767351802203,0.5095082960830366,14.571603427172583,0.8492447129909365,3.361963190184049,1.6198347107438016,0.0,0.0,0.0,0.0,0.7229714372300932,0.2431972789115646,0.0374934452018877,0.5315985130111525,0.0125852123754588,40.64310389332851,0.0216631150610708,0.0496376316149323,-85.25795828759605,-998000000.0,-12371000000.0,-14062000000.0,18855000000.0,3378500000.0,3384000000.0,0.0,77.77661248033561,108.15016322089228,0.0,1.1571601941747574,0.8321762752792031,0.0,0.0540661304736371,0.7848518111964874,2024-07-22,2.56,bmo,3789462513.0,2025-04-25,2024-06-30,0.03125,227.175873015873,1099011.492063492
2024-03-31,IQV,USD,1478242,2024-05-02,2024-05-02 16:32:17,2024,Q1,3740000000.0,2708000000.0,1032000000.0,0.2759358289,0,0.0,0.0,508000000.0,-11000000.0,508000000.0,3216000000.0,11000000.0,166000000.0,264000000.0,767000000.0,0.2050802139,524000000.0,0.1401069519,-166000000.0,340000000.0,0.0909090909,49000000.0,288000000.0,0.0770053476,1.58,1.56,181900000,184300000,https://www.sec.gov/Archives/edgar/data/1478242/000147824224000068/0001478242-24-000068-index.htm,https://www.sec.gov/Archives/edgar/data/1478242/000147824224000068/iqv-20240331.htm,20.560747663551403,1.5832875206157229,2.869708631115998,2.072567344694887,8.658603628367235,34.8763056624519,-70.90159428257284,34.8763056624519,76.44859813084112,45269453000.0,57565453000.0,39.29640017361111,12.104131818181818,86.72309003831418,120.078124668435,7.135790195460277,7.135790195460277,15.391832352941176,75.05274185136896,110.27864559386973,152.69350928381962,0.0063619058971178,0.0083279115389355,2.1658259773013877,0.5170467374125085,16.03129074315515,0.8763957816377171,3.156626506024097,1.8125,0.0,0.0,0.0,0.0,0.724053586212087,0.2777777777777778,0.0387700534759358,0.5492424242424242,0.0149732620320855,35.24815511785177,0.0215171689747721,0.0392745124778399,-88.28614623419462,-797000000.0,-12897000000.0,-14579000000.0,19235000000.0,3437000000.0,2082000000.0,0.0,83.2860962566845,114.8264401772526,0.0,1.080612539728402,0.7837916063675832,0.0,0.0453972257250945,0.7971412864211105,2024-05-02,2.49,bmo,3704307353.0,2025-04-25,2024-03-31,0.0200803212851404,233.45704918032783,1026914.4918032788
2023-12-31,IQV,USD,1478242,2024-02-15,2024-02-15 07:33:24,2023,Q4,3909000000.0,2794000000.0,1115000000.0,0.2852391916,0,0.0,0.0,556000000.0,47000000.0,556000000.0,3350000000.0,12000000.0,193000000.0,316000000.0,844000000.0,0.215911998,559000000.0,0.1430033257,-128000000.0,373000000.0,0.0954208237,-102000000.0,469000000.0,0.1199795344,2.58,2.54,181900000,184300000,https://www.sec.gov/Archives/edgar/data/1478242/000147824224000038/0001478242-24-000038-index.htm,https://www.sec.gov/Archives/edgar/data/1478242/000147824224000038/iqv-20231231.htm,21.48982957669049,2.578339747113799,4.106652006597032,3.1225948323254538,8.22429906542056,33.60087960417812,-73.08411214953271,33.60087960417812,79.29631665750412,42088022000.0,54943022000.0,22.43497974413646,10.766953696597596,56.34273360107095,74.09863028169013,6.886129253926701,6.886129253926701,14.055518546942952,65.0983672985782,73.55156894243642,96.73067253521128,0.0111433129359227,0.0134955261142944,2.328370418848168,0.5333758105018552,15.231042654028435,0.8621167770759514,2.8963730569948187,1.5927505330490406,0.0,0.0,0.0,0.0,0.7273340579438552,0.2396251673360107,0.0457917625991302,0.5664556962025317,0.0115118956254796,44.15060449169808,0.0337024557701675,0.06446735395189,-90.78202308960968,-895000000.0,-13294000000.0,-14973000000.0,19330000000.0,3344500000.0,1921000000.0,88500000.0,78.58019953952417,22.838224767358625,0.0,1.1453266920597716,3.9407616361071938,0.0,0.0767342931937172,0.9840571742715778,2024-02-14,2.82,bmo,3795613086.0,2025-04-25,2023-12-31,0.0070921985815602,205.32174603174604,1275419.253968254
2023-09-30,IQV,USD,1478242,2023-11-01,2023-11-01 16:29:25,2023,Q3,3736000000.0,2426000000.0,1310000000.0,0.3506423983,0,0.0,0.0,502000000.0,35000000.0,799000000.0,3225000000.0,14000000.0,181000000.0,297000000.0,808000000.0,0.2162740899,481000000.0,0.1287473233,-132000000.0,349000000.0,0.0934154176,51000000.0,303000000.0,0.0811027837,1.66,1.63,182900000,185500000,https://www.sec.gov/Archives/edgar/data/1478242/000147824223000101/0001478242-23-000101-index.htm,https://www.sec.gov/Archives/edgar/data/1478242/000147824223000101/iqv-20230930.htm,20.42646254784035,1.656642974302898,3.187534171678513,2.389283761618371,7.282668124658283,31.738655002733733,-73.20940404592673,31.738655002733733,76.70311645708037,35985575000.0,48609575000.0,29.691068481848184,9.632113222698074,61.724828473413375,82.34685354691075,6.199065460809647,6.199065460809647,13.011128211991435,60.1603650990099,83.3783447684391,111.23472540045766,0.008420040530129,0.0121437548239815,2.385529715762274,0.5330869615429034,15.623762376237623,0.79040825618455,2.657458563535912,1.924092409240924,0.0,0.0,0.0,0.0,0.7389228933287139,0.2504288164665523,0.0390792291220556,0.4915824915824915,0.0125802997858672,34.39536954362176,0.0198439678078561,0.0446770864051902,-89.08966648441772,-1381000000.0,-13390000000.0,-14964000000.0,18604000000.0,3230000000.0,3070000000.0,178000000.0,78.9186295503212,116.22835943940645,6.56636438582028,1.1404151404151404,0.7743376954995213,13.706214689265536,0.0521963824289405,0.7982504100601422,2023-11-01,2.46,bmo,3775420000.0,2025-04-25,2023-09-30,0.0121951219512196,217.1347619047619,978693.6507936508
2023-06-30,IQV,USD,1478242,2023-08-01,2023-08-01 16:22:49,2023,Q2,3728000000.0,2443000000.0,1285000000.0,0.3446888412,0,0.0,0.0,482000000.0,16000000.0,741000000.0,3184000000.0,4000000.0,169000000.0,259000000.0,803000000.0,0.2153969957,524000000.0,0.1405579399,-149000000.0,375000000.0,0.1005901288,81000000.0,297000000.0,0.079667382,1.61,1.59,184400000,186700000,https://www.sec.gov/Archives/edgar/data/1478242/000147824223000086/0001478242-23-000086-index.htm,https://www.sec.gov/Archives/edgar/data/1478242/000147824223000086/iqv-20230630.htm,20.216919739696312,1.6106290672451191,2.180043383947939,1.3123644251626898,8.091106290672451,31.171366594360087,-72.51626898047722,31.171366594360087,76.941431670282,41447588000.0,54084588000.0,34.88854208754209,11.117915236051502,103.10345273631842,171.27102479338842,7.210784272790536,7.210784272790536,14.507668454935622,67.35316064757161,134.538776119403,223.49003305785124,0.0071656763235534,0.0058386992265991,2.438935281837161,0.5384467660162852,15.737235367372351,0.8144581996026288,3.100591715976331,1.3535353535353536,0.0,0.0,0.0,0.0,0.734367798432939,0.3980099502487562,0.0429184549356223,0.6177606177606177,0.0134120171673819,33.60987882764786,0.0197156980371454,0.0429438982070561,-88.49511930585683,-1214000000.0,-13372000000.0,-14959000000.0,18735000000.0,3144500000.0,3075000000.0,172000000.0,76.86695278969957,110.77773229635694,6.594351207531723,1.170854271356784,0.8124376454938477,13.64804469273743,0.051670146137787,0.8676789587852495,2023-08-01,2.37,bmo,3708560000.0,2025-04-25,2023-06-30,0.0253164556962025,200.8248387096774,1128434.435483871
2023-03-31,IQV,USD,1478242,2023-04-28,2023-04-28 07:49:59,2023,Q1,3652000000.0,2398000000.0,1254000000.0,0.343373494,0,0.0,0.0,513000000.0,253000000.0,766000000.0,3164000000.0,6000000.0,141000000.0,253000000.0,741000000.0,0.2029025192,471000000.0,0.1289704272,-109000000.0,362000000.0,0.0991237678,71000000.0,289000000.0,0.0791347207,1.56,1.53,185800000,188600000,https://www.sec.gov/Archives/edgar/data/1478242/000147824223000061/0001478242-23-000061-index.htm,https://www.sec.gov/Archives/edgar/data/1478242/000147824223000061/iqv-20230331.htm,19.65554359526373,1.5554359526372443,2.2443487621097957,1.3616792249730894,8.60064585575888,31.926803013993545,-69.10656620021528,31.926803013993545,73.04628632938643,36953762000.0,48890762000.0,31.96692214532872,10.11877382256298,88.61813429256595,146.06230039525693,6.229562036412677,6.229562036412677,13.387393756845563,65.97943589743589,117.2440335731415,193.24411857707508,0.0078205840044107,0.0068463936093976,2.26416048550236,0.5218151443335017,16.10931174089069,0.8003605227579991,3.3404255319148937,1.4429065743944636,0.0,0.0,0.0,0.0,0.7293212634523486,0.3932853717026379,0.044906900328587,0.6482213438735178,0.0205366922234392,33.42681840029777,0.0185371626419253,0.0414812688388115,-85.02556512378902,-1329000000.0,-12840000000.0,-14479000000.0,18288000000.0,3032500000.0,1894000000.0,158000000.0,76.51971522453451,117.96080066722268,6.192660550458716,1.1761674718196458,0.7629653197581928,14.533333333333331,0.0487188132164531,0.8826695371367062,2023-04-27,2.41,bmo,3614190000.0,2025-04-25,2023-03-31,0.0165975103734439,213.73338709677415,983435.2096774194
2022-12-31,IQV,USD,1478242,2023-02-15,2023-02-15 16:24:16,2022,Q4,3739000000.0,2407000000.0,1332000000.0,0.3562449853,0,0.0,0.0,583000000.0,357000000.0,940000000.0,3347000000.0,6000000.0,128000000.0,357000000.0,782000000.0,0.2091468307,379000000.0,0.1013640011,-104000000.0,275000000.0,0.0735490773,48000000.0,227000000.0,0.0607114202,1.22,1.2,185700000,188600000,https://www.sec.gov/Archives/edgar/data/1478242/000147824223000044/0001478242-23-000044-index.htm,https://www.sec.gov/Archives/edgar/data/1478242/000147824223000044/iqv-20221231.htm,20.13462574044157,1.2224017232094777,3.0156165858912223,2.094776521270867,7.049003769520732,31.0446957458266,-69.87614431879375,31.0446957458266,70.7539041464728,38048073000.0,49843073000.0,41.90316409691629,10.176002407060713,67.9429875,97.80995629820052,6.599839202081526,6.599839202081526,13.330589194971918,63.737945012787726,89.0054875,128.13129305912597,0.0059661365767459,0.0102239080544236,2.256895056374675,0.5135177803212693,15.08312020460358,0.8929723915381858,2.9609375,2.466960352422908,0.0,0.0,0.0,0.0,0.739669258396811,0.3053571428571429,0.0457341535169831,0.4789915966386555,0.0155121690291521,29.22078909722971,0.0157122832970354,0.0344147968465736,-85.98546042003231,-597000000.0,-12976000000.0,-14591000000.0,19007000000.0,2823500000.0,1808000000.0,163500000.0,71.2489970580369,24.11715828832572,5.646032405484005,1.2631756756756756,3.731782945736434,15.940397350993376,0.0393755420641804,0.9208400646203554,2023-02-10,2.75,bmo,3707569210.0,2025-04-25,2022-12-31,0.0109090909090908,202.81587301587305,1028899.746031746
2022-09-30,IQV,USD,1478242,2022-10-27,2022-10-27 16:24:14,2022,Q3,3562000000.0,2321000000.0,1241000000.0,0.3483997754,0,0.0,0.0,517000000.0,248000000.0,765000000.0,3086000000.0,4000000.0,108000000.0,248000000.0,724000000.0,0.2032565974,472000000.0,0.1325098259,-112000000.0,360000000.0,0.1010668164,70000000.0,283000000.0,0.0794497473,1.52,1.49,186500000,189400000,https://www.sec.gov/Archives/edgar/data/1478242/000147824222000101/0001478242-22-000101-index.htm,https://www.sec.gov/Archives/edgar/data/1478242/000147824222000101/iqv-20220930.htm,19.099195710455763,1.517426273458445,4.627345844504021,3.742627345844504,7.297587131367292,28.67024128686327,-67.28150134048258,28.67024128686327,68.42359249329759,33782610000.0,45161610000.0,29.843295053003533,9.484169006176304,39.14555040556199,48.39915472779369,6.318049373480456,6.318049373480456,12.678722627737226,62.37791436464089,52.33095017381228,64.70144699140401,0.0083770910536515,0.0206615178637766,2.36637366747709,0.5223547867729018,15.716850828729282,0.9046259280411194,4.37037037037037,3.049469964664311,0.0,0.0,0.0,0.0,0.7387606819964496,0.1911935110081112,0.0463222908478382,0.6653225806451613,0.0171252105558674,31.28677022943221,0.019885059475039,0.0447218710493046,-82.6367292225201,-501000000.0,-12548000000.0,-14124000000.0,18234000000.0,2705000000.0,2909000000.0,182000000.0,67.89163391353172,115.20465316673848,6.8246445497630335,1.3256419799032375,0.7812184449680243,13.1875,0.052926874883112,0.8847184986595175,2022-10-26,2.39,bmo,3540484401.0,2025-04-25,2022-09-30,0.0376569037656903,219.0734375,941180.046875
2022-06-30,IQV,USD,1478242,2022-07-22,2022-07-22 16:22:19,2022,Q2,3541000000.0,2331000000.0,1210000000.0,0.341711381,0,0.0,0.0,483000000.0,270000000.0,753000000.0,3084000000.0,2000000.0,94000000.0,270000000.0,727000000.0,0.2053092347,453000000.0,0.1279299633,-125000000.0,328000000.0,0.0926292008,71000000.0,256000000.0,0.0722959616,1.36,1.34,188300000,191100000,https://www.sec.gov/Archives/edgar/data/1478242/000147824222000084/0001478242-22-000084-index.htm,https://www.sec.gov/Archives/edgar/data/1478242/000147824222000084/iqv-20220630.htm,18.805098247477428,1.3595326606479023,1.7472118959107807,0.8921933085501859,8.061603823685608,28.422729686670205,-66.30377057886352,28.422729686670205,69.81412639405204,40859217000.0,52483217000.0,39.9015791015625,11.53889212086981,124.1921489361702,243.209625,7.634382847533633,7.634382847533633,14.82158062694154,72.19149518569463,159.52345592705169,312.40010119047616,0.0062654161972805,0.0041116793794653,2.438714499252616,0.5346331872363085,15.988995873452543,0.9621865203761756,4.819148936170213,1.28515625,0.0,0.0,0.0,0.0,0.7306353172490067,0.4893617021276595,0.0454673820954532,0.5962962962962963,0.0127082744987291,29.486211346329057,0.0182386348682355,0.0389294403892944,-81.82023366967604,-193000000.0,-12485000000.0,-14150000000.0,18543000000.0,2692500000.0,2831500000.0,175000000.0,69.20926292007907,109.92277992277992,7.258687258687258,1.3004039662137348,0.8187565858798735,12.398936170212766,0.0478325859491778,0.8550185873605948,2022-07-21,2.39,bmo,3494020084.0,2025-04-25,2022-06-30,0.0209205020920501,217.1554838709677,1185308.0483870967
2022-03-31,IQV,USD,1478242,2022-04-28,2022-04-28 16:18:59,2022,Q1,3568000000.0,2323000000.0,1245000000.0,0.3489349776,0,0.0,0.0,488000000.0,255000000.0,743000000.0,3066000000.0,1000000.0,86000000.0,255000000.0,757000000.0,0.2121636771,495000000.0,0.1387331839,-95000000.0,400000000.0,0.1121076233,71000000.0,325000000.0,0.0910874439,1.71,1.68,190000000,193400000,https://www.sec.gov/Archives/edgar/data/1478242/000147824222000064/0001478242-22-000064-index.htm,https://www.sec.gov/Archives/edgar/data/1478242/000147824222000064/iqv-20220331.htm,18.778947368421058,1.7105263157894737,2.673684210526316,1.7421052631578948,7.8578947368421055,31.152631578947368,-65.94736842105263,31.152631578947368,68.59473684210526,43929900000.0,55489900000.0,33.79223076923077,12.312191704035875,86.47618110236222,132.71873111782477,7.421844906234162,7.421844906234162,15.55210201793722,73.30237780713342,109.23208661417324,167.64320241691843,0.0073981502348059,0.00753473146991,2.1873627301909107,0.5185229684809164,15.270805812417438,0.9253441923598992,5.755813953488372,1.563076923076923,0.0,0.0,0.0,0.0,0.7388762064960551,0.3484251968503937,0.0496076233183856,0.6941176470588235,0.0084080717488789,34.62609439053706,0.0204571148628278,0.0498466257668711,-81.47105263157894,-385000000.0,-12530000000.0,-14278000000.0,19002000000.0,2635500000.0,1718500000.0,159000000.0,67.14686098654708,109.10030133448129,6.276366767111494,1.3403456048084148,0.8249289772727273,14.339506172839506,0.0549079236357492,0.9315789473684212,2022-04-27,2.43,bmo,3538796384.0,2025-04-25,2022-03-31,0.0164609053497942,236.81758064516129,1136237.241935484
2021-12-31,IQV,USD,1478242,2022-02-16,2022-02-16 16:22:34,2021,Q4,3636000000.0,2364000000.0,1272000000.0,0.3498349835,0,0.0,0.0,542000000.0,2000000.0,804000000.0,3168000000.0,2000000.0,90000000.0,262000000.0,734000000.0,0.201870187,463000000.0,0.1273377338,-87000000.0,376000000.0,0.103410341,59000000.0,318000000.0,0.0874587459,1.67,1.63,190800000,194800000,https://www.sec.gov/Archives/edgar/data/1478242/000147824222000041/0001478242-22-000041-index.htm,https://www.sec.gov/Archives/edgar/data/1478242/000147824222000041/iqv-20211231.htm,19.056603773584907,1.6666666666666667,3.6268343815513626,2.6624737945492662,7.741090146750524,31.666666666666668,-63.9517819706499,31.666666666666668,65.66037735849056,53832312000.0,64904312000.0,42.321,14.805366336633664,77.7923583815029,105.96911811023622,8.909684210526315,8.909684210526315,17.850470847084708,88.4254931880109,93.7923583815029,127.7643937007874,0.0059072328158597,0.0094367115423168,2.058589870903674,0.5037871116691645,15.084468664850135,0.9087960312917382,5.144444444444445,2.1761006289308176,0.0,0.0,0.0,0.0,0.7389525699704321,0.2658959537572254,0.0506050605060506,0.7022900763358778,0.0115511551155115,34.46012188022556,0.0199779110627626,0.0493405740884406,-79.32520964360587,-478000000.0,-12202000000.0,-13884000000.0,18669000000.0,2497500000.0,1642000000.0,160000000.0,64.57920792079207,23.64213197969543,5.939086294416243,1.3936374089689536,3.8067632850241546,15.153846153846152,0.0526315789473684,0.9643605870020964,2022-02-15,2.43,bmo,3591686450.0,2025-04-25,2021-12-31,0.0493827160493825,259.50609375,775198.15625
2021-09-30,IQV,USD,1478242,2021-10-22,2021-10-22 07:55:03,2021,Q3,3391000000.0,2253000000.0,1138000000.0,0.33559422,0,0.0,0.0,498000000.0,62000000.0,834000000.0,3087000000.0,2000000.0,92000000.0,336000000.0,701000000.0,0.2067236803,302000000.0,0.0890592746,-29000000.0,273000000.0,0.080507225,12000000.0,261000000.0,0.0769684459,1.36,1.34,191500000,195300000,https://www.sec.gov/Archives/edgar/data/1478242/000147824221000062/0001478242-21-000062-index.htm,https://www.sec.gov/Archives/edgar/data/1478242/000147824221000062/iqv-20210930.htm,17.70757180156658,1.362924281984334,4.407310704960835,3.561357702349869,8.219321148825065,30.43864229765013,-63.221932114882506,30.43864229765013,65.72845953002611,45871910000.0,56896910000.0,43.93861111111112,13.527546446475966,54.35060426540284,67.2608651026393,7.869601990049751,7.869601990049751,16.77879976408139,81.16534950071326,67.41340047393365,83.42655425219941,0.0056897565416395,0.0148674864421385,2.143592382913021,0.5199101235800774,15.72753209700428,0.9354239735919124,3.282608695652174,3.2337164750957856,0.0,0.0,0.0,0.0,0.7463071609869762,0.1919431279620853,0.047773518136243,0.4821428571428571,0.0141551164848127,30.55200821071035,0.0149777078759804,0.0428079383303263,-77.06788511749347,-313000000.0,-12107000000.0,-13670000000.0,18512000000.0,2365500000.0,2709500000.0,171000000.0,63.326452373931,106.37816245006658,6.551264980026631,1.4212070410729254,0.846038302666166,13.73780487804878,0.044776119402985,0.8459530026109661,2021-10-21,2.13,bmo,3350290000.0,2025-04-25,2021-09-30,0.0187793427230047,252.40703125,727922.03125
2021-06-30,IQV,USD,1478242,2021-07-28,2021-07-28 16:14:04,2021,Q2,3438000000.0,2323000000.0,1115000000.0,0.3243164631,0,0.0,0.0,482000000.0,29000000.0,825000000.0,3148000000.0,1000000.0,94000000.0,343000000.0,633000000.0,0.1841186736,286000000.0,0.0831878999,-64000000.0,222000000.0,0.0645724258,48000000.0,175000000.0,0.050901687,0.91,0.9,191600000,194900000,https://www.sec.gov/Archives/edgar/data/1478242/000147824221000050/0001478242-21-000050-index.htm,https://www.sec.gov/Archives/edgar/data/1478242/000147824221000050/iqv-20210630.htm,17.943632567849686,0.9133611691022964,2.813152400835073,2.056367432150313,9.973903966597078,30.062630480167016,-60.339248434238,30.062630480167016,66.419624217119,46428512000.0,57253512000.0,66.32644571428571,13.504511925538104,86.13824118738404,117.83886294416244,8.060505555555554,8.060505555555554,16.65314485165794,90.44788625592416,106.22172912801484,145.31348223350253,0.0037692355938523,0.0084861647084446,2.1930555555555555,0.5277185946442745,17.101105845181674,1.0516704710520854,3.042553191489361,3.08,0.0,0.0,0.0,0.0,0.7236078038183565,0.2690166975881262,0.04217568353694,0.4227405247813411,0.0139616055846422,24.855701252172565,0.0116357208493206,0.0264510278113663,-75.25182672233821,249000000.0,-11561000000.0,-13109000000.0,18470000000.0,2385000000.0,2787500000.0,168500000.0,61.38743455497382,106.7757210503659,6.896254842875591,1.466098081023454,0.8428882438316401,13.05056179775281,0.0303819444444444,0.7567849686847599,2021-07-27,2.07,bmo,3350290000.0,2025-04-25,2021-06-30,0.0289855072463768,230.89809523809524,1091547.888888889
2021-03-31,IQV,USD,1478242,2021-04-23,2021-04-23 16:12:31,2021,Q1,3409000000.0,2293000000.0,1116000000.0,0.3273687298,0,0.0,0.0,442000000.0,37000000.0,765000000.0,3058000000.0,1000000.0,99000000.0,323000000.0,674000000.0,0.197711939,342000000.0,0.1003226753,-85000000.0,257000000.0,0.075388677,44000000.0,212000000.0,0.062188325,1.11,1.09,191500000,194900000,https://www.sec.gov/Archives/edgar/data/1478242/000147824221000043/0001478242-21-000043-index.htm,https://www.sec.gov/Archives/edgar/data/1478242/000147824221000043/iqv-20210331.htm,17.801566579634464,1.1070496083550914,4.527415143603133,3.74934725848564,12.54308093994778,32.56919060052219,-57.92689295039165,31.08616187989556,66.22454308093995,36986310000.0,47264310000.0,43.61593160377358,10.849606922851276,42.66010380622837,51.51296657381616,6.213053922392072,6.213053922392072,13.864567321795247,70.12508902077151,54.51477508650519,65.82772980501393,0.00573185051442,0.0194125880629887,2.1137241726860405,0.5142845465320636,15.249258160237387,1.1460558751027117,3.4545454545454546,3.995391705069125,0.0,0.0,0.0,0.0,0.7083009768259289,0.1718569780853517,0.0437078322088589,0.4613003095975232,0.0093869169844529,27.826485136000024,0.0143568591813362,0.02970435757321,-72.7402088772846,711000000.0,-11093000000.0,-12651000000.0,18950000000.0,2445500000.0,1700000000.0,159000000.0,64.02170724552656,110.6454426515482,6.240732664631487,1.405773195876289,0.8134090102873359,14.42138364779874,0.0356122963211825,0.7780678851174935,2021-04-22,1.85,bmo,3168070000.0,2025-04-25,2021-03-31,0.1783783783783784,187.7460655737705,916227.0819672132
2020-12-31,IQV,USD,1478242,2021-02-12,2021-02-12 16:16:25,2020,Q4,3298000000.0,2172000000.0,1126000000.0,0.3414190418,0,407000000.0,84000000.0,491000000.0,6000000.0,835000000.0,3007000000.0,2000000.0,102000000.0,344000000.0,640000000.0,0.1940570042,289000000.0,0.087628866,-95000000.0,194000000.0,0.0588235294,63000000.0,119000000.0,0.0360824742,0.62,0.62,191300000,191300000,https://www.sec.gov/Archives/edgar/data/1478242/000147824221000020/0001478242-21-000020-index.htm,https://www.sec.gov/Archives/edgar/data/1478242/000147824221000020/iqv-20201231.htm,17.23993727130162,0.6220595922634605,3.9205436487192897,3.0005227391531624,9.942498693152118,32.828018818609515,-60.5279665446942,31.369576581285937,67.9874542603241,34275221000.0,45365221000.0,72.00676680672268,10.392729229836265,45.700294666666665,59.71292857142856,5.711584902516247,5.711584902516247,13.755373256519103,70.8831578125,60.48696133333333,79.03348606271777,0.0034718959215463,0.0167467920921647,2.150308281953008,0.5253216088584921,17.328125,1.1167178587099604,2.833333333333333,5.769230769230769,0.0,0.0,0.1234081261370527,0.0,0.7270395701025891,0.2346666666666666,0.0533656761673741,0.5116279069767442,0.007883565797453,20.953741560798225,0.0096824353528197,0.0177479492915734,-75.55148980658652,532000000.0,-11579000000.0,-13194000000.0,19344000000.0,2479000000.0,1521000000.0,162000000.0,67.29533050333535,24.07458563535912,6.588397790055249,1.337388483373885,3.738382099827883,13.660377358490566,0.0198300283286118,0.9200209095661264,2021-02-10,2.01,bmo,3143380000.0,2025-04-25,2020-12-31,0.0497512437810945,168.50109375,1020641.390625
2020-09-30,IQV,USD,1478242,2020-10-22,2020-10-22 16:05:44,2020,Q3,2786000000.0,1800000000.0,986000000.0,0.3539124192,0,0.0,0.0,460000000.0,14000000.0,779000000.0,2579000000.0,1000000.0,100000000.0,319000000.0,526000000.0,0.1888011486,187000000.0,0.0671213209,-85000000.0,102000000.0,0.0366116296,-3000000.0,101000000.0,0.036252692,0.53,0.52,191300000,194900000,https://www.sec.gov/Archives/edgar/data/1478242/000147824220000075/0001478242-20-000075-index.htm,https://www.sec.gov/Archives/edgar/data/1478242/000147824220000075/iqv-20200930.htm,14.563512807109252,0.5279665446941976,3.0005227391531624,2.179822268687925,8.065865133298484,31.923680083638263,-60.0,30.559330893883956,67.04652378463147,30154619000.0,41416619000.0,74.64014603960396,10.823624910265616,52.53417944250872,72.31323501199041,5.158162675333561,5.158162675333561,14.865979540559945,78.73881939163498,72.15438850174216,99.32042925659472,0.0033494039503533,0.0138287272009638,2.176873075607253,0.5338759072030876,21.4106463878327,1.1222517516308288,1.87,5.314814814814815,0.0,0.0,0.0,0.0,0.7377186726517598,0.2735191637630662,0.0563531945441493,0.4921630094043887,0.0118449389806173,19.053132226873817,0.009626925385077,0.0161548304542546,-74.41453214845792,506000000.0,-11478000000.0,-13085000000.0,19033000000.0,2458000000.0,2378000000.0,155500000.0,80.50251256281408,123.05,8.25,1.1179775280898876,0.7314099959366112,10.909090909090908,0.0172767704413274,0.8207004704652379,2020-10-20,1.51,bmo,2632171779.0,2025-04-25,2020-09-30,0.0794701986754966,156.7153125,1025830.09375
2020-06-30,IQV,USD,1478242,2020-07-23,2020-07-23 16:07:53,2020,Q2,2521000000.0,1704000000.0,817000000.0,0.3240777469,0,0.0,0.0,431000000.0,32000000.0,739000000.0,2443000000.0,1000000.0,108000000.0,308000000.0,386000000.0,0.1531138437,62000000.0,0.0245934153,-87000000.0,-25000000.0,-0.0099166997,-5000000.0,-23000000.0,-0.0091233637,-0.12,-0.12,190900000,190900000,https://www.sec.gov/Archives/edgar/data/1478242/000147824220000047/0001478242-20-000047-index.htm,https://www.sec.gov/Archives/edgar/data/1478242/000147824220000047/iqv-20200630.htm,13.20586694604505,-0.1204819277108433,2.472498690413829,1.7286537454164483,6.191723415400733,30.65479308538502,-60.466212676794136,29.2875851231011,66.0921948664222,27084892000.0,38484892000.0,-294.401,10.74370963903213,57.383245762711866,82.0754303030303,4.844373457342157,4.844373457342157,15.265724712415707,99.701792746114,81.53578813559322,116.62088484848483,-0.0008491818981593,0.0121839141909814,2.237345734215704,0.5395764137514558,29.53367875647668,1.0949778818631275,0.5740740740740741,-22.47619047619047,0.0,0.0,0.0,0.0,0.7503342966829142,0.3008474576271186,0.056326854422848,0.461038961038961,0.0059500198333994,,0.0025259727031982,-0.0039737387698686,-74.68831849135672,365000000.0,-11543000000.0,-13123000000.0,18706000000.0,2553500000.0,2339500000.0,159500000.0,86.53708845696153,121.21478873239435,7.711267605633803,1.040016501650165,0.742483660130719,11.67123287671233,-0.0041137542478984,0.7438449449973809,2020-07-22,1.05,bmo,2264627118.0,2025-04-25,2020-06-30,0.1238095238095237,135.51079365079366,1362513.3174603174
2020-03-31,IQV,USD,1478242,2020-04-30,2020-04-30 16:29:45,2020,Q1,2754000000.0,1824000000.0,930000000.0,0.3376906318,0,407000000.0,0.0,407000000.0,13000000.0,723000000.0,2547000000.0,2000000.0,106000000.0,316000000.0,523000000.0,0.1899055919,193000000.0,0.0700798838,-91000000.0,102000000.0,0.037037037,17000000.0,82000000.0,0.0297748729,0.43,0.42,191600000,195700000,https://www.sec.gov/Archives/edgar/data/1478242/000147824220000029/0001478242-20-000029-index.htm,https://www.sec.gov/Archives/edgar/data/1478242/000147824220000029/iqv-20200331.htm,14.373695198329854,0.4279749478079332,0.8507306889352818,0.1148225469728601,5.167014613778706,30.281837160751564,-60.09916492693111,28.924843423799583,65.26617954070981,20665976000.0,32137976000.0,63.0060243902439,7.50398547567175,126.78512883435585,939.3625454545456,3.7289743774810535,3.7289743774810535,11.66956281771968,61.44928489483747,197.16549693251537,1460.817090909091,0.003967874539291,0.0010645517056634,2.23727896066402,0.5372649276367103,21.934990439770555,1.0947018172510878,1.820754716981132,1.7912087912087913,0.0,0.0,0.1477850399419026,0.0,0.7503683161452466,0.8650306748466258,0.05119825708061,0.4462025316455696,0.0007262164124909,16.689216218255982,0.0082546362827619,0.0142336399930567,-74.04618997912317,370000000.0,-11515000000.0,-12999000000.0,18621000000.0,2660500000.0,2448000000.0,155500000.0,87.6797385620915,117.6315789473684,8.536184210526315,1.0264629146477824,0.7651006711409396,10.54335260115607,0.0147961024900757,0.7359081419624217,2020-04-28,1.48,bmo,2717280000.0,2025-04-25,2020-03-31,0.0135135135135135,142.87629032258064,1958558.935483871
2019-12-31,IQV,USD,1478242,2020-02-18,2020-02-18 07:33:23,2019,Q4,2895000000.0,1901000000.0,994000000.0,0.3433506045,0,484000000.0,0.0,484000000.0,37000000.0,798000000.0,2699000000.0,2000000.0,109000000.0,314000000.0,519000000.0,0.1792746114,166000000.0,0.0573402418,-70000000.0,96000000.0,0.0331606218,68000000.0,16000000.0,0.0055267703,0.09,0.09,192600000,197100000,https://www.sec.gov/Archives/edgar/data/1478242/000156459020004901/0001564590-20-004901-index.htm,https://www.sec.gov/Archives/edgar/data/1478242/000156459020004901/iqv-10k_20191231.htm,15.03115264797508,0.083073727933541,3.0269989615784008,2.315680166147456,4.667705088265836,32.518172377985465,-59.24195223260644,31.16822429906542,63.08411214953271,29758626000.0,40962626000.0,464.97853125,10.279318134715028,51.04395540308748,66.72337668161435,4.957292353823088,4.957292353823088,14.1494390328152,78.92606165703276,70.26179416809606,91.8444529147982,0.000537659231982,0.0149872510914986,2.005830418124271,0.5178701991312201,21.58766859344894,1.0458808618504436,1.5229357798165135,29.15,0.0,0.0,0.1671848013816925,0.0,0.760096339942368,0.2349914236706689,0.0473229706390328,0.4363057324840764,0.0203799654576856,7.63271663143754,0.0024949328386409,0.002868411617067,-72.90498442367601,181000000.0,-11410000000.0,-12862000000.0,18808000000.0,2608500000.0,2351000000.0,144000000.0,82.01036269430051,118.9268805891636,6.533403471856917,1.0974222896133434,0.7567675159235668,13.77536231884058,0.0026653339996668,0.711318795430945,2020-02-12,1.72,bmo,2861724137.0,2025-04-25,2019-12-31,0.0116279069767441,146.00078125,1343009.375
2019-09-30,IQV,USD,1478242,2019-11-01,2019-11-01 07:26:08,2019,Q3,2769000000.0,1852000000.0,917000000.0,0.3311664861,0,395000000.0,0.0,395000000.0,0.0,694000000.0,2546000000.0,3000000.0,114000000.0,299000000.0,522000000.0,0.1885157096,204000000.0,0.0736728061,-135000000.0,69000000.0,0.0249187432,-1000000.0,57000000.0,0.0205850488,0.29,0.29,194500000,199000000,https://www.sec.gov/Archives/edgar/data/1478242/000156459019039268/0001564590-19-039268-index.htm,https://www.sec.gov/Archives/edgar/data/1478242/000156459019039268/iqv-10q_20190930.htm,14.23650385604113,0.2930591259640103,1.6966580976863752,0.9305912596401028,4.730077120822622,32.87403598971722,-56.92030848329049,31.52185089974293,61.94858611825193,29054410000.0,40126410000.0,127.43162280701752,10.49274467316721,88.04366666666667,160.52160220994477,4.7389349208938185,4.7389349208938185,14.491300108342362,76.8705172413793,121.5951818181818,221.6928729281768,0.0019618364303388,0.0062296911209004,1.9466644919262763,0.5213611742093308,21.21072796934866,1.1171700223713648,1.7894736842105263,4.782608695652174,0.0,0.0,0.1426507764535933,0.0,0.7629302813209855,0.4515151515151515,0.0538100397255326,0.4983277591973244,0.0097508125677139,14.416994716394488,0.0105768141124919,0.0105030403537866,-69.76221079691517,419000000.0,-11071000000.0,-12503000000.0,18825000000.0,2522000000.0,2164500000.0,165000000.0,83.82448537378114,106.42548596112312,7.289416846652268,1.0736719658782474,0.845662100456621,12.346666666666666,0.0092970151688142,0.7660668380462725,2019-10-30,1.57,bmo,2717081250.0,2025-04-25,2019-09-30,0.019108280254777,155.62328125,1234404.90625
2019-06-30,IQV,USD,1478242,2019-07-24,2019-07-24 17:23:44,2019,Q2,2740000000.0,1799000000.0,941000000.0,0.3434306569,0,436000000.0,0.0,436000000.0,-7000000.0,730000000.0,2529000000.0,2000000.0,114000000.0,294000000.0,505000000.0,0.1843065693,197000000.0,0.0718978102,-119000000.0,78000000.0,0.0284671533,8000000.0,60000000.0,0.0218978102,0.31,0.3,196200000,200600000,https://www.sec.gov/Archives/edgar/data/1478242/000156459019025864/0001564590-19-025864-index.htm,https://www.sec.gov/Archives/edgar/data/1478242/000156459019025864/iqv-10q_20190630.htm,13.965341488277268,0.3058103975535168,1.9928644240570843,1.202854230377166,5.066258919469929,34.561671763506624,-55.33639143730887,33.2466870540265,60.70846075433232,31529340000.0,42388340000.0,131.37225,11.507058394160582,80.63769820971866,133.59889830508473,4.8335643108998925,4.8335643108998925,15.470197080291973,83.93730693069307,108.41007672634272,179.6116101694915,0.0019029894060579,0.007485091663828,1.8085236854208184,0.5114010750823652,21.5029702970297,1.1381974248927038,1.7280701754385963,5.507042253521127,0.0,0.0,0.1591240875912409,0.0,0.7646089821397607,0.3964194373401534,0.0565693430656934,0.5272108843537415,0.0124087591240875,15.124867211645434,0.0089164248433968,0.011049723756906,-68.0644750254842,483000000.0,-10857000000.0,-12309000000.0,19077000000.0,2495500000.0,2130500000.0,166500000.0,80.96715328467154,107.0094496942746,9.005002779321845,1.1115618661257607,0.8410472183263207,9.994444444444444,0.0091982216771424,0.7900101936799184,2019-07-24,1.49,bmo,2668366013.0,2025-04-25,2019-06-30,0.0268456375838926,140.28936507936507,1341372.492063492
2019-03-31,IQV,USD,1478242,2019-05-02,2019-05-02 16:29:39,2019,Q1,2684000000.0,1748000000.0,936000000.0,0.348733234,0,419000000.0,0.0,419000000.0,7000000.0,714000000.0,2462000000.0,2000000.0,110000000.0,295000000.0,517000000.0,0.1926229508,210000000.0,0.0782414307,-101000000.0,109000000.0,0.0406110283,41000000.0,58000000.0,0.021609538,0.29,0.29,197000000,201700000,https://www.sec.gov/Archives/edgar/data/1478242/000156459019015363/0001564590-19-015363-index.htm,https://www.sec.gov/Archives/edgar/data/1478242/000156459019015363/iqv-10q_20190331.htm,13.624365482233502,0.2944162436548223,0.5736040609137056,-0.1421319796954314,5.030456852791878,34.84771573604061,-54.83756345177665,33.578680203045685,59.88832487309645,28429070000.0,39181070000.0,122.5390948275862,10.592052906110284,251.5846902654867,-1015.3239285714286,4.297667422524565,4.297667422524565,14.598014157973177,75.78543520309478,346.73513274336284,-1399.3239285714285,0.002040165225243,-0.0009849073501173,1.7668934240362812,0.5057769700116838,20.796905222437136,1.1419189034837236,1.9090909090909087,1.6865671641791045,0.0,0.0,0.1561102831594635,0.0,0.7645506079882297,1.247787610619469,0.0525335320417287,0.4779661016949152,0.0096870342771982,14.914337064583638,0.0065919882415178,0.0106598051828707,-67.42131979695432,497000000.0,-10803000000.0,-12245000000.0,19119000000.0,2494500000.0,1279500000.0,152000000.0,84.70193740685544,109.25629290617849,7.877574370709381,1.0625494853523356,0.823751178133836,11.42483660130719,0.0087679516250944,0.7157360406091371,2019-05-01,1.51,bmo,2648915032.0,2025-04-25,2019-03-31,0.0132450331125827,133.2955737704918,1289053.213114754
2018-12-31,IQV,USD,1478242,2019-02-19,2019-02-19 07:08:47,2018,Q4,2688000000.0,1742000000.0,946000000.0,0.3519345238,0,443000000.0,0.0,443000000.0,0.0,737000000.0,2479000000.0,3000000.0,106000000.0,294000000.0,504000000.0,0.1875,207000000.0,0.0770089286,-103000000.0,104000000.0,0.0386904762,30000000.0,69000000.0,0.0256696429,0.34,0.34,199500000,204100000,https://www.sec.gov/Archives/edgar/data/1478242/000156459019003180/0001564590-19-003180-index.htm,https://www.sec.gov/Archives/edgar/data/1478242/000156459019003180/iqv-10k_20181231.htm,13.473684210526317,0.3458646616541353,2.0902255639097747,1.3984962406015038,4.701754385964913,34.857142857142854,-54.1203007518797,33.65413533834587,55.70426065162907,23175915000.0,33291915000.0,83.97070652173913,8.6219921875,55.57773381294964,83.06779569892473,3.45187890974084,3.45187890974084,12.385385044642858,66.0553869047619,79.83672661870503,119.32586021505377,0.002977228730775,0.0120383596505251,1.6394101876675604,0.4881369462060402,20.071428571428573,1.0962082625919638,1.9528301886792447,5.4868421052631575,0.0,0.0,0.1648065476190476,0.0,0.7872189454077786,0.3309352517985611,0.0513392857142857,0.4693877551020408,0.0130208333333333,16.183169126328075,0.0073434941186848,0.0143809920800333,-63.830827067669176,340000000.0,-10797000000.0,-11721000000.0,18525000000.0,2413500000.0,1299500000.0,152500000.0,82.46651785714285,22.57749712973593,7.801377726750861,1.0913520097442144,3.986270022883295,11.536423841059603,0.0102770330652368,0.6917293233082706,2019-02-14,1.47,bmo,2634240000.0,2025-04-25,2018-12-31,0.0204081632653061,121.13650793650794,1412728.9206349207
2018-09-30,IQV,USD,1478242,2018-10-25,2018-10-25 16:11:35,2018,Q3,2594000000.0,1678000000.0,916000000.0,0.3531225906,0,429000000.0,0.0,429000000.0,-27000000.0,712000000.0,2390000000.0,2000000.0,105000000.0,283000000.0,487000000.0,0.1877409406,181000000.0,0.0697764071,-130000000.0,51000000.0,0.0196607556,-14000000.0,60000000.0,0.0231303007,0.3,0.29,202300000,206800000,https://www.sec.gov/Archives/edgar/data/1478242/000156459018025117/0001564590-18-025117-index.htm,https://www.sec.gov/Archives/edgar/data/1478242/000156459018025117/iqv-10q_20180930.htm,12.82254078101829,0.2965892239248641,1.7004448838358872,1.092436974789916,4.345032130499258,36.87592684132476,-51.5916955017301,35.6648541769649,53.01038062283737,26313161000.0,36105161000.0,109.63817083333332,10.143855435620663,76.49174709302325,119.06407692307693,3.6470077616077616,3.6470077616077616,13.918720508866617,74.13790759753593,104.95686337209304,163.37176923076922,0.0022802277537084,0.0083988388928262,1.471794871794872,0.4719975108898568,20.10677618069815,1.093491124260355,1.723809523809524,5.134328358208955,0.0,0.0,0.1653816499614495,0.0,0.7954929327051293,0.3575581395348837,0.0474171164225134,0.4346289752650176,0.0119506553585196,15.4272731546809,0.0120030321301734,0.0130406433384046,-60.84527928818586,316000000.0,-10437000000.0,-11342000000.0,18630000000.0,2294000000.0,2079500000.0,156000000.0,82.02004626060139,115.95947556615018,8.259833134684149,1.0972927241962775,0.7761332099907493,10.896103896103895,0.0083160083160083,0.6080079090459714,2018-10-22,1.39,bmo,2539197183.0,2025-04-25,2018-09-30,0.0215827338129496,120.08222222222224,1162787.9365079366
2018-06-30,IQV,USD,1478242,2018-07-27,2018-07-27 06:14:47,2018,Q2,2567000000.0,1674000000.0,893000000.0,0.3478768991,0,424000000.0,0.0,424000000.0,26000000.0,706000000.0,2380000000.0,1000000.0,107000000.0,282000000.0,469000000.0,0.182703545,170000000.0,0.0662251656,-82000000.0,88000000.0,0.0342812622,24000000.0,61000000.0,0.0237631476,0.3,0.29,205700000,209900000,https://www.sec.gov/Archives/edgar/data/1478242/000156459018017673/0001564590-18-017673-index.htm,https://www.sec.gov/Archives/edgar/data/1478242/000156459018017673/iqv-10q_20180630.htm,12.479338842975206,0.2965483714146816,1.5119105493437044,0.9771511910549344,4.511424404472533,37.01507049100632,-51.1764705882353,35.799708313077296,52.67379679144385,20532974000.0,30381974000.0,84.15153278688523,7.99882119205298,66.02242443729904,102.15409950248755,2.788290874524715,2.788290874524715,11.835595636930268,64.78032835820896,97.69123472668812,151.15409950248755,0.0029708312103254,0.0097891323487771,1.4568169473112438,0.4741447891805887,21.0,1.132975363234365,1.588785046728972,4.573529411764706,0.0,0.0,0.1651733541098558,0.0,0.80177671705118,0.3536977491961415,0.0428515777171795,0.3900709219858156,0.0101285547331515,15.455347519246647,0.0063205543497962,0.0136008918617614,-59.97569275644142,421000000.0,-10527000000.0,-11425000000.0,18977000000.0,2259500000.0,2021000000.0,153000000.0,77.97428905336969,107.36559139784946,8.494623655913978,1.154226618705036,0.8382573860791187,10.59493670886076,0.0082835415535035,0.5347593582887701,2018-07-24,1.24,bmo,2447604651.0,2025-04-25,2018-06-30,0.0403225806451613,99.91078125,1461164.40625
2018-03-31,IQV,USD,1478242,2018-05-04,2018-05-04 07:33:02,2018,Q1,2563000000.0,1652000000.0,911000000.0,0.3554428404,0,420000000.0,0.0,420000000.0,-4000000.0,702000000.0,2354000000.0,2000000.0,96000000.0,282000000.0,491000000.0,0.1915723761,183000000.0,0.0714007023,-98000000.0,85000000.0,0.0331642606,19000000.0,69000000.0,0.0269215763,0.33,0.32,207500000,212000000,https://www.sec.gov/Archives/edgar/data/1478242/000156459018010835/0001564590-18-010835-index.htm,https://www.sec.gov/Archives/edgar/data/1478242/000156459018010835/iqv-10q_20180331.htm,12.351807228915662,0.3325301204819277,0.8771084337349397,0.4530120481927711,4.853012048192771,40.73734939759037,-49.00240963855422,39.498795180722894,50.80481927710843,20357825000.0,29843825000.0,73.76023550724638,7.94296722590714,111.85618131868132,216.57260638297876,2.4838732308443143,2.4838732308443143,11.644098712446352,60.78172097759674,163.97706043956043,317.4875,0.0033893601109155,0.0046173891366096,1.274524158125915,0.4495803744351194,19.319755600814663,1.1641137855579868,1.90625,2.493150684931507,0.0,0.0,0.1638704642996488,0.0,0.8014202711426727,0.4835164835164835,0.0343347639484978,0.3120567375886525,0.0081935232149824,17.19090254197194,0.0070553186517904,0.0149544863459037,-57.73373493975904,525000000.0,-10168000000.0,-11058000000.0,19578000000.0,2167500000.0,1183500000.0,147000000.0,80.58915333593445,111.41041162227604,8.062953995157384,1.1167755991285404,0.8078239608801956,11.16216216216216,0.0084187408491947,0.4240963855421686,2018-05-02,1.28,bmo,2429111940.0,2025-04-25,2018-03-31,0.046875,101.07803278688525,1139806.426229508
2017-12-31,IQV,USD,1478242,2018-02-16,2018-02-16 16:41:29,2017,Q4,2577000000.0,1607000000.0,970000000.0,0.3764066744,0,464000000.0,0.0,464000000.0,-21000000.0,742000000.0,2349000000.0,2000000.0,97000000.0,278000000.0,464000000.0,0.1800543267,203000000.0,0.0787737679,-114000000.0,89000000.0,0.0345362825,-992000000.0,1076000000.0,0.4175397749,5.14,5.02,209300000,214200000,https://www.sec.gov/Archives/edgar/data/1478242/000156459018002340/0001564590-18-002340-index.htm,https://www.sec.gov/Archives/edgar/data/1478242/000156459018002340/iqv-10k_20171231.htm,12.312470138557096,5.140946010511228,1.1132345914954611,0.6258958432871476,4.801720019111324,39.93311036789298,-48.17486860965122,38.74343048256092,49.31677018633541,20490470000.0,29756470000.0,4.760796933085502,7.951288319751649,87.9419313304721,156.41580152671756,2.526880009865581,2.526880009865581,11.546942180830422,64.13032327586207,127.71017167381974,227.14862595419848,0.0525122166548644,0.0063932159682037,1.260944629424097,0.4496086535924721,19.969827586206897,1.18801652892562,2.0927835051546397,0.2149446494464944,0.0341134195555299,0.6496282527881041,0.1800543267365153,0.0,0.8108785506991469,0.4377682403433476,0.039580908032596,0.3669064748201439,0.009313154831199,66.94402436654757,0.123647343934269,0.2501743780516159,-56.26373626373626,546000000.0,-10083000000.0,-10934000000.0,19427000000.0,1977500000.0,1108000000.0,146000000.0,71.24563445867288,18.03360298693217,8.176726820161791,1.263235294117647,4.990683229813665,11.006849315068491,0.1326920705389074,0.4873387482083134,2018-02-14,1.34,bmo,2412957142.0,2025-04-25,2017-12-31,0.0447761194029849,101.8,1419015.0317460315
2017-09-30,IQV,USD,1478242,2017-10-27,2017-10-27 16:12:04,2017,Q3,2465000000.0,1611000000.0,854000000.0,0.3464503043,0,391000000.0,0.0,391000000.0,-3000000.0,647000000.0,2258000000.0,2000000.0,93000000.0,256000000.0,434000000.0,0.1760649087,197000000.0,0.0799188641,-110000000.0,85000000.0,0.0344827586,1000000.0,88000000.0,0.0356997972,0.39,0.38,214300000,219000000,https://www.sec.gov/Archives/edgar/data/1478242/000156459017020289/0001564590-17-020289-index.htm,https://www.sec.gov/Archives/edgar/data/1478242/000156459017020289/q-10q_20170930.htm,11.502566495566962,0.4106392907139524,2.0345310312645823,1.619225384974335,5.352309846010266,35.03033131124592,-49.73401773215119,33.89640690620625,45.94960335977601,20373501000.0,29024501000.0,57.87926420454545,8.26511196754564,46.72821330275229,58.71325936599423,2.804722053964757,2.804722053964757,11.774645436105477,66.87673041474655,66.56995642201835,83.64409510086455,0.0043193361808557,0.0170319278949651,1.3427863436123348,0.434573401648474,19.933179723502302,1.22397476340694,2.118279569892473,4.898876404494382,0.0791714688604575,18.329545454545453,0.1586206896551724,0.0,0.8093116507017153,0.2041284403669724,0.0361054766734279,0.34765625,0.0117647058823529,17.696946658071024,0.0098848617893463,0.0205607476635514,-57.31101259916006,639000000.0,-10658000000.0,-11446000000.0,19232000000.0,1900500000.0,1786000000.0,149500000.0,69.91886409736308,105.81005586592178,8.156424581005586,1.287206266318538,0.8505807814149947,11.034246575342468,0.0121145374449339,0.4153056462902473,2017-10-26,1.14,bmo,2362386554.0,2025-04-25,2017-09-30,0.043859649122807,92.67,1886633.9047619049
2017-06-30,IQV,USD,1478242,2017-08-04,2017-08-04 16:02:38,2017,Q2,2375000000.0,1560000000.0,815000000.0,0.3431578947,0,370000000.0,0.0,370000000.0,-3000000.0,615000000.0,2175000000.0,1000000.0,81000000.0,245000000.0,394000000.0,0.1658947368,151000000.0,0.0635789474,-58000000.0,68000000.0,0.0286315789,-7000000.0,62000000.0,0.0261052632,0.35,0.34,217600000,222300000,https://www.sec.gov/Archives/edgar/data/1478242/000156459017015653/0001564590-17-015653-index.htm,https://www.sec.gov/Archives/edgar/data/1478242/000156459017015653/q-10q_20170630.htm,10.914522058823527,0.2849264705882353,1.1259191176470589,0.6663602941176471,4.342830882352941,35.72610294117647,-45.85018382352941,34.646139705882355,41.51194852941177,19475200000.0,27525200000.0,78.52903225806452,8.200084210526315,79.49061224489796,134.31172413793104,2.5832603793606577,2.5832603793606577,11.589557894736842,69.86091370558376,112.34775510204082,189.8289655172414,0.003183535984226,0.0074453664147223,1.187425387982491,0.4109815443944541,20.43147208121827,1.225187969924812,1.8641975308641976,3.1012658227848102,0.0186390897140979,5.854838709677419,0.1557894736842105,0.0,0.8149389404095124,0.4081632653061224,0.0421052631578947,0.4081632653061224,0.0113684210526315,14.90339061699852,0.0086669503355047,0.0153807988092284,-53.18014705882353,599000000.0,-9977000000.0,-10749000000.0,18780000000.0,1846500000.0,1652500000.0,143500000.0,71.46947368421053,96.80769230769232,8.826923076923078,1.2592788971367974,0.929678188319428,10.196078431372548,0.0082239023743202,0.4595588235294117,2017-08-03,1.05,bmo,2268577981.0,2025-04-25,2017-06-30,0.0380952380952381,84.43174603174603,1157389.380952381
2017-03-31,IQV,USD,1478242,2017-05-08,2017-05-08 17:31:28,2017,Q1,2322000000.0,1523000000.0,799000000.0,0.3440999139,0,380000000.0,0.0,380000000.0,-3000000.0,612000000.0,2135000000.0,2000000.0,75000000.0,232000000.0,434000000.0,0.1869078381,168000000.0,0.0723514212,-79000000.0,89000000.0,0.0383290267,12000000.0,74000000.0,0.0318690784,0.32,0.32,230100000,234900000,https://www.sec.gov/Archives/edgar/data/1478242/000156459017009467/0001564590-17-009467-index.htm,https://www.sec.gov/Archives/edgar/data/1478242/000156459017009467/q-10q_20170331.htm,10.091264667535857,0.3215993046501521,0.2433724467622772,-0.0956106040851803,3.933072577140374,33.898305084745765,-41.34289439374185,32.90308561495002,36.59278574532812,18529953000.0,26012953000.0,62.601192567567566,7.980169250645995,330.8920178571429,-842.2705909090909,2.447490820235108,2.447490820235108,11.202822136089578,59.93767972350231,464.5170178571428,-1182.4069545454545,0.0039935341444201,-0.0011872669078005,1.1022322018227446,0.3939479771514894,17.241935483870968,1.200693374422188,2.24,0.7368421052631579,0.2422024491913174,60.648648648648646,0.1636520241171404,0.0,0.817306330548081,1.3928571428571428,0.0335917312661498,0.3362068965517241,0.0111972437553832,15.430042538138965,0.0077817921943859,0.0191214470284237,-48.047588005215125,521000000.0,-9513000000.0,-10266000000.0,18244000000.0,1774000000.0,938500000.0,128500000.0,70.03875968992249,96.1457649376231,7.918581746552856,1.2850027670171555,0.936078672403196,11.365671641791044,0.0097741381587637,0.3389830508474576,2017-05-03,0.96,bmo,2243168316.0,2025-04-25,2017-03-31,0.0520833333333333,78.04032258064517,1457829.2096774194
2016-12-31,IQV,USD,1478242,2017-02-16,2017-02-16 16:17:46,2016,Q4,2338000000.0,1496000000.0,842000000.0,0.3601368691,0,310213000.0,79787000.0,390000000.0,12000000.0,580000000.0,2076000000.0,1000000.0,71000000.0,190632000.0,465632000.0,0.1991582549,144000000.0,0.0615911035,-91691000.0,55000000.0,0.0235243798,227000000.0,-178000000.0,-0.0761334474,-0.75,-0.75,238800000,238800000,https://www.sec.gov/Archives/edgar/data/1478242/000119312517046709/0001193125-17-046709-index.htm,https://www.sec.gov/Archives/edgar/data/1478242/000119312517046709/d321341d10k.htm,9.790619765494135,-0.7453936348408711,1.8720812395309885,1.5122654941373534,5.184254606365159,37.10217755443886,-34.57705192629816,36.151591289782246,30.448073701842542,18160740000.0,24162740000.0,-25.506657303370783,7.767639007698888,40.62323706585125,50.28878877077166,2.1036418394532608,2.1036418394532608,10.334790419161676,51.89235275926053,54.04893826906429,66.90888851352287,-0.009801362719801,0.0198851478519047,0.8340090350978803,0.3394945303658996,12.890007559617896,1.233641404805915,2.028169014084507,-2.564877393888628,0.0351307270518712,-3.5842696629213484,0.1326830624465355,0.0,0.8071010939268201,0.192200924722572,0.0367510692899914,0.4507323009778001,0.019522241231822,,-0.0242176538170084,-0.0435101442190173,-40.79878559463987,632000000.0,-8257000000.0,-9011000000.0,18155000000.0,1487535500.0,577047500.0,91432500.0,67.01881950384944,15.04010695187166,7.399732620320855,1.3429063756461803,5.984,12.16260162601626,-0.0206185567010309,0.3598157453936348,2017-02-14,1.05,bmo,2252298165.0,2025-04-25,2016-12-31,0.0380952380952381,76.68269841269841,1781693.0793650793
2016-09-30,IQV,USD,1478242,2016-11-03,2016-11-03 06:05:12,2016,Q3,1497173000.0,1064541000.0,432632000.0,0.2889659378,0,233645000.0,0.0,233645000.0,-1667000.0,233645000.0,1298186000.0,706000.0,24505000.0,34603000.0,199812000.0,0.1334595267,167770000.0,0.1120578584,-25696000.0,142304000.0,0.095048468,38525000.0,100000000.0,0.0667925484,0.83,0.82,118919000,121156000,https://www.sec.gov/Archives/edgar/data/1478242/000156459016027145/0001564590-16-027145-index.htm,https://www.sec.gov/Archives/edgar/data/1478242/000156459016027145/q-10q_20160930.htm,12.589855279644128,0.8409085175623744,2.1881700989749326,2.014076808583994,10.507614426626528,-0.6889311211833264,-9.419722668370907,-2.6356763847661013,20.68735021317031,9639574140.0,10865511140.0,24.09893535,6.438517218785004,37.044652076167786,40.2467272620996,-30.754913793103448,-30.754913793103448,7.257351782325757,54.37867165135227,41.75589854543358,45.36520566819199,0.0103739022645247,0.0248467407918084,-7.770789198295005,0.589908162222359,6.135452325185675,1.6316153358009022,6.846357886145684,2.502692980937542,0.0,0.0,0.156057449606692,0.0,0.2514668903958097,0.0795611321407297,0.0138280612861706,0.5983007253706326,0.0104142941396886,,0.047842716323321,0.0323567526115943,-16.866003329997728,1023184000.0,-1120184000.0,-1567597000.0,2245630000.0,1245749000.0,884623000.0,64898500.0,74.1840722481637,76.4353369198556,5.061195388435015,1.2131984302361858,1.177465863653709,17.782360310699072,-0.3190484698435386,0.1740932903909383,2016-11-02,0.99,bmo,1482228000.0,2025-04-25,2016-09-30,0.0101010101010101,75.72546875,1096864.453125
2016-06-30,IQV,USD,1478242,2016-07-27,2016-07-27 11:12:36,2016,Q2,1552673000.0,1126248000.0,426425000.0,0.2746392834,0,250568000.0,0.0,250568000.0,2803000.0,250568000.0,1376816000.0,834000.0,22483000.0,32041000.0,216000000.0,0.1391149328,150743000.0,0.0970861218,-19000000.0,131897000.0,0.0849483439,36810000.0,86000000.0,0.0553883529,0.73,0.71,119500000,121500000,https://www.sec.gov/Archives/edgar/data/1478242/000095012316018554/0000950123-16-018554-index.htm,https://www.sec.gov/Archives/edgar/data/1478242/000095012316018554/q-10q_20160630.htm,12.99307949790795,0.7196652719665272,0.3398995815899581,0.0790292887029288,8.313564853556485,-1.91381589958159,-10.862728033472804,-1.91381589958159,20.65958158995816,7805739999.999999,9296393000.0,22.69110465116279,5.02729164479578,192.1744054360136,826.5290131300295,-34.13076462280444,-34.13076462280444,5.987347625675207,43.03885648148148,228.87372593431485,984.3702880135536,0.0110175332511715,0.0012098788840007,-10.696660705462593,0.617325687557125,6.9011712962962966,1.5225996820572296,6.704754703553796,0.4448947403009923,0.0,0.0,0.161378474411547,0.0,0.2698585696268142,0.7674922448175686,0.0200776338610898,0.9729409194469586,0.0064888099425957,,0.0450737643688055,0.0297227866287551,-18.577336820083683,836310000.0,-1298096000.0,-1754901000.0,2095335000.0,1216512000.0,858733000.0,64671500.0,72.886196900442,69.13538581200588,5.588360645257528,1.234801702206172,1.3017935597369708,16.10490190470743,-0.3760368341196584,0.2608702928870293,2016-07-27,0.9,bmo,1502612903.0,2025-04-25,2016-06-30,0.0333333333333333,67.0103125,1258824.625
2016-03-31,IQV,USD,1478242,2016-05-03,2016-05-03 10:29:58,2016,Q1,1490085000.0,1082629000.0,407456000.0,0.2734448035,0,225516000.0,0.0,225516000.0,-4506000.0,225516000.0,1308145000.0,630000.0,25959000.0,31724000.0,214000000.0,0.1436159682,178796000.0,0.1199904703,-30000000.0,148961000.0,0.0999681226,42577000.0,107000000.0,0.0718079841,0.89,0.88,119400000,121400000,https://www.sec.gov/Archives/edgar/data/1478242/000156459016017395/0001564590-16-017395-index.htm,https://www.sec.gov/Archives/edgar/data/1478242/000156459016017395/q-10q_20160331.htm,12.479773869346731,0.8961474036850922,0.9389782244556114,0.7195561139028476,9.128333333333334,-1.7247989949748743,-10.786030150753769,-1.7247989949748743,20.795904522613064,7772939999.999999,9176800000.0,18.16107476635514,5.216440672847521,69.33068127084931,90.47244369434904,-37.74352848631404,-37.74352848631404,6.15857484640138,42.882242990654206,81.8524002354746,106.81254728510736,0.013765705125731,0.0110530893072634,-11.93095109764447,0.616899229438362,6.560093457943926,1.5443237536894745,6.887630494240918,1.0283235191605673,0.0,0.0,0.1513443863940647,0.0,0.2716363469287378,0.2336817881798883,0.0175822184640473,0.8258416340940613,0.0058318820738414,,0.0520484366992635,0.0368834771674041,-18.32122068676717,859018000.0,-1287852000.0,-1751724000.0,2129940000.0,1170798500.0,498657500.0,106745500.0,71.0051641349319,70.85377354569293,4.938894117929595,1.2675134421064362,1.2702216903374923,18.22270286647253,-0.5195662835472296,0.2194221105527638,2016-05-03,0.86,bmo,1439871910.0,2025-04-25,2016-03-31,0.0348837209302325,63.271475409836064,937921.8032786886
2015-12-31,IQV,USD,1478242,2016-02-11,2016-02-11 09:44:13,2015,Q4,1521730000.0,1089987000.0,431743000.0,0.2837185309,0,244066000.0,0.0,244066000.0,5502000.0,244066000.0,1334053000.0,847000.0,25536000.0,34518000.0,218850000.0,0.1438165772,177983000.0,0.1169609589,-19187000.0,158796000.0,0.1043522833,51009000.0,104570000.0,0.0687178409,0.86,0.85,120966000,123192000,https://www.sec.gov/Archives/edgar/data/1478242/000156459016012629/0001564590-16-012629-index.htm,https://www.sec.gov/Archives/edgar/data/1478242/000156459016012629/q-10k_20151231.htm,12.579815816014415,0.8644577815253873,1.7055618934245986,1.5261809103384425,7.805829737281551,-2.7750028933749977,-11.767992659094292,-4.664261032025528,20.611924011705767,8305525560.0,9796180560.0,19.856377450511616,5.457949544268694,40.25652793059157,44.9881134896217,-14.720445431456335,-14.720445431456335,6.437528707457959,44.762077039067854,47.48166909822359,53.06246782510725,0.0125904133633176,0.0222280936547981,-4.3738597029157225,0.6285296445828609,6.8113091158327626,1.512997937492473,6.969885651629073,1.908786440552518,0.0,0.0,0.1603871908945739,0.0,0.2770653202645941,0.1051741269418122,0.0142594284137133,0.6286285416304537,0.0059511214210142,,0.0506089653476285,0.0368402695818521,-19.56100887852785,817809000.0,-1423527000.0,-1850012000.0,2094048000.0,1147449500.0,506303000.0,160003500.0,68.96098519448259,11.972619856934074,12.722353569354498,1.3050857632933104,7.517151724137931,7.0741627725856695,-0.1853364928741955,0.1793809830861564,2016-02-11,0.87,bmo,1470976666.0,2025-04-25,2015-12-31,0.0344827586206896,68.346875,855989.109375
2015-09-30,IQV,USD,1478242,2015-10-28,2015-10-28 09:24:27,2015,Q3,1424769000.0,1014347000.0,410422000.0,0.288062135,0,231415000.0,0.0,231415000.0,934000.0,231415000.0,1245762000.0,1141000.0,25429000.0,32884000.0,211891000.0,0.1487195468,167023000.0,0.1172281261,-23354000.0,143669000.0,0.100836697,40192000.0,111286000.0,0.0781081003,0.91,0.89,122848000,125339000,https://www.sec.gov/Archives/edgar/data/1478242/000156459015008715/0001564590-15-008715-index.htm,https://www.sec.gov/Archives/edgar/data/1478242/000156459015008715/q-10q_20150930.htm,11.597820070330815,0.9058836936702266,2.303220239645741,2.101605235738474,8.536199205522271,-1.4646229486845532,-10.406022076061474,-1.4646229486845532,20.382651732221937,8546535359.999999,9943270360.0,19.199484571284795,5.998541068762725,30.205535190460367,33.10326735817924,-47.50027989284483,-47.50027989284483,6.9788648966955344,46.9263459042621,35.14193648257972,38.51323644927143,0.0130211828901858,0.0302084984294735,-13.775324299989997,0.6144524579694853,6.591761802058605,1.6536878885808497,6.568209524558575,2.5996747489410965,0.0,0.0,0.1624228208221824,0.0,0.2723115741833377,0.0875361376375704,0.0173838706485051,0.753193042208977,0.0058823570698127,,0.047023017270063,0.0379129514056981,-18.196220125683773,996204000.0,-1278359000.0,-1693483000.0,2289381000.0,1109169000.0,810938500.0,171244500.0,71.31044400881828,76.98010641328855,14.722210446720895,1.2620872194943924,1.1691332240671457,6.113212436794494,-0.6185098318197482,0.2016150039072675,2015-10-28,0.81,bmo,1227753191.0,2025-04-25,2015-09-30,0.1604938271604936,74.83609375,787813.734375
2015-06-30,IQV,USD,1478242,2015-07-29,2015-07-29 09:34:21,2015,Q2,1443527000.0,1053006000.0,390521000.0,0.2705325221,0,225898000.0,0.0,225898000.0,-11659000.0,225898000.0,1278904000.0,1459000.0,25487000.0,30011000.0,194634000.0,0.1348322546,158389000.0,0.1097236145,-43467000.0,114922000.0,0.0796119505,31700000.0,84951000.0,0.0588496093,0.69,0.67,123834000,126536000,https://www.sec.gov/Archives/edgar/data/1478242/000156459015005743/0001564590-15-005743-index.htm,https://www.sec.gov/Archives/edgar/data/1478242/000156459015005743/q-10q_20150630.htm,11.65695204871037,0.6860070739861427,0.4099197312531292,0.2848167708383804,6.2128090831274125,-5.666279050987613,-11.535644491819694,-5.666279050987613,20.309196181985563,8991586740.0,10677453740.0,26.461097397323165,6.228900976566424,177.13223947047004,254.93583045080808,-12.814405952587938,-12.814405952587938,7.396781452650349,54.85913941038051,210.3434407627753,302.7347246952084,0.0094478318962421,0.0039225557201264,-3.5478980387015127,0.7449559875802865,8.661729194282602,1.639702232517462,6.214501510574018,0.5975726040943177,0.0,0.0,0.1564903185046071,0.0,0.2174967023601764,0.3051889208463023,0.0107320472703316,0.5162107227349971,0.0074449594638687,,0.0563217873606963,0.032486576261101,-19.1283875995284,866034000.0,-1428505000.0,-1823620000.0,1769634000.0,1070010000.0,736021000.0,178535000.0,67.9235719179482,64.46723950290882,15.09068324397012,1.3250186563910415,1.396057915523731,5.963944676657492,-0.1210683532902556,0.1251029604147487,2015-07-29,0.7,bmo,1295448717.0,2025-04-25,2015-06-30,0.1142857142857144,68.5568253968254,764133.9682539683
2015-03-31,IQV,USD,1478242,2015-04-29,2015-04-29 10:13:43,2015,Q1,1347593000.0,979446000.0,368147000.0,0.2731885666,0,219606000.0,0.0,219606000.0,2861000.0,219606000.0,1199052000.0,870000.0,25340000.0,30329000.0,178870000.0,0.1327329542,143217000.0,0.1062761531,-21609000.0,121608000.0,0.0902408962,36088000.0,86398000.0,0.0641128293,0.69,0.68,124504000,127454000,https://www.sec.gov/Archives/edgar/data/1478242/000156459015002971/0001564590-15-002971-index.htm,https://www.sec.gov/Archives/edgar/data/1478242/000156459015002971/q-10q_20150331.htm,10.823692411488787,0.6939375441752875,-0.5167062905609459,-0.6486859859924179,5.9824744586519305,-4.917970506971663,-10.80955631947568,-4.917970506971663,18.62999582342736,8338032880.0,9853133880.0,24.12681103729253,6.18735247214849,-129.60941491015356,-103.2394740230796,-13.61740577847387,-13.61740577847387,7.311654097342447,55.08544686084866,-153.16069576571536,-121.99908226437522,0.0103619164428145,-0.00968621750026,-3.746762653374859,0.7088095071108995,8.470403086040141,1.5891782899484137,5.651815311760063,-0.744316275410443,0.0,0.0,0.1629616657254824,0.0,0.2266311690695104,-0.2554249829012,0.0121935925757999,0.541791684526361,0.0071045189460022,,0.0524047540992568,0.0345160549313358,-17.878351297950267,778126000.0,-1345833000.0,-1750135000.0,1691142000.0,1012918000.0,413257000.0,173266500.0,70.16383284864199,65.95502968004361,16.58664183630338,1.2827121373792216,1.364566135996021,5.426053138919051,-0.1411024208444457,0.1319796954314721,2015-04-29,0.71,bmo,1328883333.0,2025-04-25,2015-03-31,0.0140845070422535,63.04737704918033,552156.8524590164
2014-12-31,IQV,USD,1478242,2015-02-12,2015-02-12 10:51:32,2014,Q4,1411088000.0,1021862000.0,389226000.0,0.2758339664,5791000,225055000.0,16000000.0,225055000.0,-586000.0,225055000.0,1246917000.0,559000.0,26037000.0,31900000.0,196071000.0,0.1389502285,158932000.0,0.112630821,-26064000.0,132868000.0,0.0941599673,39007000.0,88426000.0,0.0626651208,0.7,0.69,125638000,128626000,https://www.sec.gov/Archives/edgar/data/1478242/000119312515045845/0001193125-15-045845-index.htm,https://www.sec.gov/Archives/edgar/data/1478242/000119312515045845/d831296d10k.htm,11.231379041372833,0.703815724541938,2.0372578360050304,1.8393240898454288,6.629005555643993,-5.603495757652939,-11.530659513841352,-5.603885767045003,18.460609051401647,7396309060.0,8822268060.0,20.911013333182545,5.24156470751647,28.896686005852544,32.00632249912371,-10.505210571243117,-10.505210571243117,6.252103384055424,44.995272426824975,34.46777411830894,38.176927763762016,0.0119554225334115,0.031243826904118,-3.257270321747689,0.693718555570882,7.272666534061641,1.458035872002174,6.104082651611169,2.8940007236217267,0.0574610926277328,4.80627869631104,0.159490407401948,0.0041039254816141,0.2252615982905362,0.097156944330493,0.0176232807592439,0.7795611285266457,0.0053951277312258,,0.0611898443575921,0.0345258291669188,-18.80430482815709,674183000.0,-1448689000.0,-1863761000.0,1609157000.0,1003904000.0,465815500.0,157626500.0,62.20232189629562,9.577486979650873,14.622571345250142,1.446891325858365,9.397037050660732,6.154868242734528,-0.1255942311816731,0.1979337461596013,2015-02-12,0.67,bmo,1331601408.0,2025-04-25,2014-12-31,0.0597014925373133,57.06046875,783189.546875
2014-09-30,IQV,USD,1478242,2014-10-30,2014-10-30 09:18:25,2014,Q3,1400034000.0,1030072000.0,369962000.0,0.2642521539,0,219027000.0,0.0,219027000.0,7776000.0,219027000.0,1249099000.0,602000.0,25050000.0,30180000.0,181115000.0,0.1293647154,149142000.0,0.1065274129,-16672000.0,132470000.0,0.0946191307,41260000.0,92654000.0,0.0661798213,0.73,0.71,127462000,130626000,https://www.sec.gov/Archives/edgar/data/1478242/000119312514388528/0001193125-14-388528-index.htm,https://www.sec.gov/Archives/edgar/data/1478242/000119312514388528/d783344d10q.htm,10.983932466146774,0.7269146882992579,1.075614693006543,0.9034065054682964,4.79602548210447,-4.206995025968524,-10.145125606062985,-4.206995025968524,16.227000988529916,7109830360.0,8508072360.0,19.183819263064738,5.078326926346074,51.85871889132021,61.7440760746852,-13.258869966730815,-13.258869966730815,6.077046957431034,46.97607796151616,62.05742056892779,73.88686374294399,0.0130318158533391,0.01619588572012,-3.81043279774426,0.6576966345480677,7.72018883030119,1.358725942331684,5.953772455089821,1.4784380964705122,0.0,0.0,0.156444057787168,0.0,0.243629042252025,0.1601021152443472,0.0156781906725122,0.7273028495692512,0.0048477394120428,,0.0603835471328512,0.0394301032117656,-17.123591737145187,511823000.0,-1293118000.0,-1704344000.0,1459572000.0,998449500.0,782768500.0,151101500.0,66.3767951349753,71.89780908519016,13.038428381705357,1.3558955327232598,1.2517766694860053,6.902672420725333,-0.172787151829805,0.1722081875382466,2014-10-30,0.64,bmo,1378461538.0,2025-04-25,2014-09-30,0.015625,55.8809375,505847.3125
2014-06-30,IQV,USD,1478242,2014-07-31,2014-07-31 10:13:01,2014,Q2,1341030000.0,980068000.0,360962000.0,0.2691677293,0,219014000.0,0.0,219014000.0,-3056000.0,219014000.0,1199082000.0,994000.0,24799000.0,29845000.0,171793000.0,0.1281052624,141000000.0,0.1051430617,-26861000.0,114139000.0,0.0851129356,32400000.0,85120000.0,0.0634735987,0.66,0.64,128979000,132042000,https://www.sec.gov/Archives/edgar/data/1478242/000119312514288531/0001193125-14-288531-index.htm,https://www.sec.gov/Archives/edgar/data/1478242/000119312514288531/d740722d10q.htm,10.397273974833112,0.6599523953511812,0.5205033377526574,0.3799688321354639,4.673063056776685,-4.819466734894828,-10.191131889687467,-4.818993789686693,16.067910279968057,6873290910.0,8284446910.0,20.187062118186088,5.125381915393391,102.38166815622483,140.24834537218413,-11.05832510389366,-11.05832510389366,6.17767455612477,48.223425343291055,123.40165802722912,169.0427462863206,0.0123841695505945,0.0071302088972689,-3.2943886966272973,0.6874365691421949,8.214281140675114,1.3781406589508225,5.6857131335940965,0.7887909763835037,0.0,0.0,0.1633177482979501,0.0,0.2326003470714961,0.2699973187952453,0.0135164761414733,0.6073379125481655,0.0062489280627577,,0.0613348774444671,0.0372385220961543,-17.039773916684112,511647000.0,-1314442000.0,-1735540000.0,1400861000.0,956399500.0,750308500.0,151048500.0,64.71976018433593,68.19772709648718,14.047749747976672,1.3906108388482972,1.319692075260318,6.406720052296127,-0.1369481730322146,0.1405345056171935,2014-07-31,0.61,bmo,1278140625.0,2025-04-25,2014-06-30,0.0491803278688525,50.47380952380952,679709.5238095238
2014-03-31,IQV,USD,1478242,2014-05-01,2014-05-01 09:27:57,2014,Q1,1307846000.0,946280000.0,361566000.0,0.276459155,0,219242000.0,0.0,219242000.0,4844000.0,219242000.0,1165522000.0,1255000.0,24703000.0,29088000.0,171412000.0,0.1310643608,141316000.0,0.1080524771,-18604000.0,122712000.0,0.0938275607,37389000.0,90183000.0,0.0689553663,0.69,0.68,129898000,133040000,https://www.sec.gov/Archives/edgar/data/1478242/000119312514174986/0001193125-14-174986-index.htm,https://www.sec.gov/Archives/edgar/data/1478242/000119312514174986/d690912d10q.htm,10.068253552787573,0.694260111780012,-0.218917920214322,-0.3552248687431677,5.417735453971578,-4.307418128069716,-9.685584073657791,-4.307025512325055,15.947297110040186,6594921460.0,7900359460.0,18.282052770477808,5.042582582352968,-231.9134036642403,-142.92355200138698,-11.787717498936503,-11.787717498936503,6.040741386982871,46.08988553893544,-277.8197228962267,-171.21469041891513,0.0136746131924367,-0.006996747463919,-3.658470277439166,0.6684817753206188,7.615791193148671,1.4150773424309613,5.720600736752621,-0.3152171503314341,0.0,0.0,0.1676359449048282,0.0,0.228163828116733,-0.6226395189365966,0.0135382912055394,0.6087046204620462,0.0055212922622388,,0.0577655840744818,0.038160115669796,-16.411055212551386,571344000.0,-1258138000.0,-1673597000.0,1465809000.0,936329000.0,429292000.0,143375000.0,65.2682120066124,72.08978315086443,14.182884558481634,1.3789254712674217,1.248443206045638,6.345676694250345,-0.1611924772196742,0.1363069485288457,2014-05-02,0.6,bmo,1153941176.0,2025-04-25,2014-03-31,0.1333333333333334,50.38590163934426,818788.524590164
2013-12-31,IQV,USD,1478242,2014-02-13,2014-02-13 11:01:39,2013,Q4,1379185000.0,1017202000.0,361983000.0,0.2624615262,0,232797000.0,0.0,232797000.0,1563000.0,232797000.0,1249999000.0,1581000.0,26826000.0,30554000.0,159740000.0,0.1158220253,127012000.0,0.0920920689,-26970000.0,100042000.0,0.0725370418,27558000.0,72996000.0,0.0529269097,0.56,0.56,129187000,129898000,https://www.sec.gov/Archives/edgar/data/1478242/000119312514050071/0001193125-14-050071-index.htm,https://www.sec.gov/Archives/edgar/data/1478242/000119312514050071/d635141d10k.htm,10.67588070007044,0.5650413741320721,1.6678148730135385,1.556294363983992,5.711054517869445,-5.166812450169135,-10.644763017950725,-5.16625511854908,16.045306416280276,5986525580.0,7254401580.0,20.502923379363253,4.340625499842298,27.78485834957765,29.77585800759004,-8.96974673852622,-8.96974673852622,5.259919140651907,45.41380731188181,33.669365914786965,36.08203598056234,0.0121933831275803,0.0335842547255932,-3.065596564645879,0.6671517547460755,7.9371228245899585,1.312661115185256,4.734660404085589,2.954177749746346,0.3462659554859865,28.39785741684476,0.1687931640787856,0.0,0.2307554102863671,0.0668662396732572,0.0104460242824566,0.471525823132814,0.0042532365128681,,0.0576963689859819,0.0309420855345453,-17.296788763575282,463441000.0,-1375165000.0,-1788594000.0,1370699000.0,909775000.0,429628500.0,126306500.0,60.30985690824654,8.9023025908325,12.177050379374007,1.4922933764695063,10.109743977101058,7.390952422472171,-0.1093715585402142,0.1115205090295463,2014-02-13,0.55,bmo,1307862068.0,2025-04-25,2013-12-31,0.0545454545454543,43.80046875,482370.3125
2013-09-30,IQV,USD,1478242,2013-10-31,2013-10-31 12:12:09,2013,Q3,1195839000.0,863806000.0,332033000.0,0.2776569421,0,199573000.0,0.0,199573000.0,-3224000.0,199573000.0,1063379000.0,1119000.0,28756000.0,27324000.0,159784000.0,0.1336166491,125259000.0,0.1047457057,-30861000.0,94398000.0,0.07893872,27459000.0,66769000.0,0.0558344393,0.52,0.5,128923000,133267000,https://www.sec.gov/Archives/edgar/data/1478242/000119312513420277/0001193125-13-420277-index.htm,https://www.sec.gov/Archives/edgar/data/1478242/000119312513420277/d597070d10q.htm,9.275606369693538,0.5178982803689024,1.369235900498747,1.2632579136383733,4.43384035432002,-5.522459142278724,-11.12774291631439,-5.522420359439355,16.093916523816542,5786064240.0,7222474240.0,21.664485914121823,4.83849769074265,32.77740525475001,35.52718689941853,-8.126871385892887,-8.126871385892887,6.039671092847783,45.20148600610825,40.91450687150901,44.34693110160073,0.0115396230028721,0.0281474579687694,-2.87389724523749,0.7199524563681972,8.989698593100686,1.2868764065489444,4.35592571984977,2.6511774600504627,0.0,0.0,0.166889522753481,0.0,0.2542732794726006,0.0773993632666009,0.0114254510849704,0.5000365978626848,0.0049078513077429,,0.0587558918741846,0.0315041585451532,-17.478399897613304,382803000.0,-1434622000.0,-1836807000.0,1302846000.0,881278000.0,733612000.0,115660500.0,67.38453086075968,79.04285221450188,11.98029418642612,1.3356181136880196,1.1386228795965416,7.512336391703266,-0.093781031986033,0.105977986860374,2013-10-31,0.51,bmo,1129366666.0,2025-04-25,2013-09-30,0.0588235294117647,44.174375,282898.4375
2013-06-30,IQV,USD,1478242,2013-08-01,2013-08-01 09:40:08,2013,Q2,1295680000.0,969108000.0,326572000.0,0.2520468017,0,228838000.0,0.0,228838000.0,-536000.0,228838000.0,1197946000.0,785000.0,31884000.0,24986000.0,122969000.0,0.0949069215,94897000.0,0.073241078,-48178000.0,46719000.0,0.0360575142,8830000.0,38517000.0,0.0297272475,0.31,0.3,122709000,126578000,https://www.sec.gov/Archives/edgar/data/1478242/000119312513314151/0001193125-13-314151-index.htm,https://www.sec.gov/Archives/edgar/data/1478242/000119312513314151/d553183d10q.htm,10.558964705115354,0.3138889568002347,0.2187451613166108,-0.0486924349477218,4.480347814748715,-6.502277746538558,-11.122908670105698,-6.502277746538558,16.927584773732978,5270351550.0,6729912550.0,34.20795720071657,4.067633636391702,196.3472002831384,-882.0672050209205,-6.605377634454962,-6.605377634454962,5.194116255556928,54.72852954809749,250.723215483198,-1126.3451966527198,0.0073082411362103,-0.0011337004644405,-2.563371049570867,0.7723391311801711,11.869341053436232,1.351274332439674,2.976320411491657,0.6998670247438271,0.0,0.0,0.1766161397876018,0.0,0.2141077205478355,1.2225989121525966,0.0253280130896517,1.3134155126871048,0.0051077426525067,,0.0545986683957929,0.0185073424903443,-17.82835611079872,435133000.0,-1364881000.0,-1772195000.0,1198875000.0,823276500.0,690015500.0,114357000.0,60.23785965670536,65.8053281987147,10.803997077725084,1.4940769893370818,1.3676704069953696,8.330250309448495,-0.0482736925483275,0.2674375962643326,2013-08-01,,bmo,,2025-04-25,2013-06-30,,43.8275,1270536.111111111
2013-03-31,IQV,USD,1478242,2013-05-14,2013-05-13 19:49:59,2013,Q1,1228841000.0,912515000.0,316326000.0,0.2574181688,0,0.0,0.0,199302000.0,2382000.0,199302000.0,1111817000.0,452000.0,36042000.0,24640000.0,142639000.0,0.1160760424,115165000.0,0.0937183899,-33208000.0,81957000.0,0.066694552,32118000.0,48309000.0,0.0393126531,0.37,0.37,128915390,128915390,https://www.sec.gov/Archives/edgar/data/1478242/000119312513217319/0001193125-13-217319-index.htm,https://www.sec.gov/Archives/edgar/data/1478242/000119312513217319/d489549d10q.htm,9.53215128154986,0.3747341570312125,-0.1664502585765749,-0.4104785316943151,3.245159480183088,-10.257076366134408,-14.690775088994418,-10.257076366134408,18.815022783548187,5428627072.9,7363838072.9,28.093249047278977,4.417680621740322,-252.9884925389132,-102.5875819283028,-4.1054583681402415,-4.1054583681402415,5.992506819759432,51.625698952600615,-343.17448377761207,-139.15826809720883,0.0088989350992926,-0.0097477685037833,-1.8070884333677435,0.9846701597433556,13.567194105398944,1.1779960196008472,3.1952999278619387,-0.4455934878312152,0.0,0.0,0.0,0.0,0.2355341914241739,-1.466073259390437,0.0256005455547137,1.2767451298701298,0.0036400152664177,,0.0565030594339319,0.0260407205305495,-20.866038569948863,217509000.0,-1893867000.0,-2309503000.0,979247000.0,762357500.0,378080000.0,108796000.0,57.07880840564402,66.22391960680098,11.083675336843775,1.5767673242299274,1.3590255686218442,8.120050187759169,-0.0365342075709278,0.2440282731177402,2013-08-01,0.47,bmo,1217958000.0,2025-04-25,2013-03-31,0.0638297872340426,,
2012-12-31,IQV,USD,1478242,2012-12-31,2012-12-30 19:00:00,2012,Q4,1278588000.0,961303000.0,317285000.0,0.2481526496,10426000,201136000.0,14500000.0,215636000.0,-1156000.0,215636000.0,1176939000.0,1472000.0,38383000.0,25571000.0,119039000.0,0.0931019218,94427000.0,0.0738525624,-39342000.0,55085000.0,0.0430826818,20013000.0,34974000.0,0.027353612,0.28,0.28,125468000,125468000,,,10.190550578633596,0.278748366117257,1.2750183313673606,1.0998103101986163,4.238347626486434,-10.831797749226894,-15.416568368030095,-10.835615455733732,19.60947014378168,5283457480.0,7137707480.0,37.76703751358151,4.1322595550716885,33.02697613362171,38.28842083904023,-3.8862582538140216,-3.8862582538140216,5.582492155408936,59.96108401448265,44.61792216235138,51.72589139871441,0.0066195289982725,0.0261175566420949,-1.7814910082433324,0.9691195376993724,15.576827762329993,1.1457020070350936,2.460125576427064,4.592203467677115,0.0457471269362803,6.910933836564305,0.1573110337340879,0.0081543077207044,0.2301747832165537,0.1374160801130183,0.0171931849821834,0.8596847991865786,0.0095394294330933,,0.0482560796665169,0.0181785955795252,-21.637256113112507,192030000.0,-1934286000.0,-2348203000.0,961271000.0,,,,52.46691662990737,7.930985339689983,9.850442576378104,1.7153666687685225,11.347896401926528,9.13664531336134,-0.0257251992058979,0.1752080211687442,2012-12-30,,bmo,,2025-04-25,2012-12-31,,,
2012-09-30,IQV,USD,1478242,2012-09-30,2012-09-29 20:00:00,2012,Q3,1199574000.0,898092000.0,301482000.0,0.2513242201,0,0.0,0.0,192780000.0,-3850000.0,192780000.0,1090872000.0,848000.0,33513000.0,25727000.0,131861000.0,0.1099231894,109136000.0,0.0909789642,-36515000.0,72621000.0,0.0605389913,21542000.0,52098000.0,0.0434304178,0.42,0.41,125468000,127554000,,,9.560796378359422,0.4152293811967992,0.7045302387859853,0.5815905250741225,,,,,,5283457480.0,,25.35345637068601,4.404444811241324,59.7703230915426,72.40489345082293,0.0,0.0,,,,,0.0098605884872191,0.0138112212081244,0.0,0.0,,0.0,3.256527317757288,1.7007407407407409,0.0,0.0,0.0,0.0,0.0,0.1744988461016335,0.0128587315163549,0.5995646596960392,0.0027176314258228,,0.0,0.0,,,,,,,,,,,,0.0,0.0,0.0,0.0,0.1229397137118627,2012-09-29,,bmo,,2025-04-25,2012-09-30,,,
2012-06-30,IQV,USD,1478242,2012-06-30,2012-06-29 20:00:00,2012,Q2,1230767000.0,914075000.0,316692000.0,0.2573127164,0,0.0,0.0,203544000.0,6159000.0,203544000.0,1117619000.0,322000.0,33130000.0,23719000.0,131085000.0,0.1065067555,100885000.0,0.0819692111,-26649000.0,74236000.0,0.0603168593,27558000.0,47201000.0,0.038350882,0.38,0.37,125468000,127554000,,,9.809409570567794,0.3761995090381611,0.6590525074122485,0.4774763286256256,,,,,,5283457480.0,,27.98382174106481,4.292816983230782,63.89475728624985,88.1928537090205,0.0,0.0,,,,,0.0089337332946606,0.0113387871912995,0.0,0.0,,0.0,3.045125264111077,1.7589126180549648,0.0,0.0,0.0,0.0,0.0,0.2755109444914742,0.0185104085501154,0.9604958050508032,0.0025049420402074,,0.0,0.0,,,,,,,,,,,,0.0,0.0,0.0,0.0,0.1815761787866228,2012-06-29,,bmo,,2025-04-25,2012-06-30,,,
2012-03-31,IQV,USD,1478242,2012-03-31,2012-03-30 20:00:00,2012,Q1,1156584000.0,859112000.0,297472000.0,0.2571987854,0,0.0,0.0,205795000.0,2419000.0,205795000.0,1064907000.0,425000.0,29345000.0,23271000.0,118102000.0,0.1021127735,91987000.0,0.0795333499,-26501000.0,65486000.0,0.056620185,24251000.0,43273000.0,0.0374144896,0.34,0.34,125468000,127554000,,,9.218159211910606,0.3448927216501418,0.0369895112698058,-0.0518458889916153,,,,,,5283457480.0,,30.52398423959513,4.56815715935894,1138.4308295625942,-812.2148316679477,0.0,0.0,,,,,0.0081902807326084,-0.0012312013533986,0.0,0.0,,0.0,3.1346737093201567,0.1084143150812932,0.0617300321303995,7.53698611143207,0.0,0.0,0.0,2.4016375781081662,0.009636999993083,0.4789652357010872,0.0063860471872341,,0.0,0.0,,,,,,,,,,,,0.0,0.0,0.0,0.0,0.0888354002614212,2012-03-30,,bmo,,2025-04-25,2012-03-31,,,
2001-09-30,IQV,USD,1478242,2022-10-26,2022-10-26 07:05:32,2001,Q3,3562000000.0,2321000000.0,1241000000.0,0.3483997754,0,0.0,0.0,517000000.0,0.0,517000000.0,2838000000.0,0.0,108000000.0,248000000.0,716000000.0,0.2010106682,472000000.0,0.1325098259,-112000000.0,360000000.0,0.1010668164,77000000.0,283000000.0,0.0794497473,1.52,1.49,186500000,189400000,https://www.sec.gov/Archives/edgar/data/1478242/000115752322001388/0001157523-22-001388-index.htm,https://www.sec.gov/Archives/edgar/data/1478242/000115752322001388/a52952667ex99_1.htm,19.099195710455763,1.517426273458445,3.1742627345844503,3.1742627345844503,,,,,,7853515000.0,,6.93773409893993,2.204804884896126,13.266072635135137,13.266072635135137,0.0,0.0,,,,,0.0360348200773793,0.0753802596671681,0.0,0.0,,0.0,4.37037037037037,2.091872791519435,0.0,0.0,0.0,0.0,0.0,0.0,0.0,0.0,0.0171252105558674,,0.0,0.0,,,,,,,,,,,,0.0,0.0,0.0,0.0,0.0,2022-10-26,,bmo,,2025-04-25,2001-09-30,,,
