date,symbol,reportedCurrency,cik,fillingDate,acceptedDate,calendarYear,period,revenue,costOfRevenue,grossProfit,grossProfitRatio,researchAndDevelopmentExpenses,generalAndAdministrativeExpenses,sellingAndMarketingExpenses,sellingGeneralAndAdministrativeExpenses,otherExpenses,operatingExpenses,costAndExpenses,interestIncome,interestExpense,depreciationAndAmortization,ebitda,ebitdaratio,operatingIncome,operatingIncomeRatio,totalOtherIncomeExpensesNet,incomeBeforeTax,incomeBeforeTaxRatio,incomeTaxExpense,netIncome,netIncomeRatio,eps,epsdiluted,weightedAverageShsOut,weightedAverageShsOutDil,link,finalLink,revenuePerShare,netIncomePerShare,operatingCashFlowPerShare,freeCashFlowPerShare,cashPerShare,bookValuePerShare,tangibleBookValuePerShare,shareholdersEquityPerShare,interestDebtPerShare,marketCap,enterpriseValue,peRatio,priceToSalesRatio,pocfratio,pfcfRatio,pbRatio,ptbRatio,evToSales,enterpriseValueOverEBITDA,evToOperatingCashFlow,evToFreeCashFlow,earningsYield,freeCashFlowYield,debtToEquity,debtToAssets,netDebtToEBITDA,currentRatio,interestCoverage,incomeQuality,dividendYield,payoutRatio,salesGeneralAndAdministrativeToRevenue,researchAndDdevelopementToRevenue,intangiblesToTotalAssets,capexToOperatingCashFlow,capexToRevenue,capexToDepreciation,stockBasedCompensationToRevenue,grahamNumber,roic,returnOnTangibleAssets,grahamNetNet,workingCapital,tangibleAssetValue,netCurrentAssetValue,investedCapital,averageReceivables,averagePayables,averageInventory,daysSalesOutstanding,daysPayablesOutstanding,daysOfInventoryOnHand,receivablesTurnover,payablesTurnover,inventoryTurnover,roe,capexPerShare,report_date,epsEstimated,time,revenueEstimated,updatedFromDate,fiscalDateEnding,surprise(%),QuarterAvgPrice,QuarterAvgVolume
2025-03-31,IR,USD,1699150,2025-05-02,2025-05-02 16:33:44,2025,Q1,1716800000.0,951300000.0,765500000.0,0.445887698,0,0.0,0.0,350000000.0,0.0,350000000.0,1301300000.0,0.0,61200000.0,-11800000.0,302500000.0,0.1761999068,302500000.0,0.1761999068,-49400000.0,253100000.0,0.1474254427,58500000.0,186500000.0,0.1086323392,0.46,0.46,403400000,407200000,https://www.sec.gov/Archives/edgar/data/1699150/000162828025021883/0001628280-25-021883-index.htm,https://www.sec.gov/Archives/edgar/data/1699150/000162828025021883/iri-20250331.htm,4.255825483391175,0.4623202776400595,0.6355974194348042,0.5520575086762518,3.9980168567178977,26.161874070401588,-5.319533961328706,25.99107585523054,0.1559246405552801,32284102000.0,30673002000.0,43.276276139410186,18.80481244175209,125.91303481245332,144.96678107304348,3.0791337936822827,3.0791337936822827,17.86638047530289,101.39835371900828,119.62949344629288,137.7323849920628,0.005776837156567,0.006898132058931,0.0001621394781016,9.24948583740492e-05,-5.325950413223141,2.382143639150427,4.94281045751634,1.360934177282378,0.0002508974850841,0.0434316353887399,0.0,0.0,0.6909692372982796,0.1314352579229144,0.0196295433364398,0.2808333333333333,0.0082712022367194,16.442765327795858,0.0140496416886107,0.0328356632275784,-11.490270203272187,2524900000.0,-2145900000.0,-3474000000.0,16077400000.0,1341850000.0,812000000.0,1094000000.0,70.68208294501397,73.83159886471145,107.19016083254492,1.2733071274938812,1.218990261404408,0.8396293027360988,0.017787654509385,0.0835399107585523,2025-05-01,0.733,amc,1724945847.0,2025-05-11,2025-03-31,-0.0177353342428376,87.12716666666667,2539132.1166666667
2024-12-31,IR,USD,1699150,2025-02-19,2025-02-19 16:32:35,2024,Q4,1898600000.0,1083200000.0,815400000.0,0.4294743495,0,0.0,0.0,331700000.0,104900000.0,436600000.0,1324100000.0,0.0,61800000.0,122700000.0,510500000.0,0.2688823344,378800000.0,0.1995154324,-53700000.0,325100000.0,0.1712314337,88200000.0,229800000.0,0.1210365532,0.57,0.57,403450000,406600000,https://www.sec.gov/Archives/edgar/data/1699150/000162828025006391/0001628280-25-006391-index.htm,https://www.sec.gov/Archives/edgar/data/1699150/000162828025006391/iri-20241231.htm,4.705911513198662,0.5695873094559425,1.3042508365348866,1.2167554839509234,3.820052051059611,25.39422481100508,-5.640351964307845,25.22989217994795,12.084768868509109,36496087000.0,39768687000.0,39.70418516100957,19.222630885915937,69.35782402128467,74.34525768995722,3.585429511739856,3.585429511739856,20.94632202675656,77.90144368266405,75.5771322690992,81.01178855163984,0.0062965654372755,0.0134507570633531,0.4729148246389625,0.2672878099701273,6.410577864838394,2.289020836769476,6.129449838187703,2.289817232375979,0.0002219416015749,0.0352480417754569,0.0,0.0,0.6952270430543371,0.0670847586469023,0.0185926472137364,0.2876935615321923,0.0080058990835352,17.981632131272224,0.0169862174165043,0.0418663120115141,-11.635270789441073,2344600000.0,-2275600000.0,-3601000000.0,15707600000.0,1338800000.0,793700000.0,1108750000.0,63.30243337195829,70.09231905465288,87.6569423929099,1.4217462932454694,1.2840208629682317,1.0267298578199051,0.0225758915414087,0.0874953525839633,2025-02-13,0.85,amc,1908428883.0,2025-05-11,2024-12-31,-0.0117647058823529,99.55859375,2036965.96875
2024-09-30,IR,USD,1699150,2024-11-01,2024-11-01 16:08:05,2024,Q3,1861000000.0,1046000000.0,815000000.0,0.4379365932,0,0.0,0.0,334300000.0,124400000.0,334300000.0,1380300000.0,0.0,63800000.0,124300000.0,497600000.0,0.2673831274,356300000.0,0.1914562063,-54300000.0,302000000.0,0.162278345,73800000.0,221600000.0,0.1190757657,0.55,0.54,403500000,406900000,https://www.sec.gov/Archives/edgar/data/1699150/000162828024044749/0001628280-24-044749-index.htm,https://www.sec.gov/Archives/edgar/data/1699150/000162828024044749/iri-20240930.htm,4.612143742255267,0.5491945477075588,1.0012391573729864,1.0748451053283767,3.412391573729864,25.61140024783148,-5.744237918215614,25.44634448574969,12.154894671623296,39607560000.0,43071360000.0,44.683619133574005,21.282944653412144,98.03851485148516,91.32478671893014,3.857528536366824,3.857528536366824,23.14420204191295,86.55819935691318,106.61227722772276,99.31141341941434,0.0055948914803133,0.010949929760884,0.4714538938018621,0.265881952301963,6.961012861736334,2.3604415408875874,5.584639498432602,1.8084153983885407,0.0002045064124121,0.0365523465703971,0.0,0.0,0.6949281014160011,0.0735148514851485,0.0159591617409994,0.2389380530973451,0.0080601826974744,17.73238159807914,0.0163280931451443,0.0398977350473515,-12.161586121437422,2415600000.0,-2317800000.0,-3680800000.0,15920700000.0,1321800000.0,746150000.0,1161250000.0,64.91026329930146,63.9980879541109,100.02390057361376,1.3865295783042766,1.4062920139822532,0.8997849462365591,0.0215824535431843,0.0736059479553903,2024-10-31,0.822,amc,1872804041.0,2025-04-25,2024-09-30,0.0218978102189781,92.9409375,2365664.421875
2024-06-30,IR,USD,1699150,2024-08-02,2024-08-02 16:03:16,2024,Q2,1805300000.0,1103200000.0,702100000.0,0.3889104304,0,0.0,0.0,342100000.0,400000.0,341700000.0,1444900000.0,0.0,50800000.0,116900000.0,477700000.0,0.2646097602,360400000.0,0.1996344098,-35700000.0,236100000.0,0.1307815875,46100000.0,185000000.0,0.1024760428,0.46,0.45,403500000,407400000,https://www.sec.gov/Archives/edgar/data/1699150/000162828024034400/0001628280-24-034400-index.htm,https://www.sec.gov/Archives/edgar/data/1699150/000162828024034400/iri-20240630.htm,4.474101610904585,0.4584882280049566,0.755638166047088,0.7016109045848823,2.659479551425031,24.843122676579927,-6.619826517967782,24.679553903345724,12.028004956629491,36129390000.0,39869390000.0,48.8235,20.012956295352573,118.4958674975402,127.62059342988344,3.628104476712659,3.628104476712659,22.08463413283111,83.46114716349173,130.76218432272876,140.8314729777464,0.0051204850123403,0.0078357259837489,0.4822658713422104,0.2692210667937326,7.829181494661921,2.177944009973932,7.094488188976378,1.648108108108108,0.000221426378912,0.0432432432432432,0.0,0.0,0.7116797937046276,0.07149885208265,0.0120755553093668,0.1864841745081266,0.0080319060543953,15.955999219249804,0.0179857770893333,0.0359698242339399,-12.85043370755886,2078600000.0,-2671100000.0,-3971100000.0,15603900000.0,1273300000.0,721250000.0,1105900000.0,64.8789674846286,61.06327048585932,94.63379260333576,1.387198401721223,1.4738810955243822,0.9510344827586208,0.0185776545962121,0.0540272614622057,2024-07-31,0.782,amc,1799588182.0,2025-04-25,2024-06-30,0.0613810741687978,91.92222222222225,2855347.888888889
2024-03-31,IR,USD,1699150,2024-05-03,2024-05-03 16:02:55,2024,Q1,1670100000.0,923800000.0,746300000.0,0.4468594695,0,0.0,336300000.0,336300000.0,-900000.0,336300000.0,1260100000.0,0.0,36800000.0,117200000.0,435100000.0,0.260523322,293200000.0,0.1755583498,-23600000.0,269600000.0,0.1614274594,54400000.0,202200000.0,0.1210705946,0.5,0.5,404200000,408200000,https://www.sec.gov/Archives/edgar/data/1699150/000162828024020267/0001628280-24-020267-index.htm,https://www.sec.gov/Archives/edgar/data/1699150/000162828024020267/iri-20240331.htm,4.131865413161801,0.500247402276101,0.3998020781791192,0.2456704601682335,3.6578426521524,24.54156358238496,-0.6922315685304304,24.38223651657595,6.921326076199901,37841204000.0,39149704000.0,46.78684965380811,22.6580468235435,234.16586633663368,381.0795971802618,3.8396805779631262,3.8396805779631262,23.44153284234477,89.97863479659848,242.2630198019802,394.2568378650554,0.0053433817803471,0.0026241236933158,0.2801335322110945,0.1777835018352759,3.007354631119283,2.323321349878233,7.967391304347826,0.7992087042532147,0.0002140523858596,0.0400593471810089,0.0,0.0,0.6568034000901539,0.385519801980198,0.0373031554996706,0.5315699658703071,0.0084426082270522,16.566106536531713,0.01686371303165,0.037939769209119,-6.608114794656111,2282200000.0,-279800000.0,-1602500000.0,13223900000.0,1239700000.0,747600000.0,1026450000.0,67.10256870846057,67.61203723749729,102.47023165187272,1.341230324445872,1.3311239193083573,0.8783038600494391,0.020516879242641,0.1541316180108857,2024-05-02,0.688,amc,1700640532.0,2025-04-25,2024-03-31,0.1337209302325582,85.53573770491803,2561603.3606557376
2023-12-31,IR,USD,1699150,2024-02-23,2024-02-23 16:14:26,2023,Q4,1821400000.0,1133400000.0,688000000.0,0.3777314154,108000000,641900000.0,-311100000.0,330800000.0,-24000000.0,354800000.0,1488200000.0,0.0,37400000.0,116700000.0,461500000.0,0.2533765236,333200000.0,0.1829362029,-25800000.0,307400000.0,0.1687712748,71100000.0,229800000.0,0.126166685,0.57,0.56,404200000,408200000,https://www.sec.gov/Archives/edgar/data/1699150/000162828024006642/0001628280-24-006642-index.htm,https://www.sec.gov/Archives/edgar/data/1699150/000162828024006642/iri-20231231.htm,4.506185056902524,0.5685304304799604,1.438396833250866,1.3651657595249875,4.006432459178624,24.36095992083127,-0.925531914893617,24.20534388916378,6.830776843146957,31260828000.0,32388928000.0,34.00873368146214,17.163076754145163,53.768194014447886,56.65246103660747,3.1951622069134693,3.1951622069134693,17.782435489184145,70.18185915492958,55.70851049191607,58.69686118158753,0.0073510528895779,0.0176514838314583,0.27837854412396,0.1749991968387573,2.4444203683640304,2.2166037322826027,8.909090909090908,2.5300261096605743,0.0002591102193454,0.0352480417754569,0.3524212144504227,0.0592950477654551,0.6567160343110483,0.0509115927072583,0.0162512353134951,0.2536418166238218,0.0091687712748435,17.596396735624303,0.0185490423196147,0.04301196024482,-6.608609599208313,2223100000.0,-374100000.0,-1666400000.0,13155300000.0,1225150000.0,732150000.0,1042000000.0,60.98495662677062,63.6209634727369,79.49444150344097,1.475773780586615,1.4146280579131305,1.132154629907102,0.0234878063738015,0.0732310737258782,2024-02-15,0.769,amc,1776209859.0,2025-04-25,2023-12-31,0.118335500650195,68.3736507936508,2578421.6825396824
2023-09-30,IR,USD,1699150,2023-11-03,2023-11-03 16:03:37,2023,Q3,1738900000.0,999600000.0,739300000.0,0.4251538329,0,0.0,0.0,315200000.0,7600000.0,315200000.0,1314800000.0,39600000.0,39600000.0,115700000.0,447100000.0,0.2571165679,318400000.0,0.1831042613,-44600000.0,273800000.0,0.1574558629,60300000.0,208300000.0,0.119788372,0.52,0.51,404500000,408600000,https://www.sec.gov/Archives/edgar/data/1699150/000162828023036698/0001628280-23-036698-index.htm,https://www.sec.gov/Archives/edgar/data/1699150/000162828023036698/iri-20230930.htm,4.298887515451174,0.5149567367119902,0.9822002472187886,0.911495673671199,3.030160692212608,23.78195302843016,-1.342398022249691,23.619283065512978,6.854882571075402,25774740000.0,27310440000.0,30.93463754200672,14.822439473230204,64.87475459350617,69.90707892595606,2.697795687670086,2.697795687670086,15.70558398987866,61.08351599194811,68.74009564560785,74.07225386493084,0.0080815558178278,0.0143047029766352,0.286079129160561,0.1803616206942061,3.434802057705211,2.2562398017767573,8.04040404040404,1.8955152671755728,0.0003142611719846,0.0388862217954872,0.0,0.0,0.670634815890194,0.07198590485779,0.0164471792512507,0.247191011235955,0.0064408534130772,16.542836846958867,0.0182909409945755,0.0417334508735374,-7.058034610630408,2078700000.0,-543000000.0,-1800800000.0,12927300000.0,1217950000.0,666150000.0,1092100000.0,62.941514750704464,59.70288115246099,97.5,1.4298988570018911,1.5074649374151712,0.9230769230769232,0.021802386435001,0.0707045735475896,2023-11-01,0.7,amc,1687190000.0,2025-04-25,2023-09-30,0.1,66.53444444444445,2321979.4603174604
2023-06-30,IR,USD,1699150,2023-08-04,2023-08-04 16:11:27,2023,Q2,1686500000.0,989000000.0,697500000.0,0.4135784168,0,0.0,0.0,315600000.0,8200000.0,425100000.0,1414100000.0,34700000.0,40800000.0,111800000.0,405400000.0,0.2403794841,272400000.0,0.1615179366,-33500000.0,238900000.0,0.1416543137,60500000.0,179500000.0,0.106433442,0.44,0.44,404500000,408300000,https://www.sec.gov/Archives/edgar/data/1699150/000162828023027540/0001628280-23-027540-index.htm,https://www.sec.gov/Archives/edgar/data/1699150/000162828023027540/iri-20230630.htm,4.169344870210136,0.4437577255871446,0.5646477132262052,0.5033374536464771,3.0106304079110013,23.43733003708282,-1.499629171817058,23.275154511742898,6.849443757725587,26438120000.0,27989820000.0,36.82189415041783,15.67632374740587,115.75359019264448,129.8532416502947,2.808144623358966,2.808144623358966,16.596394900681886,69.04247656635422,122.54737302977232,137.474557956778,0.0067894388859722,0.0077010014327796,0.2899477418532523,0.1816403390868078,3.827577701036014,2.294809432916692,6.676470588235294,1.2632743362831858,0.0003063757937402,0.045125348189415,0.0,0.0,0.6711869369069641,0.1085814360770578,0.0147050103765194,0.221824686940966,0.0070560332048621,15.244406077261877,0.0150951590149678,0.0363242674437429,-7.082571075401731,2102900000.0,-606600000.0,-1821200000.0,12835600000.0,1231700000.0,700050000.0,1111950000.0,65.09457456270383,60.897876643073815,100.21941354903944,1.382603705525496,1.477884040645547,0.8980296013801871,0.0190657263032671,0.061310259579728,2023-08-02,0.59,amc,1580350000.0,2025-04-25,2023-06-30,0.152542372881356,59.12322580645161,2322308.983870968
2023-03-31,IR,USD,1699150,2023-05-05,2023-05-05 16:04:15,2023,Q1,1629300000.0,965100000.0,664200000.0,0.4076597312,0,0.0,311100000.0,311100000.0,112800000.0,423900000.0,1389000000.0,0.0,38900000.0,114000000.0,363900000.0,0.2233474498,240300000.0,0.1474866507,-29300000.0,211000000.0,0.1295034677,48100000.0,161100000.0,0.0988768183,0.4,0.39,405000000,409200000,https://www.sec.gov/Archives/edgar/data/1699150/000162828023016124/0001628280-23-016124-index.htm,https://www.sec.gov/Archives/edgar/data/1699150/000162828023016124/iri-20230331.htm,4.022962962962963,0.3977777777777778,0.4204938271604938,0.3651851851851851,2.763703703703704,23.16469135802469,-1.8353086419753089,23.00567901234568,6.970123456790123,23562900000.0,25227600000.0,36.56564245810056,14.46197753636531,138.36112742219612,159.31643002028397,2.5289407875672136,2.5289407875672136,15.483704658442276,69.32563891178896,148.1362301820317,170.57200811359027,0.0068370192124059,0.0062768165208866,0.2987990082963949,0.1856618872957652,4.574608408903545,2.1601082289277103,6.177377892030848,1.0571073867163252,0.0003437607425232,0.0502793296089385,0.0,0.0,0.6752250750250083,0.1315325895478567,0.0137482354385318,0.1964912280701754,0.0074265021788498,14.349244828927194,0.0138757908243374,0.0330800821355236,-7.407407407407407,1972300000.0,-743300000.0,-1940900000.0,12746100000.0,1182800000.0,754800000.0,1074000000.0,68.69453139385013,68.15977618899595,104.68759714019272,1.3101479575426185,1.3204268709809823,0.8597006948156066,0.017290416751634,0.0553086419753086,2023-05-03,0.52,amc,1482670000.0,2025-04-25,2023-03-31,0.25,56.37209677419355,2442904.9032258065
2022-12-31,IR,USD,1699150,2023-02-21,2023-02-21 16:07:28,2022,Q4,1623700000.0,969300000.0,654400000.0,0.4030301164,91000000,541500000.0,-265500000.0,276000000.0,105500000.0,381500000.0,1350800000.0,34400000.0,34400000.0,104000000.0,378800000.0,0.2332943278,272900000.0,0.1680729199,-27000000.0,245900000.0,0.1514442323,45000000.0,217400000.0,0.1338917288,0.54,0.53,405000000,409300000,https://www.sec.gov/Archives/edgar/data/1699150/000162828023004287/0001628280-23-004287-index.htm,https://www.sec.gov/Archives/edgar/data/1699150/000162828023004287/gdi-20221231.htm,4.009135802469136,0.5367901234567901,0.8758024691358025,0.7930864197530865,4.068641975308642,22.857283950617283,-0.9520987654320988,22.70567901234568,6.881481481481481,21161250000.0,22300850000.0,24.334464121435143,13.032733879411222,59.65957146884691,65.8818493150685,2.301186411187716,2.301186411187716,13.73458767013611,58.87236008447729,62.87242740343952,69.42979452054794,0.0102734951857758,0.0151786874593892,0.2993323038778573,0.18641599902478,3.0084477296726506,2.369952210274791,7.933139534883721,1.737873591376776,0.0003827751196172,0.0372585096596136,0.3334975672845969,0.0560448358686949,0.6530451919625624,0.0944460107132788,0.0206318901274866,0.3196564885496183,0.0102235634661575,16.560016467523937,0.0169318778143818,0.0424352442856864,-6.189382716049383,2293300000.0,-385600000.0,-1541400000.0,12560500000.0,1077150000.0,738800000.0,1018950000.0,62.19129149473424,72.30269266480965,95.20891364902506,1.4471479500891269,1.2447669192243482,0.9452896430661204,0.0236412275169098,0.082716049382716,2023-02-21,0.63,bmo,1537301594.0,2025-04-25,2022-12-31,0.1428571428571428,51.05238095238096,2530320.1587301586
2022-09-30,IR,USD,1699150,2022-11-04,2022-11-04 16:06:33,2022,Q3,1515700000.0,940400000.0,575300000.0,0.3795605991,0,0.0,0.0,278700000.0,106600000.0,385300000.0,1325700000.0,26600000.0,26600000.0,115000000.0,314800000.0,0.2076928152,190000000.0,0.1253546216,-16800000.0,173200000.0,0.114270634,30300000.0,145100000.0,0.0957313453,0.36,0.36,404000000,408500000,https://www.sec.gov/Archives/edgar/data/1699150/000162828022028451/0001628280-22-028451-index.htm,https://www.sec.gov/Archives/edgar/data/1699150/000162828022028451/iri-20220930.htm,3.751732673267327,0.3591584158415841,0.6794554455445545,0.6254950495049505,3.6888613861386137,21.81930693069307,-1.2564356435643564,21.66064356435643,6.8799504950495045,17477040000.0,18770440000.0,30.11206064782908,11.53067229662862,63.66863387978141,69.1612188365651,1.9971705767406784,1.9971705767406784,12.384007389325063,59.62655654383736,68.38047358834244,74.2795409576573,0.008302321216865,0.0144589701688615,0.3145847855649133,0.1935173208862895,4.108640406607369,2.4588312541037425,7.142857142857143,1.88659793814433,0.0004634652092116,0.0558235699517574,0.0,0.0,0.6553396693285345,0.0794171220400728,0.0143827934287787,0.1895652173913043,0.0132611994458006,13.230308184066532,0.0122719741016373,0.0295941260452784,-6.534220297029703,2221800000.0,-507600000.0,-1665800000.0,12132100000.0,1025400000.0,699900000.0,1013000000.0,61.29643069208946,66.88749468311357,96.9002552105487,1.4682747263392424,1.3455429961367864,0.92879012345679,0.0165811516529728,0.0539603960396039,2022-11-02,0.59,amc,1449746325.0,2025-04-25,2022-09-30,0.0508474576271186,47.09578125,3109344.15625
2022-06-30,IR,USD,1699150,2022-08-05,2022-08-05 16:10:45,2022,Q2,1439900000.0,870100000.0,569800000.0,0.3957219251,0,0.0,0.0,275600000.0,96800000.0,372400000.0,1242500000.0,0.0,23200000.0,104500000.0,316100000.0,0.219529134,197400000.0,0.1370928537,-16900000.0,180500000.0,0.1253559275,41900000.0,138500000.0,0.0961872352,0.34,0.34,404500000,409400000,https://www.sec.gov/Archives/edgar/data/1699150/000162828022021363/0001628280-22-021363-index.htm,https://www.sec.gov/Archives/edgar/data/1699150/000162828022021363/iri-20220630.htm,3.559703337453646,0.3423980222496909,0.457601977750309,0.4046971569839308,3.293201483312732,21.86402966625463,-1.7431396786155748,21.69814585908529,6.873918417799753,17021360000.0,18469460000.0,30.72447653429603,11.821209806236544,91.95764451647756,103.97898594990836,1.9393362121022228,1.9393362121022228,12.826904646155985,58.42916798481493,99.78098325229604,112.8250458155162,0.0081368351295078,0.0096173278750934,0.3141542002301496,0.1938838651609546,4.581145207212908,2.4268842162752597,8.508620689655173,1.3432510885341074,0.0004699976970112,0.0577617328519855,0.0,0.0,0.671459912526193,0.1156131820637493,0.0148621432043891,0.2047846889952153,0.0155566358774914,12.929097035149546,0.0118171150401568,0.0296427883483509,-6.859517923362176,2090100000.0,-705100000.0,-1822500000.0,12247500000.0,1016200000.0,701150000.0,984200000.0,63.66067087992222,72.49856338351914,104.8327778416274,1.413745704467354,1.2414039092595237,0.8585101134681796,0.01578005901856,0.0529048207663782,2022-08-03,0.51,amc,1390609437.0,2025-04-25,2022-06-30,0.0588235294117647,45.520967741935486,2824609.709677419
2022-03-31,IR,USD,1699150,2022-05-06,2022-05-06 16:03:38,2022,Q1,1337000000.0,810900000.0,526100000.0,0.3934928945,0,0.0,265500000.0,265500000.0,103600000.0,369100000.0,1180000000.0,0.0,19000000.0,108500000.0,270100000.0,0.2020194465,157000000.0,0.1174270755,-14400000.0,142600000.0,0.1066566941,32400000.0,103700000.0,0.0775617053,0.25,0.25,407600000,413100000,https://www.sec.gov/Archives/edgar/data/1699150/000162828022013032/0001628280-22-013032-index.htm,https://www.sec.gov/Archives/edgar/data/1699150/000162828022013032/iri-20220331.htm,3.2801766437684003,0.2544160942100098,0.112855740922473,0.0689401373895976,4.882728164867517,22.23577036310108,-1.801766437684004,22.061334641805693,8.426643768400393,20522660000.0,21948160000.0,49.47603664416586,15.349783096484668,446.14478260869566,730.3437722419928,2.282273525944708,2.282273525944708,16.415976065819,81.25938541281008,477.1339130434783,781.073309608541,0.0050529512256208,0.0013692182202502,0.3798514267921087,0.2261334145437212,5.277674935209181,2.8797468354430378,8.263157894736842,0.4343720491029273,0.0003995583418523,0.0790742526518804,0.0,0.0,0.648648111858482,0.3891304347826086,0.0133881824981301,0.1649769585253456,0.0148092744951383,11.237751925279998,0.008838975029566,0.0195398616947108,-6.902416584887145,2732400000.0,-734400000.0,-1855500000.0,13165300000.0,981250000.0,685950000.0,904550000.0,68.25056095736724,77.84683684794672,105.98224195338511,1.3186704803235032,1.1561163387510691,0.8491988689915174,0.0115322168101243,0.0439156035328753,2022-05-04,0.45,amc,1288254790.0,2025-04-25,2022-03-31,0.0888888888888888,53.56741935483871,2546803.2741935486
2021-12-31,IR,USD,1699150,2022-02-25,2022-02-25 16:19:50,2021,Q4,1418800000.0,909400000.0,509400000.0,0.3590358049,74000000,526600000.0,-270700000.0,255900000.0,3900000.0,369000000.0,1278400000.0,0.0,19400000.0,110700000.0,255000000.0,0.1797293487,140400000.0,0.098956865,-15500000.0,124900000.0,0.0880321398,-47600000.0,293000000.0,0.2065125458,0.72,0.71,407800000,413400000,https://www.sec.gov/Archives/edgar/data/1699150/000162828022003991/0001628280-22-003991-index.htm,https://www.sec.gov/Archives/edgar/data/1699150/000162828022003991/gdi-20211231.htm,3.4791564492398237,0.7184894556154978,0.5767533104462972,0.5205983325159392,5.173124080431584,22.24423737126042,-2.0183913683178027,22.07332025502697,8.484551250613046,25230586000.0,26561586000.0,21.52780375426621,17.78304623625599,107.27289965986394,118.84402260951484,2.802931289229573,2.802931289229573,18.72116295460953,104.16308235294116,112.93191326530612,125.11345266132832,0.0116128892131161,0.0084143903752374,0.3822251846914403,0.2270348741297964,5.219607843137255,2.803638345710976,7.237113402061856,1.4341463414634146,0.0003250023205961,0.0279863447098976,0.3711587256836763,0.052156752184945,0.6528951796496091,0.0973639455782312,0.016140400338314,0.2048300536672629,0.0156470256554835,18.8901449625822,0.0140915755750561,0.0557013041329227,-6.952305051495832,2647200000.0,-823100000.0,-1968400000.0,13190100000.0,937800000.0,651700000.0,858900000.0,60.17338595996617,66.35693864086211,84.53705740048385,1.495677841028885,1.3563012677106636,1.0646218684148911,0.0325501305337999,0.056154977930358,2022-02-23,0.6,amc,1417804109.0,2025-04-25,2021-12-31,0.1333333333333334,56.94125,1889533.0625
2021-09-30,IR,USD,1699150,2021-11-05,2021-11-05 08:48:58,2021,Q3,1325000000.0,810700000.0,514300000.0,0.3881509434,0,0.0,0.0,252600000.0,3500000.0,350400000.0,1161100000.0,0.0,22500000.0,102500000.0,284300000.0,0.2145660377,163900000.0,0.1236981132,-28000000.0,135900000.0,0.1025660377,2700000.0,126000000.0,0.0950943396,0.31,0.3,412300000,418500000,https://www.sec.gov/Archives/edgar/data/1699150/000162828021021900/0001628280-21-021900-index.htm,https://www.sec.gov/Archives/edgar/data/1699150/000162828021021900/iri-20210930.htm,3.2136793596895465,0.3056027164685908,0.2813485326218772,0.2442396313364055,4.9308755760368665,21.1564394858113,-2.603929177783168,20.988600533592045,8.452097986902741,20784043000.0,22213343000.0,41.23818055555555,15.686070188679246,179.17278448275863,206.3956603773585,2.401779952851992,2.401779952851992,16.76478716981132,78.1334611326064,191.49433620689652,220.58930486593843,0.006062343115822,0.0048450631092324,0.4000993806046038,0.2320140992307073,5.027435807245867,2.469006492711013,7.2844444444444445,0.8854961832061069,0.0,0.0,0.0,0.0,0.6564719757686225,0.1318965517241379,0.0115471698113207,0.1492682926829268,0.0165283018867924,12.013280155879428,0.0120179328652107,0.0245786516853932,-7.373150618481688,2398300000.0,-1073600000.0,-2169100000.0,12813900000.0,931400000.0,646850000.0,830200000.0,62.966037735849056,70.26150240532873,95.87270260268905,1.429341963322546,1.280929056723021,0.9387447892542844,0.0145604141628917,0.0371089012854717,2021-11-03,0.46,amc,1144318181.0,2025-04-25,2021-09-30,0.2391304347826085,50.894375,2703986.359375
2021-06-30,IR,USD,1699150,2021-07-30,2021-07-30 16:08:32,2021,Q2,1279100000.0,766400000.0,512700000.0,0.4008287077,0,0.0,0.0,267200000.0,34100000.0,372600000.0,1139000000.0,0.0,22700000.0,88800000.0,263000000.0,0.2056133219,140100000.0,0.1095301384,11400000.0,151500000.0,0.118442655,12500000.0,233900000.0,0.1828629505,0.56,0.55,419900000,426800000,https://www.sec.gov/Archives/edgar/data/1699150/000162828021015044/0001628280-21-015044-index.htm,https://www.sec.gov/Archives/edgar/data/1699150/000162828021015044/iri-20210630.htm,3.0462014765420338,0.5570373898547273,0.3381757561324124,0.3122171945701357,8.739938080495357,22.25863300785901,-0.0383424624910693,22.095498928316267,9.256251488449632,20495319000.0,20689419000.0,21.906069901667383,16.023234305370963,144.3332323943662,156.33347826086955,2.2090471981806226,2.2090471981806226,16.17498162770698,78.66699239543726,145.7001338028169,157.81402745995425,0.011412362013004,0.0063965825562412,0.4164735554381918,0.2388620670470491,0.7380228136882129,3.133516182117389,6.171806167400881,1.2157534246575343,0.0,0.0,0.0,0.0,0.5787645193395439,0.0767605633802816,0.0085216167617856,0.1227477477477477,0.0168086936126964,16.641226776826354,0.0089050333268262,0.0343253793548765,-4.906287211240771,3889400000.0,-16100000.0,-1117900000.0,13859100000.0,956950000.0,667500000.0,814650000.0,65.84473457900086,77.59916492693111,93.56993736951983,1.366851891429793,1.1598062953995156,0.9618473895582328,0.0252104463294495,0.0259585615622767,2021-07-28,0.42,amc,1260700000.0,2025-04-25,2021-06-30,0.0952380952380953,49.07539682539682,2290220.984126984
2021-03-31,IR,USD,1699150,2021-04-30,2021-04-30 16:07:53,2021,Q1,1369800000.0,854400000.0,515400000.0,0.3762593079,0,0.0,270700000.0,270700000.0,2500000.0,365700000.0,1220100000.0,0.0,23100000.0,119000000.0,271200000.0,0.1979851073,149700000.0,0.1092860272,-20600000.0,129100000.0,0.0942473354,17500000.0,-90400000.0,-0.0659950358,-0.22,-0.21,419200000,425900000,https://www.sec.gov/Archives/edgar/data/1699150/000162828021008453/0001628280-21-008453-index.htm,https://www.sec.gov/Archives/edgar/data/1699150/000162828021008453/iri-20210331.htm,3.2676526717557253,-0.215648854961832,0.2917461832061068,0.2559637404580153,3.911259541984733,21.53077290076336,-3.884303435114504,21.366173664122137,9.272185114503817,20628832000.0,22853032000.0,-57.048761061946905,15.05974010804497,168.6740147179068,192.2537931034483,2.303173266939833,2.303173266939833,16.683480800116804,84.26634218289085,186.8604415372036,212.9825908667288,-0.0043822161138352,0.0052014578430809,0.4313865597820626,0.2435899860672429,8.201327433628318,2.703833886610688,6.48051948051948,1.0958781362007168,0.0,0.0,0.0,0.0,0.6716723721622252,0.1226492232215862,0.0109505037231712,0.1260504201680672,0.0157687253613666,,0.0089780343153587,-0.0173582442059179,-9.653566316793894,2617600000.0,-1628300000.0,-2682300000.0,13985200000.0,972350000.0,672650000.0,888050000.0,64.26412614980289,71.01825842696628,87.69311797752809,1.4004702995603722,1.2672797389498665,1.0263063063063065,-0.0100930030033382,0.0357824427480916,2021-04-28,0.36,amc,1307580000.0,2025-04-25,2021-03-31,0.25,46.26950819672131,2136402.62295082
2020-12-31,IR,USD,1699150,2021-02-26,2021-02-26 16:03:05,2020,Q4,1510700000.0,983800000.0,526900000.0,0.3487787119,58000000,0.0,246100000.0,246100000.0,2900000.0,396500000.0,1380300000.0,0.0,24400000.0,141300000.0,274600000.0,0.1817700404,130400000.0,0.0863176011,-21500000.0,108900000.0,0.072085788,-42200000.0,151600000.0,0.1003508307,0.36,0.36,418400000,424500000,https://www.sec.gov/Archives/edgar/data/1699150/000162828021003454/0001628280-21-003454-index.htm,https://www.sec.gov/Archives/edgar/data/1699150/000162828021003454/gdi-20201231.htm,3.61065965583174,0.3623326959847036,0.984225621414914,0.9478967495219884,4.184751434034417,21.963432122370936,-4.413718929254302,21.796606118546844,9.378346080305928,19062304000.0,21210904000.0,31.43519788918206,12.618192890712914,46.29019912578922,48.06430660615229,2.090233669967214,2.090233669967214,14.040447474680612,77.24291332847778,51.5077804759592,53.48185577407968,0.0079528686563806,0.020805459822695,0.4275908198734607,0.2428293873687619,7.824471959213401,2.577138662751902,5.344262295081967,2.725347452018531,0.0,0.0,0.0,0.0383927980406434,0.687245463489968,0.0369111219038368,0.0100615608658237,0.1075725406935598,0.0147613689018335,13.330285773779185,0.0123523807329607,0.0301847722204523,-9.372490439770557,2363500000.0,-1846700000.0,-3007000000.0,14197000000.0,950600000.0,647900000.0,975500000.0,57.58522539220229,61.39357593006708,86.32242325675949,1.5629008897165322,1.4659514230368051,1.0426027977956762,0.0166233538383938,0.0363288718929254,2021-02-22,0.46,amc,1461890000.0,2025-04-25,2020-12-31,0.1521739130434782,41.38234375,2097120.359375
2020-09-30,IR,USD,1699150,2020-11-03,2020-11-03 17:03:46,2020,Q3,1335200000.0,853200000.0,482000000.0,0.3609946075,0,0.0,245600000.0,245600000.0,2600000.0,387800000.0,1241000000.0,0.0,28800000.0,117300000.0,232400000.0,0.1740563212,74300000.0,0.0556470941,-20900000.0,48100000.0,0.0360245656,18200000.0,29500000.0,0.0220940683,0.07,0.07,417600000,422000000,https://www.sec.gov/Archives/edgar/data/1699150/000162828020015382/0001628280-20-015382-index.htm,https://www.sec.gov/Archives/edgar/data/1699150/000162828020015382/iri-20200930.htm,3.197318007662836,0.0706417624521072,0.4470785440613027,0.4276819923371647,3.144875478927203,21.14439655172414,-5.171695402298851,21.005028735632184,9.353687739463602,14866560000.0,17430560000.0,125.9877966101695,11.134331935290591,79.6280664167113,83.23941769316909,1.6948322446048087,1.6948322446048087,13.05464349910126,75.00240963855421,93.36132833422604,97.59552071668531,0.001984319170003,0.0120135391105945,0.4420237810230628,0.2483776945004964,11.032702237521514,2.426567541029597,2.579861111111111,6.244147157190636,0.0,0.0,0.0,0.0,0.7039877005861439,0.0433851098018211,0.0060665068903535,0.0709281961471103,0.008912522468544,5.778081483541908,0.0032352540267922,0.0063840377415654,-10.20749521072797,2034000000.0,-2159700000.0,-3320800000.0,13831500000.0,928400000.0,654100000.0,1016900000.0,62.9973037747154,65.89662447257383,106.26582278481013,1.428632570083458,1.3657755722746918,0.8469326980345444,0.0033630881129085,0.0193965517241379,2020-11-02,0.31,amc,1034624999.0,2025-04-25,2020-09-30,0.2903225806451613,33.4778125,2507688.46875
2020-06-30,IR,USD,1699150,2020-08-04,2020-08-04 17:26:47,2020,Q2,1264400000.0,904400000.0,360000000.0,0.2847200253,0,0.0,0.0,247700000.0,2300000.0,363400000.0,1267800000.0,0.0,30800000.0,115600000.0,86700000.0,0.0685700728,-52200000.0,-0.0412844037,-28500000.0,-80700000.0,-0.063824739,95800000.0,-177600000.0,-0.1404618792,-0.43,-0.43,413513513,417000000,https://www.sec.gov/Archives/edgar/data/1699150/000114036120017479/0001140361-20-017479-index.htm,https://www.sec.gov/Archives/edgar/data/1699150/000114036120017479/form10q.htm,3.057699350202372,-0.4294901966117852,0.598287582442318,0.556934641214494,2.8381176505832832,20.898470614187644,-5.470196085224426,20.736686300261244,9.495941188262934,11627999985.56,14350299985.56,-16.368243222916668,9.196456806042391,47.00080834907033,50.49066428814589,1.3560507977422478,1.3560507977422478,11.349493819645682,165.5167241702422,58.0044461825384,62.31133298115501,-0.0152734778311445,0.0198056415794628,0.4543376599144013,0.2524346704852494,31.39907727797001,2.2505750236774453,-1.6948051948051948,-1.4009060022650055,0.0188477951635846,-1.234021181813063,0.0,0.0,0.7065112451646763,0.0691188358932902,0.0135242012021512,0.1183391003460207,0.0094906675102815,,-0.0081348757148809,-0.0392096257865106,-10.672081712599317,1848600000.0,-2262000000.0,-3464700000.0,13584400000.0,974850000.0,724050000.0,1057250000.0,65.64220183486239,68.01747014595313,102.140645731977,1.371069182389937,1.3231894659839063,0.8811379579111458,-0.0207116117972221,0.0413529412278239,2020-08-03,0.21,amc,774954838.0,2025-04-25,2020-06-30,0.4761904761904762,28.24904761904762,4059886.444444445
2020-03-31,IR,USD,1699150,2020-05-15,2020-05-15 14:32:29,2020,Q1,799900000.0,555400000.0,244500000.0,0.3056632079,0,0.0,155400000.0,155400000.0,200000.0,311300000.0,866700000.0,0.0,27100000.0,63200000.0,-1600000.0,-0.00200025,-66800000.0,-0.0835104388,-25700000.0,-95700000.0,-0.119639955,-58900000.0,-36800000.0,-0.0460057507,-0.13,-0.13,277300000,277300000,https://www.sec.gov/Archives/edgar/data/1699150/000114036120011736/0001140361-20-011736-index.htm,https://www.sec.gov/Archives/edgar/data/1699150/000114036120011736/form10q.htm,2.8846015146051207,-0.132708258204111,0.2466642625315542,0.2167327803822575,2.003966822935449,31.574107464839525,-8.754417598269022,31.32419761990624,12.585286693112153,6877040000.0,9784140000.0,-46.71902173913043,8.597374671833979,100.54152046783626,114.42662229617304,0.7917201998572448,0.7917201998572448,12.231703962995374,-6115.0875,143.04298245614035,162.79767054908487,-0.0053511394437141,0.0087392250154136,0.3986553383527895,0.2254676624365978,-1816.9375,2.107482014388489,-2.4649446494464944,-1.858695652173913,0.0213709677419354,-3.9937228260869566,0.0,0.0,0.7281469954356927,0.121345029239766,0.0103762970371296,0.1147994467496542,0.0042505313164145,,-0.0018281087138378,-0.0088139490323816,-17.06608366390191,1539400000.0,-2427600000.0,-3673400000.0,13551500000.0,743300000.0,543750000.0,795300000.0,115.60820102512814,123.89989196975154,176.3215700396111,0.7784914841849149,0.7263928851687157,0.5104310265600588,-0.0042366051898413,0.0299314821492967,2020-05-12,0.31,bmo,895888000.0,2025-04-25,2020-03-31,-0.129032258064516,31.759838709677418,4860466.016129033
2019-12-31,IR,USD,1699150,2020-02-26,2020-02-26 16:04:02,2019,Q4,605800000.0,380500000.0,225300000.0,0.3719049191,25000000,16400000.0,113400000.0,113400000.0,1600000.0,177700000.0,558200000.0,0.0,20900000.0,45200000.0,124700000.0,0.2058435127,47600000.0,0.0785737867,-19300000.0,28300000.0,0.0467150875,2500000.0,25700000.0,0.042423242,0.13,0.12,204800000,209400000,https://www.sec.gov/Archives/edgar/data/1699150/000114036120004146/0001140361-20-004146-index.htm,https://www.sec.gov/Archives/edgar/data/1699150/000114036120004146/form10k.htm,2.9580078125,0.12548828125,0.4833984375,0.4375,2.46826171875,9.13037109375,-3.28515625,9.13037109375,7.97021484375,7512064000.0,8617964000.0,73.07455252918288,12.400237702211951,75.87943434343434,83.84,4.017361356222258,4.017361356222258,14.225757675800594,69.10957497995189,87.05014141414141,96.18263392857143,0.0034211636109596,0.0119274809160305,0.8617573132253061,0.3481548699334543,8.868484362469928,2.686912634876436,2.277511961722488,3.852140077821012,0.0144492911668484,4.223501945525292,0.0270716408055463,0.041267745130406,0.5493691124362631,0.0949494949494949,0.0155166721690326,0.2079646017699115,0.0095741168702542,5.077349500862712,0.0106399541506763,0.0123220022054945,-8.0928955078125,969300000.0,-672800000.0,-1214600000.0,3838600000.0,458750000.0,329750000.0,520900000.0,68.20567844172994,76.37582128777923,118.85676741130092,1.3195382269658027,1.1783834004335707,0.7572139303482587,0.0137440504839831,0.0458984375,2020-02-17,0.35,bmo,556681081.0,2025-04-25,2019-12-31,0.0571428571428572,32.81703125,1401591.609375
2019-09-30,IR,USD,1699150,2019-10-30,2019-10-30 16:16:57,2019,Q3,596700000.0,375200000.0,221500000.0,0.3712083124,0,0.0,95300000.0,95300000.0,600000.0,148600000.0,523800000.0,0.0,23200000.0,43000000.0,138800000.0,0.2326127032,72900000.0,0.1221719457,-22600000.0,50300000.0,0.0842969666,9000000.0,41300000.0,0.0692140104,0.2,0.2,204200000,209000000,https://www.sec.gov/Archives/edgar/data/1699150/000114036119019437/0001140361-19-019437-index.htm,https://www.sec.gov/Archives/edgar/data/1699150/000114036119019437/form10q.htm,2.9221351616062683,0.202252693437806,0.5592556317335945,0.5146914789422136,1.9902056807051909,8.768364348677768,-3.632713026444662,8.768364348677768,7.9564152791381,5776818000.0,6971918000.0,34.96863196125908,9.681277023629963,50.58509632224168,54.96496669838249,3.2263714046355765,3.2263714046355765,11.684126026478967,50.2299567723343,61.05007005253941,66.33604186489057,0.0071492645259033,0.018193406820156,0.894442893046635,0.3516843076112257,8.610230547550433,2.5077207116482043,3.1422413793103448,2.765133171912833,0.0187345351714386,2.6204842615012107,0.0,0.0,0.5560850278887962,0.0796847635726795,0.0152505446623093,0.2116279069767442,-0.000335176805765,6.316808481954517,0.0150305759047403,0.0204303734850358,-8.537952987267385,898300000.0,-741800000.0,-1269200000.0,3764600000.0,478500000.0,334200000.0,548450000.0,69.14027149321267,80.7409381663113,129.36300639658847,1.3017015706806283,1.1146761734997028,0.6957166697570926,0.0230661826305501,0.044564152791381,2019-10-28,0.37,bmo,553039024.0,2025-04-25,2019-09-30,0.108108108108108,30.90453125,1438663.6875
2019-06-30,IR,USD,1699150,2019-08-02,2019-08-02 16:23:01,2019,Q2,629100000.0,394700000.0,234400000.0,0.3725957717,0,7100000.0,103600000.0,103600000.0,1200000.0,159800000.0,554500000.0,0.0,22400000.0,44400000.0,137500000.0,0.2185662057,74600000.0,0.1185821014,-21400000.0,53200000.0,0.0845652519,8300000.0,44900000.0,0.071371801,0.22,0.21,203400000,208900000,https://www.sec.gov/Archives/edgar/data/1699150/000114036119014130/0001140361-19-014130-index.htm,https://www.sec.gov/Archives/edgar/data/1699150/000114036119014130/form10q.htm,3.0929203539823007,0.2207472959685349,0.3013765978367748,0.2497541789577188,1.5609636184857425,8.777286135693215,-3.949852507374631,8.777286135693215,8.131268436578171,7084422000.0,8398422000.0,39.44555679287305,11.261201716738196,115.56969004893963,139.45712598425197,3.968196941690472,3.968196941690472,13.349899856938483,61.07943272727272,137.0052528548124,165.32326771653544,0.0063378494392344,0.0071706626172184,0.9138520136671708,0.3551139455412141,9.556363636363637,2.475731439201758,3.330357142857143,1.3622222222222222,0.0152167671547516,2.400935412026726,0.0112859640756636,0.0,0.5634590688461789,0.1712887438825448,0.016690510252742,0.2364864864864864,0.0096963916706405,6.60266227054805,0.0156289631861707,0.0223873155165536,-9.04006882989184,872600000.0,-803400000.0,-1345100000.0,3806400000.0,504250000.0,337100000.0,556350000.0,71.3304721030043,75.65746136306055,127.14466683557131,1.2617328519855595,1.189572031344183,0.707855093256815,0.0251498347616647,0.051622418879056,2019-07-31,0.39,bmo,570579069.0,2025-04-25,2019-06-30,0.1025641025641025,32.30253968253968,1710868.650793651
2019-03-31,IR,USD,1699150,2019-04-30,2019-04-30 16:51:45,2019,Q1,620300000.0,389800000.0,230500000.0,0.3715943898,0,9300000.0,107700000.0,117000000.0,1300000.0,149600000.0,539400000.0,0.0,22400000.0,45500000.0,126500000.0,0.2039335805,80200000.0,0.1292922779,-21100000.0,59100000.0,0.0952764791,12000000.0,47100000.0,0.0759310011,0.23,0.23,201600000,207700000,https://www.sec.gov/Archives/edgar/data/1699150/000114036119008046/0001140361-19-008046-index.htm,https://www.sec.gov/Archives/edgar/data/1699150/000114036119008046/form10q.htm,3.0768849206349205,0.2336309523809523,0.3412698412698413,0.2708333333333333,1.3080357142857142,8.61954365079365,-4.369543650793651,8.61954365079365,8.288194444444445,5636736000.0,7021536000.0,29.918980891719745,9.087112687409318,81.92930232558139,103.23692307692308,3.243791218277033,3.243791218277033,11.319580847976786,55.50621343873518,102.05720930232556,128.59956043956043,0.0083558995844403,0.0096864568431092,0.9486677792484318,0.3609748620478234,10.94703557312253,2.269230769230769,3.580357142857143,1.4607218683651804,0.0189556509298998,2.268535031847134,0.014992745445752,0.0,0.5733993168082684,0.2063953488372093,0.0228921489601805,0.3120879120879121,0.0120909237465742,6.731294401899423,0.016072152494621,0.0241761626116415,-9.451512896825395,782100000.0,-880900000.0,-1430800000.0,3750200000.0,517650000.0,341200000.0,539500000.0,73.98194422053845,79.05592611595691,128.1657260133402,1.2165130417728969,1.1384345794392523,0.7022158169699153,0.0271047936928123,0.0704365079365079,2019-04-30,0.34,bmo,555005263.0,2025-04-25,2019-03-31,0.1176470588235293,25.16,1462369.491803279
2018-12-31,IR,USD,1699150,2019-02-27,2019-02-27 17:29:16,2018,Q4,712700000.0,443800000.0,268900000.0,0.3772976007,24000000,104200000.0,104200000.0,104200000.0,400000.0,134800000.0,578600000.0,0.0,23100000.0,45800000.0,178200000.0,0.2500350779,134100000.0,0.1881577101,-22700000.0,111400000.0,0.1563070015,16900000.0,94500000.0,0.1325943595,0.47,0.45,201063830,210000000,https://www.sec.gov/Archives/edgar/data/1699150/000114036119004014/0001140361-19-004014-index.htm,https://www.sec.gov/Archives/edgar/data/1699150/000114036119004014/h10061123x1_10k.htm,3.544645498894555,0.4699999995026455,0.727132274362823,0.6271640205003556,1.1001481469839702,8.33566136684057,-4.883523804356059,8.33566136684057,8.431153430231584,4111755323.5,5562655323.5,10.877659585978837,5.769265221692157,28.124181419288643,32.60710010705789,2.453314632159904,2.453314632159904,7.805044652027501,31.215798672839504,38.04825802667579,44.11304776764473,0.022982885061254,0.030668167261631,0.9976730310262528,0.3726460297296695,8.141975308641975,2.2320590207914157,5.805194805194805,1.547089947089947,0.0259168704156479,1.1276595756613756,0.1462045741546232,0.0336747579626771,0.5923424929241604,0.1374829001367989,0.0282026097937421,0.4388646288209607,-0.0046302792198681,9.388802844934972,0.0291727659800168,0.0516619287120052,-9.618338614160487,734800000.0,-981900000.0,-1479900000.0,3749300000.0,525200000.0,330000000.0,537000000.0,66.34769187596464,68.94997746732763,106.24380351509689,1.3564902931100111,1.3052941176470587,0.8471082267608322,0.0563842482100238,0.0999682538624674,2019-02-19,0.53,bmo,662685964.0,2025-04-25,2018-12-31,0.0754716981132074,24.54714285714286,1722424.0317460315
2018-09-30,IR,USD,1699150,2018-10-29,2018-10-29 08:01:52,2018,Q3,689300000.0,426900000.0,262400000.0,0.3806760482,0,1100000.0,107700000.0,107700000.0,2400000.0,144700000.0,571600000.0,0.0,24400000.0,44400000.0,168500000.0,0.2444508922,117700000.0,0.1707529378,-22900000.0,94800000.0,0.1375308284,22600000.0,72200000.0,0.1047439431,0.36,0.35,201900000,209100000,https://www.sec.gov/Archives/edgar/data/1699150/000114036118041472/0001140361-18-041472-index.htm,https://www.sec.gov/Archives/edgar/data/1699150/000114036118041472/form10q.htm,3.4140663694898463,0.3576027736503219,0.5141158989598811,0.45864289252105,1.33234274393264,8.04061416542843,-4.961862308073304,8.04061416542843,8.814759782070333,5655219000.0,7141519000.0,19.58178324099723,8.204292760771798,54.48187861271677,61.07147948164147,3.4835647406677346,3.4835647406677346,10.360538227187002,42.382902077151336,68.80076107899808,77.12223542116631,0.0127669679989404,0.0163742553559817,1.081249230011088,0.3886502524134266,8.820771513353115,2.398602590320382,4.823770491803279,1.437673130193906,0.0189218136379864,1.4820914127423823,0.0015958218482518,0.0,0.5812594101496767,0.1078998073217726,0.0162483679094733,0.2522522522522522,0.0013056724212969,8.043337824977185,0.0227658964570356,0.0381768189509306,-9.6840019811788,820700000.0,-1001800000.0,-1485500000.0,3792800000.0,510250000.0,315450000.0,552850000.0,68.54780211809081,67.46310611384399,115.97329585382994,1.3129523809523809,1.3340625,0.7760407198691147,0.0444745595663422,0.0554730064388311,2018-10-25,0.48,bmo,3948636734.0,2025-04-25,2018-09-30,0.0208333333333333,28.02857142857143,1429500.825396825
2018-06-30,IR,USD,1699150,2018-08-03,2018-08-03 16:19:32,2018,Q2,668200000.0,418900000.0,249300000.0,0.3730918887,0,-800000.0,115800000.0,115800000.0,2400000.0,147900000.0,566800000.0,0.0,26100000.0,45200000.0,148300000.0,0.2219395391,101400000.0,0.1517509728,-23900000.0,77500000.0,0.1159832386,17200000.0,60300000.0,0.0902424424,0.3,0.29,201800000,209600000,https://www.sec.gov/Archives/edgar/data/1699150/000114036118035393/0001140361-18-035393-index.htm,https://www.sec.gov/Archives/edgar/data/1699150/000114036118035393/form10q.htm,3.311199207135778,0.298810703666997,0.6655104063429138,0.61199207135778,1.6739345887016848,7.775520317145689,-5.44796828543112,7.775520317145689,9.601090188305252,5930902000.0,7504502000.0,24.58914593698176,8.875938341813828,44.16159344750558,48.0234979757085,3.779811356828755,3.779811356828755,11.230921879676744,50.60351989211058,55.87864482501862,60.7651983805668,0.0101670875694793,0.0208231395494311,1.218150532152189,0.4151066324979368,10.61092380310182,2.529926496324816,3.885057471264368,2.227197346600332,0.0153113303844845,1.5059701492537314,-0.0011972463334331,0.0,0.5795291664856882,0.0804169769173492,0.0161628255013469,0.2389380530973451,0.0026938042502244,7.230262491101208,0.0195233332348825,0.0311450854811218,-10.150024777006935,874200000.0,-1099400000.0,-1589900000.0,3896600000.0,518550000.0,297750000.0,561400000.0,66.73900029931158,66.79637144903319,119.36977798997376,1.34853683148335,1.3473785783210035,0.753959683225342,0.0384296730609903,0.0535183349851337,2018-08-01,0.41,bmo,4060584090.0,2025-04-25,2018-06-30,0.0731707317073171,31.480625,1557288.34375
2018-03-31,IR,USD,1699150,2018-04-27,2018-04-27 16:25:22,2018,Q1,619600000.0,387700000.0,231900000.0,0.374273725,0,2700000.0,106900000.0,106900000.0,2000000.0,142100000.0,529800000.0,0.0,26000000.0,45000000.0,136000000.0,0.2194964493,89800000.0,0.1449322143,-24000000.0,65800000.0,0.1061975468,23400000.0,42400000.0,0.068431246,0.21,0.2,201600000,209900000,https://www.sec.gov/Archives/edgar/data/1699150/000114036118020162/0001140361-18-020162-index.htm,https://www.sec.gov/Archives/edgar/data/1699150/000114036118020162/form10q.htm,3.0734126984126986,0.2103174603174603,0.2986111111111111,0.2485119047619047,1.7549603174603174,7.776289682539683,-5.901785714285714,7.776289682539683,10.322916666666666,6185088000.0,7886388000.0,36.46867924528302,9.98238863783086,102.74232558139536,123.4548502994012,3.945326274159597,3.945326274159597,12.728192382182051,57.98814705882353,131.00312292358805,157.4129341317365,0.0068551975331636,0.008100127273856,1.31090132040569,0.4303513841772417,12.509558823529412,2.4765177548682704,3.453846153846154,1.419811320754717,0.0146675358539765,2.139622641509434,0.0043576500968366,0.0,0.577438539179964,0.1677740863787375,0.0163008392511297,0.2244444444444444,0.0054874112330535,6.066177847401431,0.0138254517113549,0.0210119431091729,-10.734623015873016,902300000.0,-1189800000.0,-1694300000.0,4025100000.0,538949999.5,277150000.0,530850000.0,78.67010974822466,66.06654629868454,131.66881609491875,1.144017725258493,1.3622628250175686,0.6835331452750353,0.0270459909421445,0.0500992063492063,2018-04-26,0.3,bmo,2582907894.0,2025-04-25,2018-03-31,0.2666666666666667,33.33262295081967,714373.6885245901
2017-12-31,IR,USD,1699150,2018-02-16,2018-02-16 16:48:42,2017,Q4,665000000.0,411500000.0,253500000.0,0.3812030075,26000000,156200000.0,107500000.0,107500000.0,1200000.0,174200000.0,585700000.0,0.0,25200000.0,46900000.0,129900000.0,0.1953383459,77700000.0,0.1168421053,-24100000.0,53700000.0,0.0807518797,-90100000.0,143600000.0,0.2159398496,0.71,0.69,202535211,208405797,https://www.sec.gov/Archives/edgar/data/1699150/000114036118008833/0001140361-18-008833-index.htm,https://www.sec.gov/Archives/edgar/data/1699150/000114036118008833/form10k.htm,3.283379698357734,0.709012518322061,0.5757023651556568,0.474979138318818,1.9418845644572884,7.291571636894288,-5.836022260840363,7.291571636894288,10.1977329759219,6872019709.23,8518919709.23,11.96382261356198,10.333864224406014,58.9367041957976,71.43471631216215,4.653317787940141,4.653317787940141,12.810405577789473,65.5805982234796,73.06106097109776,88.55425893170478,0.0208963312208093,0.0139987957064196,1.3815005417118094,0.4414870596381892,12.678214010777522,2.6051975792096838,3.083333333333333,0.8119777158774373,0.013262599469496,0.6346855497910864,0.2348872180451127,0.0390977443609022,0.5753483943564442,0.1749571183533447,0.0306766917293233,0.4349680170575693,0.0135338345864661,10.78521442985734,0.0509933476520307,0.0731757032205462,-10.376590768456552,901800000.0,-1182000000.0,-1680800000.0,3923800000.0,533949999.5,266650000.0,501050000.0,72.58195475187969,58.98663426488457,108.15309842041312,1.2399776267760163,1.5257693733778273,0.8321536905965622,0.097237269772481,0.1007232268368387,2018-02-15,0.48,bmo,3618100000.0,2025-04-25,2017-12-31,0.0,29.81619047619048,934672.492063492
2017-09-30,IR,USD,1699150,2017-10-27,2017-10-27 13:38:28,2017,Q3,649600000.0,395700000.0,253900000.0,0.3908559113,0,9800000.0,111100000.0,111100000.0,700000.0,158000000.0,553700000.0,0.0,30100000.0,43400000.0,143900000.0,0.221520936,95900000.0,0.1476293103,-63600000.0,32400000.0,0.0498768473,4400000.0,28000000.0,0.0431034483,0.14,0.13,201300000,208100000,https://www.sec.gov/Archives/edgar/data/1699150/000114036117039786/0001140361-17-039786-index.htm,https://www.sec.gov/Archives/edgar/data/1699150/000114036117039786/form10q.htm,3.2270243417784403,0.1390958768007948,0.3174366616989568,0.2697466467958271,1.5052160953800298,6.317933432687531,-6.92896174863388,6.317933432687531,10.224043715846994,5539776000.0,7264776000.0,49.46228571428571,8.527980295566502,86.69446009389671,102.02165745856354,4.3558546941342975,4.3558546941342975,11.183460591133004,50.484892286309936,113.68976525821596,133.7896132596685,0.0050543559884009,0.0098018403632204,1.5945903443937726,0.4454597372929754,11.987491313412091,2.5078627591136526,3.186046511627907,2.274021352313168,0.0163517441860465,3.2351785714285715,0.0150862068965517,0.0,0.5857312305056451,0.1502347417840375,0.0147783251231527,0.2211981566820276,0.0150862068965517,4.446680338606135,0.02064635739266,0.0148462354188759,-11.551415797317436,843800000.0,-1394800000.0,-1877400000.0,3862400000.0,503400000.0,255000000.0,496700000.0,73.65147783251231,59.95451099317665,115.45109931766488,1.2219714070729872,1.5011380880121397,0.7795508274231678,0.0220160402579021,0.0476900149031296,2017-10-25,0.37,bmo,3222878048.0,2025-04-25,2017-09-30,0.108108108108108,23.54634920634921,685285.9841269841
2017-06-30,IR,USD,1699150,2017-08-04,2017-08-04 06:16:38,2017,Q2,579100000.0,363200000.0,215900000.0,0.3728198929,0,156200000.0,125600000.0,125600000.0,1300000.0,317500000.0,680700000.0,0.0,39500000.0,30500000.0,-111597000.0,-0.1927076498,-101600000.0,-0.1754446555,-88600000.0,-190200000.0,-0.3284406838,-43900000.0,-146300000.0,-0.2526333966,-0.83,-0.83,176265060,176900000,https://www.sec.gov/Archives/edgar/data/1699150/000114036117030148/0001140361-17-030148-index.htm,https://www.sec.gov/Archives/edgar/data/1699150/000114036117030148/form10q.htm,3.2853930325159166,-0.8300000011346548,0.128136568869633,0.0690777854669552,1.3939234468816453,6.858988389417619,-8.231353394711352,6.858988389417619,11.471360234410607,3809087946.6,5545887946.6,-6.50903613568011,6.577599631497151,168.64818677942088,312.83573805847567,3.1506103776674936,3.1506103776674936,9.576736222759456,-49.695672344238645,245.5453797308067,455.4769995565046,-0.0384081444301089,0.0031965657319275,1.6397849462365592,0.4482353207171765,-15.563142378379348,2.529458757739165,-2.572151898734177,-0.1544521414455013,0.0185099490976399,-0.4819277101845522,0.2697288896563633,0.0,0.6013927513622284,0.4609049853891791,0.0179761699188395,0.2374706298332458,0.2697288896563633,,-0.0198950477632499,-0.0829835507657402,-13.439419020422992,765800000.0,-1450900000.0,-1947400000.0,3781900000.0,455509000.0,232019500.0,474471500.0,73.85252978760145,61.05726872246696,120.37995594713657,1.2186447811447811,1.474025974025974,0.7476327706875258,-0.1210090984284532,0.0590587834026777,2017-08-02,0.18,bmo,526454545.0,2025-04-25,2017-06-30,0.3333333333333333,22.332,1446685.4285714286
2017-03-31,IR,USD,1699150,2017-03-31,2017-03-30 20:00:00,2017,Q1,481667000.0,307117000.0,174550000.0,0.3623872925,0,0.0,102413000.0,102413000.0,626000.0,135576000.0,442693000.0,0.0,45863000.0,39663000.0,71852000.0,0.1491735992,36651000.0,0.0760919889,-45400000.0,-8586000.0,-0.0178255932,-1619000.0,-7015000.0,-0.0145640038,-0.037,-0.037,189732248,189732248,,,2.538667016689751,-0.0369731559813701,-0.0136297336233532,-0.1000146269283648,1.1889228234938745,1.495149100852903,-12.338292644906629,1.495149100852903,14.902137247643848,4003350432.8,6559326432.8,-142.67107743406987,8.311448433876517,-1548.0860142304718,-210.9691416947724,14.112304911907165,14.112304911907165,13.617969329017766,91.28940645771864,-2536.4758054137665,-345.66433562394604,-0.0017522822739985,-0.0047400297122447,9.80531800139595,0.6449877764217924,35.572788509714414,2.4472179231463165,0.7991409196956152,0.3711784125161475,0.0,0.0,0.0,0.0,0.6086050373246376,-6.337973704563032,0.0340276581123473,0.4132314751783778,0.0,,0.0077170367484101,-0.004156010040778,-17.102401063629415,699452000.0,-2340972000.0,-2846129000.0,3678302000.0,438698000.0,216269500.0,453546000.0,81.43306475220432,63.77865764513199,135.72309575829408,1.105202171548674,1.411130358070015,0.6631148478979495,-0.024728741742398,0.0863848933050116,2017-03-30,,amc,,2025-04-25,2017-03-31,,,
2016-12-31,IR,USD,1699150,2016-12-31,2016-12-30 19:00:00,2016,Q4,577836000.0,355605000.0,222231000.0,0.3845918219,22000000,0.0,104039000.0,104039000.0,244000.0,132904000.0,488509000.0,0.0,41638000.0,45825000.0,92613000.0,0.1602755782,38544000.0,0.0667040475,-41350000.0,-2850000.0,-0.0049321953,1440000.0,-10220000.0,-0.0176866793,-0.0539,-0.0539,189732248,189732248,,,3.045533935801994,-0.0538653819144123,0.3101423222477182,0.1619545455446245,1.348231535210609,1.4323237239038036,-12.400717457371822,1.4014907998138513,14.86250771666396,4003350432.8,6525806432.8,-97.92931587084148,6.928177601949343,68.03328177554212,130.28346891434524,15.055396726687428,15.055396726687428,11.293526939823757,70.46318015033721,110.90011611719122,212.37328927362665,-0.0025528617021048,0.0076755708788921,10.448196368668864,0.6437192941156844,27.236522164669346,2.38729614802882,0.925692876699169,-13.716550116550115,0.0,0.0,0.0,0.0380730864812853,0.6081106630571081,0.4778057236081843,0.0486574045230826,0.6135515548281506,0.0,,0.0150989972210989,-0.00604242467958,-17.05155045651491,690664000.0,-2352816000.0,-2855677000.0,3673629000.0,,,,68.77733474549872,54.388999029822415,112.35896570633147,1.308570626254025,1.654746393671475,0.8010041693978363,-0.038434345713555,0.1481877767030937,2017-05-15,,bmo,,2025-04-25,2016-12-31,,,
2016-09-30,IR,USD,1699150,2016-09-30,2016-09-29 20:00:00,2016,Q3,462600000.0,298400000.0,164200000.0,0.354950281,0,0.0,100900000.0,100900000.0,700000.0,144000000.0,442400000.0,0.0,43000000.0,42900000.0,61500000.0,0.1329442261,20200000.0,0.0436662343,-42300000.0,-22100000.0,-0.0477734544,-9100000.0,-12900000.0,-0.0278858625,-0.068,-0.068,189732248,189732248,,,2.4381727664977646,-0.0679905505573306,0.1992281248889224,0.0922352430041307,,,,,,4003350432.8,,-77.5843107131783,8.654021687851277,105.90874160846562,228.76288187428577,0.0,0.0,,,,,-0.003222300974281,0.0043713385310014,0.0,0.0,,0.0,0.4697674418604651,-2.907692307692308,0.0,0.0,0.0,0.0,0.0,0.5370370370370371,0.0438824038045827,0.4731934731934732,0.0,,0.0,0.0,,,,,,,,,,,,0.0,0.0,0.0,0.0,0.1069928818847916,2016-09-29,,amc,,2025-04-25,2016-09-30,,,
2016-06-30,IR,USD,1699150,2016-06-30,2016-06-29 20:00:00,2016,Q2,462000000.0,290500000.0,171500000.0,0.3712121212,0,0.0,106400000.0,106400000.0,1700000.0,139100000.0,429600000.0,0.0,42700000.0,42757000.0,75157000.0,0.1626774892,26000000.0,0.0562770563,-41000000.0,-15000000.0,-0.0324675325,-10900000.0,-3900000.0,-0.0084415584,-0.0206,-0.0206,189732248,189732248,,,2.435010415309052,-0.0205552827266348,0.2016420529629733,0.1209124977004436,,,,,,4003350432.8,,-256.6250277435898,8.665260677056278,104.6408707407601,174.5063612222658,0.0,0.0,,,,,-0.0009741840154803,0.0057304501279831,0.0,0.0,,0.0,0.6088992974238876,-9.319853836784407,0.0,0.0,0.0,0.0,0.0,0.4003607088713471,0.0331536796536796,0.3582337395046425,0.0,,0.0,0.0,,,,,,,,,,,,0.0,0.0,0.0,0.0,0.0807295552625297,2016-06-29,,amc,,2025-04-25,2016-06-30,,,
2016-03-31,IR,USD,1699150,2016-03-31,2016-03-30 20:00:00,2016,Q1,437050000.0,278243000.0,158807000.0,0.3633611715,0,0.0,103077000.0,103077000.0,363000.0,134954000.0,413197000.0,0.0,43041000.0,41243000.0,65096000.0,0.1489440567,19557000.0,0.0447477405,-42678000.0,-23121000.0,-0.0529024139,-13226000.0,-9620000.0,-0.0220112115,-0.0507,-0.0507,189732248,189732248,,,2.303509311711734,-0.0507030307256993,0.1620283337390278,0.1057226708239919,1.2033905801822369,0.0,0.0,2.1374068155245807,0.2268512625223309,4003350432.8,4231672432.8,-104.03717340956342,9.159936924379362,130.22413742762345,199.5787642853582,9.871775390040318,9.871775390040318,9.682353123898867,65.00664300110606,137.65117535619024,210.9612858467521,-0.0024029872381848,0.0050105531196204,0.0,0.0,3.5074658965220595,0.0,0.4543807067679654,-3.1068216270843863,0.0,0.0,0.0,0.0,0.0,0.3475050419621365,0.0244434275254547,0.2590257740707514,0.0,,0.0,0.0,1.2033905801822369,228322000.0,0.0,228322000.0,228322000.0,,,,0.0,0.0,0.0,0.0,0.0,0.0,-0.0237217502804936,0.0563056629150359,2016-03-30,,amc,,2025-04-25,2016-03-31,,,
2015-09-30,IR,USD,1699150,2015-09-30,2015-09-29 20:00:00,2015,Q3,3486900000.0,2379400000.0,1107500000.0,0.3176173679,0,0.0,0.0,632100000.0,0.0,619900000.0,2999300000.0,55800000.0,0.0,89733244.0,565133244.0,0.1620732582,475400000.0,0.1363388683,-43600000.0,431800000.0,0.123834925,113800000.0,312900000.0,0.0897358685,1.9,1.9,164288793,164288775,,,21.224210953938897,1.90457300395408,0.0,0.0,3.9655778589839663,35.28359965490768,-23.95233374196133,35.28359965490768,27.82660896413062,3466493532.3,7386593532.3,2.7696496742569514,0.9941476762453756,0.0,0.0,0.5980115466213536,0.5980115466213536,2.1183841040178955,13.070534446032342,0.0,0.0,0.0902641234101459,0.0,0.7886556144012973,0.2564841983606465,6.9365942308642525,1.2201940035273369,0.0,0.0,0.0,0.0,0.0,0.0,0.5459911019350205,0.0,0.0,0.0,0.0,38.884499561700224,0.0247863243350969,0.0386663865650062,-53.74773189793901,998800000.0,-3935100000.0,-6492600000.0,12310200000.0,,,,60.45943388109782,50.7153063797596,59.6835336639489,1.4886014344262295,1.7746121718377088,1.507953609227454,0.0539789880449221,0.0,2015-09-29,,amc,,2025-04-25,2015-09-30,,,
2014-09-30,IR,USD,1699150,2014-09-30,2014-09-29 20:00:00,2014,Q3,3385000000.0,2327000000.0,1058000000.0,0.3125553914,0,0.0,0.0,618000000.0,0.0,608400000.0,2935400000.0,52300000.0,0.0,-440000000.0,0.0,0.0,440000000.0,0.129985229,-42700000.0,397300000.0,0.1173707533,94100000.0,298300000.0,0.0881240768,1.79,1.79,166309479,166309472,,,20.35362037301553,1.7936440051020783,0.0,0.0,,,,,,3509130006.9,,2.9409403343110965,1.0366706076514032,0.0,0.0,0.0,0.0,,0.0,0.0,0.0,0.0850068248863544,0.0,0.0,0.0,0.0,0.0,0.0,0.0,0.0,0.0,0.0,0.0,0.0,0.0,0.0,0.0,0.0,,0.0,0.0,,,,,,,,,,,,0.0,0.0,0.0,0.0,0.0,2014-09-29,,amc,,2025-04-25,2014-09-30,,,
2013-03-31,IR,USD,1699150,2013-03-31,2013-03-30 20:00:00,2013,Q1,513541000.0,339595000.0,173946000.0,0.338718817,0,0.0,0.0,102462000.0,0.0,109261000.0,448856000.0,2677000.0,0.0,14896000.0,86357000.0,0.1681598938,71461000.0,0.1391534464,-9453000.0,62008000.0,0.120745958,16122000.0,45683000.0,0.08895687,1.52,1.51,30102888,30222889,,,17.05952598302196,1.5175620359083155,1.262636329112343,1.0356149217310977,7.487686895689211,48.76804511248224,15.726663833715888,48.71665469439344,10.766176321687142,635170936.8000001,733862936.8000001,3.475969927544164,1.236845620505471,16.711066768396957,20.37436846190858,0.4331167674045627,0.4331167674045627,1.4290250180608757,8.498013326076636,19.307609692441265,23.54011024218124,0.0719223713700623,0.0490812759114264,0.2209958050121649,0.1319918286292835,1.1428372917076786,1.5424924882760944,0.0,0.832016286145831,0.0038761219340475,0.0538931331129741,0.0,0.0,0.4050827522336465,0.1797995211660396,0.0133076034824872,0.458780880773362,0.0044183424497751,40.78525809425493,0.0258067003114718,0.0312734252899687,-8.449106278440793,386374000.0,473418000.0,111251000.0,1676513000.0,436734500.0,199295500.0,357707500.0,75.12323261433849,53.05811334089135,98.64579867194746,1.19803151259524,1.696253302897559,0.912355125222316,0.0311507849918718,0.2270214073812453,2013-03-30,,amc,,2025-04-25,2013-03-31,,,
2012-12-31,IR,USD,1699150,2012-12-31,2012-12-30 19:00:00,2012,Q4,589671000.0,387643000.0,202028000.0,0.3426113884,39500000,0.0,0.0,96924000.0,0.0,105471000.0,493114000.0,3166000.0,0.0,14923000.0,119602000.0,0.2028283568,104679000.0,0.1775210244,-11288000.0,93391000.0,0.1583781465,23987000.0,69064000.0,0.117122938,2.29,2.29,30193100,30197783,,,19.52999195180356,2.28741003739265,2.862342720687839,2.4412531339941905,8.41251809188192,48.162096637973576,14.358876696993685,48.07770649585501,0.0,637074410.0,383074410.0,2.306101623132167,1.080389590127376,7.371584069055692,8.64310206352006,0.4388728485169966,0.4388728485169966,0.6496409184104357,3.202909733950938,4.432551635559978,5.197118533693308,0.1084080586442013,0.1156992006632317,0.0,0.0,-2.1237103058477285,1.4497108780415513,0.0,1.2513465770879184,0.0038629710460352,0.0356336151974979,0.0,0.066986506034721,0.409857553152528,0.1471136155884428,0.0215611756386188,0.8519734637807411,0.0023674218335309,49.74336276632614,0.0468980126270481,0.0469961240310077,-9.168295074040095,342896000.0,433539000.0,69348000.0,1658764000.0,222407500.0,197161000.0,348284000.0,67.89099345228102,46.06021519800436,79.6808661577792,1.3256544855726538,1.9539639494324248,1.1295057940483162,0.0475773534993782,0.4210895866936485,2012-12-30,,amc,,2025-04-25,2012-12-31,,,
2012-09-30,IR,USD,1699150,2012-09-30,2012-09-29 20:00:00,2012,Q3,548484000.0,360562000.0,187922000.0,0.342620751,0,0.0,0.0,96793000.0,0.0,97618000.0,262944000.0,0.0,3739000.0,14358000.0,103464000.0,0.1886363139,89106000.0,0.1624587044,-2541000.0,86565000.0,0.1578259348,22194000.0,64103000.0,0.1168730519,2.12,2.13,30194549,30145735,,,18.16500057675973,2.1229990552268228,2.901483973150253,2.613650563219209,8.244302638863724,45.30009704731805,11.73277997959168,38.42528000666611,0.1238302979786186,637104983.9000001,388171983.9000001,2.48469258006166,1.1615744194908149,7.272140806309855,8.072999618591451,0.5491176641091366,0.5491176641091366,0.7077179715360887,3.751758910345629,4.43073181864877,4.918674876454042,0.1006160689680958,0.1238696949392989,0.0,0.0,-2.405986623366581,2.168737502184084,23.831505750200588,1.3666911278207123,0.0037356480645167,0.0371277481105057,0.0,0.0,0.412476818399913,0.0992021367667705,0.0158454941256262,0.6053071458420393,6.016583893057957e-05,42.84248762498521,0.0347216966239311,0.0444025292326064,-21.983918355594582,602005000.0,354266000.0,27682000.0,1908332000.0,,,,0.0,48.90715050393552,88.20505211309012,0.0,1.8402217073096043,1.0203497174357827,0.0552500607636045,0.2878334099310441,2012-09-29,,amc,,2025-04-25,2012-09-30,,,
