date,symbol,reportedCurrency,cik,fillingDate,acceptedDate,calendarYear,period,revenue,costOfRevenue,grossProfit,grossProfitRatio,researchAndDevelopmentExpenses,generalAndAdministrativeExpenses,sellingAndMarketingExpenses,sellingGeneralAndAdministrativeExpenses,otherExpenses,operatingExpenses,costAndExpenses,interestIncome,interestExpense,depreciationAndAmortization,ebitda,ebitdaratio,operatingIncome,operatingIncomeRatio,totalOtherIncomeExpensesNet,incomeBeforeTax,incomeBeforeTaxRatio,incomeTaxExpense,netIncome,netIncomeRatio,eps,epsdiluted,weightedAverageShsOut,weightedAverageShsOutDil,link,finalLink,revenuePerShare,netIncomePerShare,operatingCashFlowPerShare,freeCashFlowPerShare,cashPerShare,bookValuePerShare,tangibleBookValuePerShare,shareholdersEquityPerShare,interestDebtPerShare,marketCap,enterpriseValue,peRatio,priceToSalesRatio,pocfratio,pfcfRatio,pbRatio,ptbRatio,evToSales,enterpriseValueOverEBITDA,evToOperatingCashFlow,evToFreeCashFlow,earningsYield,freeCashFlowYield,debtToEquity,debtToAssets,netDebtToEBITDA,currentRatio,interestCoverage,incomeQuality,dividendYield,payoutRatio,salesGeneralAndAdministrativeToRevenue,researchAndDdevelopementToRevenue,intangiblesToTotalAssets,capexToOperatingCashFlow,capexToRevenue,capexToDepreciation,stockBasedCompensationToRevenue,grahamNumber,roic,returnOnTangibleAssets,grahamNetNet,workingCapital,tangibleAssetValue,netCurrentAssetValue,investedCapital,averageReceivables,averagePayables,averageInventory,daysSalesOutstanding,daysPayablesOutstanding,daysOfInventoryOnHand,receivablesTurnover,payablesTurnover,inventoryTurnover,roe,capexPerShare,report_date,epsEstimated,time,revenueEstimated,updatedFromDate,fiscalDateEnding,surprise(%),QuarterAvgPrice,QuarterAvgVolume
2025-03-31,IRM,USD,1020569,2025-05-01,2025-05-01 16:02:11,2025,Q1,1592529000.0,710204000.0,882325000.0,0.5540401462,0,0.0,0.0,329737000.0,298294000.0,628031000.0,1338235000.0,0.0,198201000.0,232154000.0,457679000.0,0.2873913128,254294000.0,0.1596793528,-223226000.0,31068000.0,0.0195085929,14835000.0,15952000.0,0.0100167721,0.05,0.05,294507000,297260000,https://www.sec.gov/Archives/edgar/data/1020569/000102056925000110/0001020569-25-000110-index.htm,https://www.sec.gov/Archives/edgar/data/1020569/000102056925000110/irm-20250331.htm,5.407440230622702,0.05416509624559,0.6699297470009202,-1.6212449958744617,0.5274509604185978,-1.4398231620980146,-23.20094598770148,-2.3718281738634395,58.86677396462563,25339382280.0,42322520280.0,397.1192057422267,15.91141026631226,128.431377148389,-53.07032571816331,-36.27581498024395,-36.27581498024395,26.5756669297702,92.4720607237824,214.5095529120776,-88.63949056271834,0.0006295338940677,-0.0188429218488431,-24.5354120139724,0.8851564400056667,37.10709471048486,0.6161270099626494,1.2830106810762811,12.154192077866076,0.0088194336203842,14.00946589769308,0.0,0.0,0.3309975314128069,3.420022402546389,0.4237078257287622,2.811412024498979,0.0163852589183619,,0.0076988999278867,0.0012315023742241,-63.31505787638324,-1090549000.0,-6832841000.0,-18035763000.0,15953925000.0,1301729000.0,693148500.0,0.0,74.15068108649827,89.66760254800029,0.0,1.2137447516498625,1.0037069960894935,0.0,-0.0228368550649945,2.291174742875381,2025-05-01,1.16,bmo,1668470100.0,2025-05-12,2025-03-31,0.0086206896551724,96.3595,2140085.9166666665
2024-12-31,IRM,USD,1020569,2025-02-14,2025-02-14 16:24:45,2024,Q4,1581279000.0,688933000.0,892346000.0,0.5643191366,0,239270000.0,94037000.0,333307000.0,276601000.0,609908000.0,1298841000.0,10298000.0,204750000.0,260189000.0,589168000.0,0.3725895304,282438000.0,0.1786136412,-158209000.0,124229000.0,0.0785623536,18544000.0,103932000.0,0.0657265416,0.35,0.35,293365000,296234000,https://www.sec.gov/Archives/edgar/data/1020569/000102056925000040/0001020569-25-000040-index.htm,https://www.sec.gov/Archives/edgar/data/1020569/000102056925000040/irm-20241231.htm,5.390141973309699,0.3542753907248649,1.471136638658327,-0.826894823854243,0.5307926985155011,-0.7720859679920917,-22.446614285957764,-1.715003493940995,56.496385049341264,30835595150.0,47049191150.0,74.17252422256861,19.500414000312404,71.44815596181472,-127.114110486351,-61.28850487555702,-61.28850487555702,29.753883501899413,79.85700368994921,109.0161526252375,-193.95169942534892,0.0033705203189502,-0.007866947234842,-32.53547250964975,0.8745638417031685,27.519478315183445,0.5478041314751683,1.3794285714285714,4.083644793490088,0.0068113814239126,2.0208694146172497,0.1513142209565801,0.0,0.3397183807440409,1.5620788729783586,0.4263396908451956,2.5910472771715947,0.028234739094113,,0.0144221296429542,0.0084097128736689,-60.74128730421148,-1396053000.0,-6585051000.0,-17252396000.0,15083987000.0,1267421500.0,632754500.0,0.0,73.50006545334504,88.6652838519856,0.0,1.224488705484602,1.015053424407263,0.0,-0.2065741510011488,2.298031462512569,2025-02-13,1.2,bmo,1621607550.0,2025-05-12,2024-12-31,0.0333333333333333,117.49515625,1522414.09375
2024-09-30,IRM,USD,1020569,2024-11-06,2024-11-06 16:10:49,2024,Q3,1557358000.0,678390000.0,878968000.0,0.5643968824,0,252463000.0,89466000.0,341929000.0,285875000.0,627804000.0,1306194000.0,0.0,186067000.0,678390000.0,843237000.0,0.5414535386,251164000.0,0.161275699,-272429000.0,-21265000.0,-0.0136545354,12400000.0,-33620000.0,-0.021587843,-0.11,-0.11,293603000,293603000,https://www.sec.gov/Archives/edgar/data/1020569/000102056924000255/0001020569-24-000255-index.htm,https://www.sec.gov/Archives/edgar/data/1020569/000102056924000255/irm-20240930.htm,5.304298661798415,-0.1145083667401218,0.8614114978389186,-0.3027796037506429,0.5739553069961819,-0.1085513431402267,-22.163581434794605,-0.8821878523039615,54.51913297888645,34888844490.0,50541243490.0,-259.4351910321237,22.402584691509595,137.94800777342405,-392.4636882009517,-134.69920231803036,-134.69920231803036,32.453195405295375,59.93717482748029,199.8364793031596,-568.5371102511896,-0.0009636317995465,-0.0025480064272544,-61.08154416959766,0.856590784795948,18.562277271988776,0.7453601617650184,1.3498578469046096,-7.9375137306593855,0.0054683668315436,-5.674747174301011,0.1621098039114962,0.0,0.3505984337855405,1.3514924104336274,0.219480684595321,1.553703005040978,0.0189827900842323,,0.0243938278299515,-0.0028030200581847,-59.26501772802049,-587215000.0,-6507294000.0,-16782654000.0,15674050000.0,1258682000.0,557380500.0,0.5,71.86000906663722,77.84809622783354,0.0,1.2524351328225023,1.1560976357932014,0.0,0.1298004347272144,1.1641911015895614,2024-11-06,1.11,bmo,1599350000.0,2025-04-25,2024-09-30,0.0180180180180178,106.960625,1732829.890625
2024-06-30,IRM,USD,1020569,2024-08-01,2024-08-01 16:01:58,2024,Q2,1534409000.0,900472000.0,633937000.0,0.4131473421,0,250570000.0,94268000.0,344838000.0,-4820000.0,569339000.0,1249487000.0,0.0,176521000.0,224501000.0,509423000.0,0.3319994864,284922000.0,0.1856884312,-236982000.0,47940000.0,0.0312432995,13319000.0,35783000.0,0.0233203794,0.12,0.12,293340000,295838000,https://www.sec.gov/Archives/edgar/data/1020569/000102056924000210/0001020569-24-000210-index.htm,https://www.sec.gov/Archives/edgar/data/1020569/000102056924000210/irm-20240630.htm,5.230820890434308,0.1219847276198268,1.3028465262153133,-0.1406081679961819,0.4988409320242721,0.1776505079430013,-21.58586963932638,-0.4529692506988477,54.10876457353242,26309664600.0,41861152600.0,183.81399407539897,17.146448306807375,68.84156974386214,-637.8719051544392,-198.00461038276865,-198.00461038276865,27.28161305101834,82.17366039617372,109.5334167152916,-1014.9142365320272,0.0013600705498921,-0.0015677128776472,-118.12502069629876,0.8735905636431903,30.52765187280512,0.7941057628237029,1.6140969063170951,10.680406897129922,0.0072481349686229,5.329234552720566,0.1633006584294018,0.0,0.3553255663988079,1.107923815404904,0.2759518485618893,1.886062868316845,0.0194791610320325,,0.0129132458031405,0.0030893159638198,-57.315971229631145,-444335000.0,-6331999000.0,-16201083000.0,15326261000.0,1270980500.0,526434500.0,0.5,74.7199736185072,52.76912552528008,9.994758304533625e-08,1.2044972132820473,1.7055427601672828,900472000.0,-0.2693002393244728,1.4434546942114952,2024-08-01,1.06,bmo,1504930000.0,2025-04-25,2024-06-30,0.0188679245283019,80.93253968253968,1664695.396825397
2024-03-31,IRM,USD,1020569,2024-05-02,2024-05-02 16:02:18,2024,Q1,1476863000.0,868910000.0,607953000.0,0.4116515885,0,235042000.0,84423000.0,319465000.0,-323641000.0,323641000.0,1192551000.0,3660000.0,168179000.0,215655000.0,499967000.0,0.3385330935,284312000.0,0.1925107474,-190678000.0,93634000.0,0.0634005998,16609000.0,74061000.0,0.0501475086,0.25,0.25,292746000,295221000,https://www.sec.gov/Archives/edgar/data/1020569/000102056924000128/0001020569-24-000128-index.htm,https://www.sec.gov/Archives/edgar/data/1020569/000102056924000128/irm-20240331.htm,5.04486141569825,0.2529872312516653,0.444200774733045,-0.9520095919329384,0.658389866983665,0.6759511658570911,-21.31618877798501,0.0633142724409556,53.63835885033442,23285016840.0,38627597840.0,78.60080487706081,15.76653815553643,179.06317261108293,-83.54957835929342,1256.2728265443757,1256.2728265443757,26.155166620058868,77.26029485946073,297.04853842722895,-138.60069480475212,0.0031806290074385,-0.011968941311704,838.1028324790936,0.871263199150893,30.68718735436539,0.8551682736737202,1.6905321116191676,1.755822902742334,0.0085038804721774,2.673647398765882,0.1591494945705864,0.0,0.3610920541150884,3.14319660406958,0.2767589139954078,1.895318912151353,0.0095059595913771,0.6003318298073967,0.0146915164438979,0.0065014578923042,-56.32147749243372,-293853000.0,-6240229000.0,-15896600000.0,15360200000.0,1263943500.0,532247500.0,0.0,77.27561053394933,54.368219953735135,0.0,1.1646624255457745,1.6553788238163003,0.0,3.995737793363906,1.3962103666659835,2024-05-02,1.05,bmo,1453290000.0,2025-04-25,2024-03-31,0.0476190476190476,72.37918032786885,1518539.5573770492
2023-12-31,IRM,USD,1020569,2024-02-22,2024-02-22 16:41:51,2023,Q4,1419829000.0,601329000.0,818500000.0,0.5764778716,0,223149000.0,91783000.0,314932000.0,-4139000.0,514873000.0,1116202000.0,3215000.0,164255000.0,199941000.0,503568000.0,0.3546680621,230757000.0,0.1625245012,-192545000.0,38212000.0,0.0269131001,9018000.0,28482000.0,0.0200601622,0.0974,0.0965,292328000,295014000,https://www.sec.gov/Archives/edgar/data/1020569/000102056924000040/0001020569-24-000040-index.htm,https://www.sec.gov/Archives/edgar/data/1020569/000102056924000040/irm-20231231.htm,4.856972305081963,0.0974316521168003,1.529764511097124,0.2401035822774417,0.762119947456282,1.3331600120412688,-20.21003119783257,0.7240086478202566,51.14670507101612,20457113440.0,35021683440.0,179.56177094305176,14.408152981802738,45.74560299468015,291.45754234994087,96.6563040520109,96.6563040520109,24.66612770974533,69.54707892479269,78.31447146981282,498.9625645044095,0.0013922785383938,0.0034310314700977,69.86770014363472,0.8462588164842431,28.922747275442443,0.7761176609480062,1.4048704757846031,15.31797629649928,0.0092868918460668,6.670282985745383,0.1571661094399396,0.0,0.3604068536429565,0.8430453965066538,0.265527750172732,1.738948339483395,0.0145116066793958,1.2598335488625116,0.0112650501160596,0.0025484685030337,-54.44713985659944,-500643000.0,-5907958000.0,-15348537000.0,14807928000.0,1213740000.0,493956500.0,0.0,79.85774343248377,80.76021612129135,0.0,1.1270040465905609,1.1144100935147536,0.0,0.1345724977320834,1.289660928819682,2024-02-22,1.05,bmo,1448530000.0,2025-04-25,2023-12-31,0.0571428571428571,62.72984126984127,1510022.6825396826
2023-09-30,IRM,USD,1020569,2023-11-02,2023-11-02 16:02:31,2023,Q3,1388175000.0,592201000.0,795974000.0,0.5733960055,0,225058000.0,89972000.0,315030000.0,-13039000.0,513787000.0,1105988000.0,4059000.0,152801000.0,198757000.0,475674000.0,0.342661408,237833000.0,0.1713278225,-136530000.0,101303000.0,0.0729756695,9912000.0,91043000.0,0.0655846705,0.31,0.31,292148000,294269000,https://www.sec.gov/Archives/edgar/data/1020569/000102056923000214/0001020569-23-000214-index.htm,https://www.sec.gov/Archives/edgar/data/1020569/000102056923000214/irm-20230930.htm,4.751615619480537,0.3116331448443939,0.7540013965524324,-0.4943556005860043,0.5970946232731356,1.4578261702972466,-20.076512589509427,0.8985377274532087,48.90752974519764,17368198600.0,31333132600.0,47.69229539887746,12.511533920435104,78.84600780824405,-120.25756344123248,66.1630537968656,66.1630537968656,22.57145720100132,65.87102217064628,142.2422943526421,-216.9508921585598,0.0052419368350612,-0.0083154852916064,53.848049187447145,0.8375602701867723,29.358203307307104,0.8120593304434115,1.5564885046563832,2.4103029838824392,0.0103987180340049,1.9837549289895984,0.1621250922974408,0.0,0.372770312683868,1.655642818231342,0.2627226394366704,1.9128352791851548,0.0131921407603508,2.5100434457934213,0.0143102397737636,0.0086005616631638,-52.71587174993496,-374244000.0,-5865313000.0,-14833973000.0,14428968000.0,1174904000.0,465281500.0,0.0,75.70289048570966,68.13347157468495,0.0,1.1888581720269875,1.3209366544804035,0.0,0.3468225488179318,1.2483569971384367,2023-11-02,1.0,bmo,1413610000.0,2025-04-25,2023-09-30,-0.01,61.10761904761905,1431987.8412698412
2023-06-30,IRM,USD,1020569,2023-08-03,2023-08-03 16:02:57,2023,Q2,1357936000.0,592644000.0,765292000.0,0.5635700062,0,217965000.0,93840000.0,311805000.0,-47887000.0,507172000.0,1099816000.0,2290000.0,144178000.0,195367000.0,447670000.0,0.3296694395,212526000.0,0.1565066395,-207128000.0,5398000.0,0.0039751505,4255000.0,114000.0,8.39509e-05,0.0004,0.0004,291825000,293527000,https://www.sec.gov/Archives/edgar/data/1020569/000102056923000169/0001020569-23-000169-index.htm,https://www.sec.gov/Archives/edgar/data/1020569/000102056923000169/irm-20230630.htm,4.653254518975413,0.000390645078386,1.0872474942174248,-0.0645558125588966,0.5172689111625117,1.7832673691424654,-19.72559581941232,1.4262588880322111,47.6482994945601,16581496500.0,30192790500.0,36362.93092105263,12.210808535895652,52.26041016622227,-880.1686129837041,39.83848968569355,39.83848968569355,22.23432510810524,67.44430160609377,95.15954217961082,-1602.6747969637454,6.875133375325925e-06,-0.0011361459443663,33.061489411798625,0.8250580130705458,30.404749033886567,0.7811701972405427,1.4740529068235098,277.59055118110234,0.0108884020208911,1583.7368421052631,0.1605119828916826,0.0,0.3763406800667371,1.059375453061276,0.2475263929964298,1.6520283885934477,0.0164757396519423,0.1119648285849946,0.0030574377070273,1.0959699550411974e-05,-51.81392786772895,-451338000.0,-5756422000.0,-14546998000.0,14100323000.0,1178240000.0,497256500.0,0.5,78.3496865831674,73.23445441107984,0.0,1.1486963627412334,1.2289297534028416,0.0,0.0002738949300606,1.1518033067763214,2023-08-03,0.93,bmo,1354250000.0,2025-04-25,2023-06-30,0.0107526881720429,54.74209677419354,1357065.741935484
2023-03-31,IRM,USD,1020569,2023-05-04,2023-05-04 16:04:41,2023,Q1,1314349000.0,571626000.0,742723000.0,0.5650881159,0,207023000.0,87497000.0,294520000.0,182094000.0,476614000.0,1048240000.0,2907000.0,137169000.0,182094000.0,441427000.0,0.3358521976,240662000.0,0.1831035745,-158369000.0,82293000.0,0.0626112243,16758000.0,64595000.0,0.0491460031,0.22,0.22,291442000,293049000,https://www.sec.gov/Archives/edgar/data/1020569/000102056923000108/0001020569-23-000108-index.htm,https://www.sec.gov/Archives/edgar/data/1020569/000102056923000108/irm-20230331.htm,4.509813273309955,0.2216392970127847,0.441967870107946,-0.475068795849603,0.5420632578694903,2.200159894593092,-19.33783737416021,1.8716039555040112,46.715236650860206,15420196219.999998,28751367220.0,59.68030118430219,11.732193062877514,119.71458465312712,-111.37334310786896,28.26986972559142,28.26986972559142,21.874986947911093,65.13277896458531,223.21103673684863,-207.658569354664,0.0041889869025285,-0.0089788092203667,24.70852888549932,0.8185261260234831,30.200171262745595,0.7978396184571835,1.7544926331751345,1.9654840924696728,0.0120954362278536,2.8874371081353045,0.1575099155551531,0.0,0.3812211791183726,2.07489441649587,0.2033424912256942,1.4677199688073193,0.0095172591145882,3.055073184417317,0.0131623935268365,0.0063399090280226,-50.73313214807749,-405653000.0,-5635858000.0,-14223553000.0,13880948000.0,1174620500.0,490733500.0,5863000.5,80.41193016466707,80.65450136977674,1.5744560254432093e-07,1.1192369069576933,1.1158707632122966,571626000.0,0.1184221140166903,0.9170366659575492,2023-05-04,0.93,bmo,1316430000.0,2025-04-25,2023-03-31,0.0430107526881719,52.40274193548387,1505799.5
2022-12-31,IRM,USD,1020569,2023-02-23,2023-02-23 16:03:42,2022,Q4,1279049000.0,539981000.0,739068000.0,0.5778261818,0,204017000.0,75144000.0,279161000.0,190649000.0,469810000.0,1009791000.0,2281000.0,136748000.0,541275000.0,574621000.0,0.4492564397,365928000.0,0.2860938088,-105153000.0,143045000.0,0.1118369976,17392000.0,122437000.0,0.095725027,0.42,0.42,291227000,292892000,https://www.sec.gov/Archives/edgar/data/1020569/000102056923000043/0001020569-23-000043-index.htm,https://www.sec.gov/Archives/edgar/data/1020569/000102056923000043/irm-20221231.htm,4.391931379988806,0.4204177497278755,1.2613528278628012,0.2978672993918833,0.4868951024458584,2.1865864085404167,-19.46621020715799,2.1861571900956984,46.09341853605606,14517665950.0,27662768950.0,29.643134734598203,11.350359485836742,39.52105937278815,167.35640367966616,22.802568921321637,22.802568921321637,21.627606878235312,48.14089452004016,75.30562680350629,318.8902088833043,0.0084336559624448,0.0059752718032474,20.869432734172285,0.8232017889888761,22.87612704721895,0.8068283509702936,2.6759294468657675,2.92344790812794,0.0124206604988042,1.4727492506350204,0.1595067898102418,0.0,0.3906863808674247,0.7638509282953122,0.2193762709638176,1.344525211674565,0.0085516661206881,4.547497547471312,0.0220173857940787,0.012449572353219,-49.70306582150693,-370419000.0,-5669086000.0,-13956576000.0,13634608000.0,1154255500.0,450791000.0,13145500.0,82.67263412113218,78.20241823323413,1.9544020993331248,1.088631092462008,1.1508595518309968,46.049889135254986,0.1923090213423637,0.9634855284709178,2023-02-23,0.94,bmo,1315452923.0,2025-04-25,2022-12-31,0.0425531914893617,50.48095238095238,1317200.0317460315
2022-09-30,IRM,USD,1020569,2022-11-03,2022-11-03 16:01:42,2022,Q3,1286945000.0,546041000.0,740904000.0,0.5757075866,0,208620000.0,76679000.0,285299000.0,175077000.0,460376000.0,1006417000.0,2176000.0,121767000.0,175077000.0,455605000.0,0.3540205681,285762000.0,0.2220467852,-68897000.0,216865000.0,0.1685114748,23934000.0,192164000.0,0.1493179584,0.66,0.66,290937000,292552000,https://www.sec.gov/Archives/edgar/data/1020569/000102056922000210/0001020569-22-000210-index.htm,https://www.sec.gov/Archives/edgar/data/1020569/000102056922000210/irm-20220930.htm,4.423449062855532,0.6605003832444825,0.737035853122841,-0.1841188985931662,0.5779979858182356,2.1573742769053093,-19.41509673915659,1.8189539316071863,44.12515080584456,12792499890.0,25353148890.0,16.642685271434818,9.940207149489684,59.65788477412314,-238.81307316071465,24.17323453659385,24.17323453659385,19.7002582783258,55.64721390239352,118.23453180743456,-473.2979052401666,0.0150216143562538,-0.0041873754512887,24.028435320417007,0.8102008344719331,27.56916407853294,0.9020442525459004,2.346793466210057,1.1114388045467032,0.0140587063940947,0.935898503361712,0.1621048296547249,0.0,0.3998944612951263,1.249809962178976,0.2082435535318137,1.5307436156662495,0.0111317888487853,5.199225403936495,0.0180941530451471,0.0204028545564541,-48.26273557505577,-169063000.0,-5648570000.0,-13510207000.0,13393862000.0,1124962500.0,433929500.0,18482500.0,79.2758354086616,71.26673638060146,2.4006439076919133,1.135276588837646,1.2628612529603316,37.489941640920016,0.3631210069519899,0.9211547517160072,2022-11-03,0.96,bmo,1313432481.0,2025-04-25,2022-09-30,0.0208333333333333,50.49875,1827473.484375
2022-06-30,IRM,USD,1020569,2022-08-04,2022-08-04 17:26:27,2022,Q2,1289534000.0,556476000.0,733058000.0,0.5684673688,0,220891000.0,74503000.0,295394000.0,-13822000.0,473648000.0,1030124000.0,0.0,115057000.0,178254000.0,437664000.0,0.3393970225,293781000.0,0.2278195069,-73840000.0,219941000.0,0.1705585118,18083000.0,200081000.0,0.1551575996,0.69,0.68,290756000,292487000,https://www.sec.gov/Archives/edgar/data/1020569/000102056922000171/0001020569-22-000171-index.htm,https://www.sec.gov/Archives/edgar/data/1020569/000102056922000171/irm-20220630.htm,4.435107100111433,0.6881405714757391,1.0022768231781976,0.4106157740510944,0.4978263561199081,2.564803477830208,-19.55758436627275,2.225058124337933,43.219204418825406,14156909640.0,26463349640.0,17.688973015928546,10.978314367825895,48.579393311326,118.57800668403289,21.88257442240424,21.88257442240424,20.52163776992309,60.4649905863859,90.80890555833888,221.65651475429053,0.0141330986131801,0.008433267078478,19.246008572545904,0.7970126586200167,28.118465306719308,0.8652013784698804,2.553351816925524,1.443678229250265,0.0127048914327887,0.8989459268996056,0.1712952120688558,0.0,0.4117325347152366,0.5903170016951595,0.1334040048575687,0.9183794403100608,0.0157079999441658,5.869492082633252,0.0193602426278882,0.0217713579239925,-47.74929580129043,-240247000.0,-5686485000.0,-13334568000.0,13322516000.0,1090026000.0,429769500.0,23650000.0,77.91156340197311,70.43026114333772,3.6227977486899694,1.1551558725071194,1.2778598082553534,24.84267857142857,0.3092685822220917,0.5916610491271032,2022-08-04,0.92,bmo,1303763199.0,2025-04-25,2022-06-30,0.0108695652173913,52.62467741935484,1608095.741935484
2022-03-31,IRM,USD,1020569,2022-04-28,2022-04-28 16:16:44,2022,Q1,1248046000.0,546622000.0,701424000.0,0.5620177461,0,206316000.0,74407000.0,280723000.0,183615000.0,464338000.0,1010960000.0,0.0,114442000.0,183615000.0,352270000.0,0.2822572245,168655000.0,0.1351352434,-170343000.0,51787000.0,0.0414944641,10080000.0,42299000.0,0.0338921803,0.15,0.14,290328000,291846000,https://www.sec.gov/Archives/edgar/data/1020569/000102056922000110/0001020569-22-000110-index.htm,https://www.sec.gov/Archives/edgar/data/1020569/000102056922000110/irm-20220331.htm,4.298744867873578,0.1456938359372847,0.1877393844203797,-0.3735671378578711,0.673927420021493,2.866409715907525,-19.884134496156072,2.6098860599046594,43.21139883166625,16087074479.999998,28322451480.0,95.0795200832171,12.889808933324572,295.14318570432613,-148.32675143144286,21.23081189300048,21.23081189300048,22.69343556247125,80.39983955488688,519.620802847393,-261.1399124076823,0.0026293780172763,-0.0067418721865704,16.405780212557886,0.7954348662936263,34.73295199704772,0.8983629828782993,1.4737159434473357,1.306878941184933,0.0114601943460387,4.358519113927043,0.1653112144904915,0.0,0.4226471809273318,2.9898176347558065,0.1305745140804105,0.8875255289600523,0.0090870048059126,2.9249781207903087,0.0096890686321497,0.0046879834943614,-47.49757085089967,-172837000.0,-5772921000.0,-13268082000.0,8775910000.0,1012571000.0,396604500.0,12450000.0,76.70796589228281,69.82111953049822,4.0997252214510205,1.1732810139481802,1.2890082629037127,21.95269076305221,0.0558238300803855,0.5613065222782508,2022-04-28,0.7,bmo,1235211097.0,2025-04-25,2022-03-31,0.3000000000000001,47.63161290322581,2409644.709677419
2021-12-31,IRM,USD,1020569,2022-02-24,2022-02-24 16:40:20,2021,Q4,1159587000.0,479078000.0,680509000.0,0.5868546301,0,198660000.0,63801000.0,262461000.0,-7214000.0,435738000.0,914816000.0,1483000.0,104510000.0,520546000.0,418048000.0,0.3605145625,196402000.0,0.1693723714,-111724000.0,84678000.0,0.073024275,23217000.0,61648000.0,0.0531637557,0.21,0.21,290064000,291811000,https://www.sec.gov/Archives/edgar/data/1020569/000102056922000035/0001020569-22-000035-index.htm,https://www.sec.gov/Archives/edgar/data/1020569/000102056922000035/irm-20211231.htm,3.9976936124441504,0.2125324066412929,1.0189647801864417,0.3451410723150753,0.8819708753930167,2.954754812730984,-16.50499889679519,2.954754812730984,39.81163812124221,15179049120.0,26366634120.0,61.5553185829224,13.090047680769102,51.3560439158899,151.61916154745137,17.710437351528697,17.710437351528697,22.737952495155604,63.07082947412737,89.20756557779168,263.3687345299811,0.0040613874764244,0.0065954724310161,13.35181455847144,0.7919299965515645,26.761484327158605,0.7140004359500243,1.879265142091666,4.808984559314037,0.0118214256098276,2.910686478069037,0.1713196163806596,0.0,0.3906271204539284,0.6612826281866933,0.1685531141690964,1.0296430923218751,0.0122017580397158,3.7589328147966174,0.0109651779061282,0.0070011130597764,-43.49409354487285,-577313000.0,-4787506000.0,-12151696000.0,7381683000.0,922883500.0,346677500.0,0.0,74.6194205350698,69.34789324494132,0.0,1.2061203283895992,1.297804385810454,0.0,0.0719289484614989,0.6738237078713664,2022-02-24,0.71,bmo,1146975057.0,2025-04-25,2021-12-31,0.0422535211267606,47.26515625,1647974.484375
2021-09-30,IRM,USD,1020569,2021-11-04,2021-11-04 16:02:58,2021,Q3,1130148000.0,481663000.0,648485000.0,0.5738053777,0,183476000.0,58120000.0,241596000.0,-4699000.0,416414000.0,898077000.0,2160000.0,105969000.0,174818000.0,406889000.0,0.3600316065,181436000.0,0.1605418051,-85308000.0,96128000.0,0.0850578862,28017000.0,67683000.0,0.0598886164,0.23,0.23,289762000,291482000,https://www.sec.gov/Archives/edgar/data/1020569/000102056921000248/0001020569-21-000248-index.htm,https://www.sec.gov/Archives/edgar/data/1020569/000102056921000248/irm-20210930.htm,3.900262974441093,0.2335813529724394,0.2558479027615767,-0.1785741401564042,0.5571434487613973,3.365334308846571,-16.31623539318475,3.360972108143925,39.35586791918885,12590158900.0,23726585900.0,46.50414025678531,11.140274459628296,169.82746206245363,-243.31630527210885,12.927807372967155,12.927807372967155,20.994228985938125,58.31218317526402,320.0456720847103,-458.537915507112,0.0053758654308961,-0.0041098766434155,11.600857188037155,0.7937018749304062,27.369692962945667,0.6948738629376112,1.712161103719012,1.088443863693089,0.0142236489167741,2.6458342567557587,0.1623468784619359,0.0,0.4006472350949935,1.697969919741013,0.1113827569486474,0.7200574311569747,0.0116798861742001,4.202839430345279,0.010101618817636,0.0079333766555266,-42.91297340576059,-557254000.0,-4727825000.0,-11990196000.0,7453764000.0,868398500.0,322748000.0,0.5,70.4255725798745,60.57949230063343,0.0,1.2779448814267689,1.4856512754079143,0.0,0.069498152753619,0.434422042917981,2021-11-04,0.7,bmo,1127500000.0,2025-04-25,2021-09-30,0.0285714285714286,45.0109375,1526666.78125
2021-06-30,IRM,USD,1020569,2021-08-05,2021-08-05 16:09:33,2021,Q2,1119756000.0,474579000.0,645177000.0,0.576176417,0,189217000.0,70562000.0,259779000.0,190959000.0,426464000.0,901043000.0,1127000.0,106347000.0,166685000.0,383121000.0,0.3421468606,305928000.0,0.2732095206,81010000.0,386938000.0,0.3455556389,110416000.0,275285000.0,0.2458437374,0.95,0.95,289247000,291079000,https://www.sec.gov/Archives/edgar/data/1020569/000102056921000209/0001020569-21-000209-index.htm,https://www.sec.gov/Archives/edgar/data/1020569/000102056921000209/irm-20210630.htm,3.871279563832987,0.9517298364373702,1.1076104505837572,0.5710932179071866,1.0922429618976168,3.968034240631709,-15.962803417148663,3.968034240631709,38.58285133467244,12240933040.0,22978632040.0,11.116600105345368,10.93178606767903,38.20837910810212,74.10348901547943,10.665230548328806,10.665230548328806,20.521106419612845,59.97747980403058,71.72462111351456,139.10678225284073,0.0224888902749851,0.0134946412548957,9.630759351840396,0.7722078372448953,28.0269131684246,0.795450411336905,2.8766960986205534,1.158580510773103,0.0146093438641994,0.6496249341591441,0.1689805636227892,0.0,0.4027391179571556,0.4843916310051097,0.1385891212014046,0.9310135885052644,0.0202713805507628,9.217980962408296,0.0172523822808963,0.0321994071851517,-42.217583067412974,-357594000.0,-4617193000.0,-11775966000.0,7749538000.0,833716000.0,324173000.0,0.5,68.5152926173202,60.92924465684322,1.896417667026986e-07,1.3135753575873748,1.477123186195477,474579000.0,0.2398491995587858,0.5365172326765706,2021-08-05,0.64,bmo,1119760000.0,2025-04-25,2021-06-30,0.3281249999999999,41.93936507936508,2312998.6507936507
2021-03-31,IRM,USD,1020569,2021-05-06,2021-05-06 16:12:12,2021,Q1,1082040000.0,451909000.0,630131000.0,0.5823546264,0,179143000.0,69730000.0,248873000.0,-2399000.0,414515000.0,866424000.0,2571000.0,106993000.0,165642000.0,371408000.0,0.3432479391,170406000.0,0.15748586,-109135000.0,61271000.0,0.0566254482,14640000.0,45603000.0,0.042145392,0.16,0.16,288756000,289528000,https://www.sec.gov/Archives/edgar/data/1020569/000102056921000137/0001020569-21-000137-index.htm,https://www.sec.gov/Archives/edgar/data/1020569/000102056921000137/irm-20210331.htm,3.7472468104558874,0.1579291858870465,0.2383638781531812,-0.2736912826053831,0.4811813434179722,3.3235915444181248,-16.7361786421754,3.3235915444181248,38.38693914585325,10686859560.0,21525381560.0,58.58638444839155,9.876584562493068,155.266814278865,-135.2253518916867,11.135544035835936,11.135544035835936,19.89333255702192,57.956160233489854,312.73709570094,-272.36975275211944,0.0042672030771966,-0.0073950630263545,11.438351496863104,0.7872283802680192,29.18225240167148,0.6093506073059337,1.5926836335087342,1.4760352555167164,0.0169359388493732,3.9688616976953273,0.1655604229048833,0.0,0.4153895933786986,2.1482078774934985,0.1366483678976747,0.8926419627872157,0.0101225463014306,3.436578589774732,0.010474950295436,0.0055940393053543,-42.369892746817385,-752956000.0,-4832672000.0,-11810251000.0,11711362000.0,837163500.0,343461500.0,0.0,67.7872074969502,65.1356799709676,0.0,1.3276841357427087,1.3817311808230903,0.0,0.0475176277759774,0.5120551607585643,2021-05-06,0.64,bmo,1071350000.0,2025-04-25,2021-03-31,0.265625,33.43327868852459,3619606.62295082
2020-12-31,IRM,USD,1020569,2021-02-24,2021-02-24 16:13:48,2020,Q4,1059653000.0,449224000.0,610429000.0,0.5760649949,0,163517000.0,64227000.0,236438000.0,-77108000.0,404821000.0,854045000.0,1821000.0,105127000.0,172608000.0,522616000.0,0.493195414,425294000.0,0.4013521407,37453000.0,243060000.0,0.2293769753,-3695000.0,247410000.0,0.2334820927,0.86,0.86,288419000,289161000,https://www.sec.gov/Archives/edgar/data/1020569/000102056921000067/0001020569-21-000067-index.htm,https://www.sec.gov/Archives/edgar/data/1020569/000102056921000067/irm-20201231.htm,3.674005526681668,0.8578144990447925,1.2497061566679033,0.7910227828263742,0.7109899139793148,3.9412417351145375,-16.461665146886993,3.9412417351145375,37.62941761811808,8502592120.0,19045441120.0,8.591601107473425,8.023940025649907,23.58954530447593,37.268205973367934,7.479876135824809,7.479876135824809,17.973280989153995,36.442514427418985,52.83956819323103,83.4791805247517,0.0290981851779101,0.02683252316236,9.455122548998046,0.7596091020121396,20.17322278690281,0.636263056228532,4.045525887735786,1.4607160949119573,0.0209861883860424,0.7212198375166727,0.1543118360444409,0.0,0.4158933462772312,0.3670329792281079,0.1248455862437986,0.7664360863922878,0.0019402578013746,8.721767129085045,0.0342732227467303,0.029935819664425,-42.1711711086995,-725908000.0,-4747857000.0,-11742751000.0,11857623000.0,825601500.0,331240500.0,0.0,72.98706274601214,72.09692714547754,0.0,1.233095244744829,1.2483194993650362,0.0,0.2176508209080616,0.4586833738415292,2021-02-24,0.6,bmo,1041460000.0,2025-04-25,2020-12-31,0.1,27.74734375,3158521.90625
2020-09-30,IRM,USD,1020569,2020-11-05,2020-11-05 17:23:38,2020,Q3,1036647000.0,434505000.0,602142000.0,0.5808553924,0,172262000.0,55294000.0,232095000.0,-2570000.0,389347000.0,823852000.0,2476000.0,104303000.0,157253000.0,321676000.0,0.3103042791,240264000.0,0.2317703133,-187768000.0,52496000.0,0.050640189,13934000.0,38394000.0,0.0370367155,0.13,0.13,288403000,288811000,https://www.sec.gov/Archives/edgar/data/1020569/000102056920000215/0001020569-20-000215-index.htm,https://www.sec.gov/Archives/edgar/data/1020569/000102056920000215/irm-20200930.htm,3.5944390314941246,0.1331262157467155,0.6523649199210827,0.267670585950909,0.5269432010069244,3.2497789551426304,-16.78790442540473,3.2501707679878504,37.91426926904367,7726316370.0,18404630370.0,50.30939971089232,7.453179693762679,41.0659727123905,100.08570760521782,8.242643821630773,8.242643821630773,17.75399954854449,57.21480735274002,97.82204253125266,238.41121248235035,0.0049692503078281,0.0099914365789812,11.55404279470299,0.7915336637759032,33.19586789191609,0.5997266914273234,2.3035195536082376,4.87900005186453,0.0230888810989757,4.646350992342554,0.1661722842973548,0.0,0.4223541328952119,0.5896919380899737,0.1070248599571503,0.6510859550594766,0.0086297457090021,3.1201548094026395,0.0142097941477053,0.0048577051954696,-41.60687562195955,-756878000.0,-4841682000.0,-11611389000.0,11444136000.0,798880000.0,299623500.0,0.0,68.74790550688904,62.68194842406877,0.0,1.3091307922243731,1.4358200767964893,0.0,0.0409597603479563,0.3846943339701736,2020-11-05,0.55,bmo,787851720.0,2025-04-25,2020-09-30,0.1090909090909089,28.4553125,2525883.84375
2020-06-30,IRM,USD,1020569,2020-08-06,2020-08-06 17:30:25,2020,Q2,982239000.0,406693000.0,575546000.0,0.5859531132,0,172946000.0,52385000.0,225331000.0,-7189000.0,389181000.0,795874000.0,2567000.0,106023000.0,163850000.0,303586000.0,0.3090754898,131726000.0,0.1341078902,-129156000.0,2570000.0,0.0026164711,9683000.0,-7086000.0,-0.0072141302,-0.0246,-0.0246,288071000,288071000,https://www.sec.gov/Archives/edgar/data/1020569/000102056920000184/0001020569-20-000184-index.htm,https://www.sec.gov/Archives/edgar/data/1020569/000102056920000184/irm20200630-10q.htm,3.4097114947356726,-0.0245981025511071,1.088825324312409,0.718059089599439,3.149154201568364,3.555828250674313,-16.46473612408052,3.55572063831486,40.05555921977568,7518653100.0,18044295100.0,-265.2643628281118,7.654606567240763,23.97078706493357,36.34798358246476,7.340284194083765,7.340284194083765,18.370574880451706,59.43717793310627,57.52838305293328,87.23287712954189,-0.0009424560364408,0.0275118425133884,11.16159523577077,0.7957389821356496,34.67103884895878,0.79612138107668,1.242428529658659,-44.096583719949386,0.0236956004792932,-25.14239345187694,0.1760732367580599,0.0,0.4014144927810602,0.3405194813475781,0.1087383009634111,0.651858407079646,0.0205092650566715,,-0.0283399109213142,-0.0008239334648727,-41.07187550985695,-485898000.0,-4743013000.0,-11445849000.0,11764839000.0,818704000.0,308894500.0,0.0,73.84260857082646,65.64315097628925,0.0,1.2188085137008144,1.3710493579521894,0.0,-0.0069178951479058,0.37076623471297,2020-08-06,0.42,bmo,748012776.0,2025-04-25,2020-06-30,0.261904761904762,25.251904761904765,3787275.603174603
2020-03-31,IRM,USD,1020569,2020-05-07,2020-05-07 16:18:12,2020,Q1,1068731000.0,466921000.0,601810000.0,0.5631070868,0,173077000.0,59459000.0,232536000.0,5327000.0,395120000.0,862041000.0,1448000.0,105649000.0,162584000.0,322031000.0,0.3013209124,137502000.0,0.1286591294,-62923000.0,74579000.0,0.0697827611,9687000.0,63975000.0,0.0598607133,0.22,0.22,287840000,288359000,https://www.sec.gov/Archives/edgar/data/1020569/000102056920000130/0001020569-20-000130-index.htm,https://www.sec.gov/Archives/edgar/data/1020569/000102056920000130/irm20200331-10q.htm,3.7129342690383536,0.2222588938299055,0.4357108115619789,0.0771574485825458,0.5304474708171206,3.9043948026681488,-16.024892301278488,3.903818093385214,37.17933921623124,6850592000.0,17293960000.0,26.770582258694805,6.41002459926773,54.62338635729378,308.46017380341306,6.096595545865131,6.096595545865131,16.18177071685953,53.70278016712677,137.89387234381851,778.6915214552658,0.0093386089844498,0.0032419096043086,9.42981912029724,0.7810548109673828,32.4296977620167,0.7582900504217198,1.3014983577695955,1.9326727485668496,0.0264651580476548,2.833950762016413,0.1619462708576807,0.0,0.4228441636710162,0.8229159191484272,0.0965687343213586,0.6347857107710476,0.0061072430761342,4.418405996606897,0.0098774574536139,0.0081706128694017,-40.53008876459144,-382207000.0,-4612605000.0,-11243439000.0,11782009000.0,841104000.0,322934000.0,0.5,70.02288695658683,61.90426217711347,0.0,1.2852940504409465,1.4538578901482129,0.0,0.0569337219391728,0.358553362979433,2020-05-07,0.45,bmo,712487333.0,2025-04-25,2020-03-31,0.311111111111111,30.267096774193547,3673950.822580645
2019-12-31,IRM,USD,1020569,2020-02-13,2020-02-13 16:08:45,2019,Q4,1079590000.0,459488000.0,620102000.0,0.5743865727,0,171620000.0,58987000.0,233646000.0,-2557000.0,407471000.0,866959000.0,1755000.0,104871000.0,173826000.0,333163000.0,0.3086014135,206075000.0,0.1908826499,-152166000.0,53909000.0,0.0499346974,16805000.0,37700000.0,0.0349206643,0.13,0.13,287277000,288082000,https://www.sec.gov/Archives/edgar/data/1020569/000102056920000029/0001020569-20-000029-index.htm,https://www.sec.gov/Archives/edgar/data/1020569/000102056920000029/irm201910k.htm,3.758010561235323,0.1312322253434838,1.1087208513037938,0.5363603769184445,0.6737573839882761,5.096916912944649,-15.365535702475311,5.095994458310272,36.54360077555808,9155517990.0,19355227990.0,60.712984018567646,8.48055094063487,28.744836865404544,59.41900515303341,6.253931447674189,6.253931447674189,17.928313517168554,58.09537070442996,60.76803864870805,125.61478148282757,0.0041177353418099,0.0168296321593487,7.099409001053306,0.7522185284945533,30.61477414959044,0.6341796831920242,1.96503323130322,8.584249676584735,0.0191816563728908,4.658302387267905,0.1589677562778462,0.0,0.4254519999397835,0.5162349690747543,0.1523041154512361,0.9459229344286816,0.0069600496484776,3.879055374030856,0.011365411834854,0.0047490534645163,-40.10417906584934,-713170000.0,-4414165000.0,-11116250000.0,11657360000.0,836313500.0,307324000.0,1.0,70.9186728295001,63.60061633818511,1.958701859460965e-07,1.26905928169827,1.4150806262857707,459488000.0,0.0257520345473448,0.5723604743853493,2020-02-13,0.63,bmo,1114415483.0,2025-04-25,2019-12-31,0.0317460317460317,32.7878125,2169103.234375
2019-09-30,IRM,USD,1020569,2019-10-31,2019-10-31 16:06:15,2019,Q3,1062224000.0,451317000.0,610907000.0,0.5751206902,0,171577000.0,58011000.0,229588000.0,-4836000.0,387149000.0,838466000.0,1558000.0,108235000.0,169847000.0,408294000.0,0.3843765533,223474000.0,0.2103831207,-93262000.0,130212000.0,0.1225843137,21928000.0,107675000.0,0.1013675082,0.37,0.37,287152000,287691000,https://www.sec.gov/Archives/edgar/data/1020569/000102056919000223/0001020569-19-000223-index.htm,https://www.sec.gov/Archives/edgar/data/1020569/000102056919000223/irm20190930-10q.htm,3.699169777678721,0.3749756226667409,0.760621552348582,0.1418342898534574,0.6504499359224383,5.264978130049591,-15.113096896417227,5.26142948682231,36.04471151167326,9300853280.0,19356151280.0,21.594737125609477,8.756018768169426,42.58359482450759,228.3650874091534,6.1561216549843465,6.1561216549843465,18.222287653075057,47.40738605024811,88.62138544232512,475.2541563543508,0.011576894802925,0.0043789530674114,6.779105524777771,0.7543603168466588,24.627591882320093,0.6578251264540784,2.0647110454104496,2.0170477632891286,0.0188747198472095,1.6303784536800556,0.1615261940984199,0.0,0.4309886591215973,0.8135284368218154,0.1672773351006944,1.1277283084011906,0.0067029176520206,6.662614010552676,0.0153057430574898,0.0139374973626514,-39.219979312350254,-626218000.0,-4339756000.0,-10861425000.0,11547602000.0,837128000.0,296964000.0,1.0,69.64005708777057,57.81878369305832,1.9941637474325145e-07,1.2923596528154602,1.5565875698420364,451317000.0,0.0712687727937623,0.6187872624951245,2019-10-31,0.59,bmo,995835000.0,2025-04-25,2019-09-30,0.0508474576271186,31.41046875,2636942.984375
2019-06-30,IRM,USD,1020569,2019-08-01,2019-08-01 16:16:25,2019,Q2,1066907000.0,465102000.0,601805000.0,0.5640650966,0,185871000.0,62536000.0,248407000.0,-4139000.0,412738000.0,877840000.0,1461000.0,106775000.0,164331000.0,349649000.0,0.3277220976,193115000.0,0.1810045299,-90122000.0,102993000.0,0.0965341871,10646000.0,92441000.0,0.0866439155,0.32,0.32,286925000,287481000,https://www.sec.gov/Archives/edgar/data/1020569/000102056919000199/0001020569-19-000199-index.htm,https://www.sec.gov/Archives/edgar/data/1020569/000102056919000199/irm2019630-10q.htm,3.718417704975168,0.3221782695826435,1.0897063692602595,0.4106752635706195,0.5645935348958787,5.781932560773721,-14.934028056112224,5.777889692428335,35.81410473120153,8814336000.0,18821527000.0,23.83773433865925,8.261578563080006,28.19108052094261,74.80362886457954,5.316820090950712,5.316820090950712,17.64120677809781,53.82977500293151,60.19729485965765,159.73052540459804,0.0104875738796433,0.0133683354026894,6.134068153316914,0.7411413410497878,28.6206767358122,0.7515541626695416,1.8086162491219857,3.381065152743985,0.0198919124480845,1.8967124977012364,0.1742148097256836,0.0,0.4331998249104911,0.6231321802318144,0.1826129175270197,1.1856010125904424,0.0117170475027345,6.471783858897326,0.0141607265016717,0.0118863760125137,-39.24634486189771,-401684000.0,-4284946000.0,-10846898000.0,11894609000.0,844925500.0,293848500.0,0.5,71.89914397412333,58.823483880955145,1.9350594063237741e-07,1.2517534288362488,1.5300011842572734,465102000.0,0.0557605435086176,0.6790311056896402,2019-08-01,0.51,bmo,1066907000.0,2025-04-25,2019-06-30,0.0588235294117647,32.770634920634926,2700996.4444444445
2019-03-31,IRM,USD,1020569,2019-04-25,2019-04-25 16:27:28,2019,Q1,1053863000.0,461544000.0,592319000.0,0.562045541,0,197503000.0,66170000.0,270559000.0,2488000.0,433042000.0,894586000.0,1785000.0,102436000.0,162483000.0,323608000.0,0.3070683761,158675000.0,0.1505651114,-117646000.0,41029000.0,0.0389320054,10553000.0,29561000.0,0.0280501355,0.1,0.1,286528000,287492000,https://www.sec.gov/Archives/edgar/data/1020569/000102056919000140/0001020569-19-000140-index.htm,https://www.sec.gov/Archives/edgar/data/1020569/000102056919000140/irm2019331-10q.htm,3.678045426624972,0.1031696727719455,0.408570890104981,-0.3296327060531606,0.5635574882733974,6.145067846772392,-14.658190473531382,6.140415596381506,35.77302741791378,10243376000.0,20229439000.0,86.6291397449342,9.719836449329753,87.50011531857825,-108.45404398140796,5.822081492507961,5.822081492507961,19.195511181244623,62.51217213418704,172.8022329093596,-214.18372878484683,0.0028858649726418,-0.0092204952742142,5.767609544384708,0.7412717450768163,30.858517094756618,0.7985107578014603,1.5490159709477136,3.844312360436096,0.0173793288462709,6.022225229187105,0.1874086100375475,0.0,0.435426834689094,1.806794399788156,0.2007054047822155,1.3017731085713582,0.0080835934082513,3.775427793595672,0.009582803938911,0.0038248609362026,-38.87582801680813,-305283000.0,-4199982000.0,-10718779000.0,11972552000.0,842205000.0,301237000.0,0.5,71.52437271258219,55.32259112890645,0.0,1.2583123288848876,1.626821849148247,0.0,0.016801741047095,0.7382035961581416,2019-04-25,0.53,bmo,1487806588.0,2025-04-25,2019-03-31,-0.0943396226415095,35.32377049180328,2167781.7540983604
2018-12-31,IRM,USD,1020569,2019-02-14,2019-02-14 16:15:05,2018,Q4,1061489000.0,453379000.0,608110000.0,0.5728839394,0,184795000.0,65865000.0,250660000.0,-6280000.0,415579000.0,868958000.0,1505000.0,107220000.0,164919000.0,338535000.0,0.3189246426,191844000.0,0.1807310297,-95204000.0,99241000.0,0.0934922547,-5610000.0,158118000.0,0.1489586797,0.55,0.55,286249000,286528000,https://www.sec.gov/Archives/edgar/data/1020569/000102056919000018/0001020569-19-000018-index.htm,https://www.sec.gov/Archives/edgar/data/1020569/000102056919000018/irm201810k.htm,3.708271469944,0.5523792222854927,1.0864876383847628,0.5361031828932153,0.5781155567355694,6.587233492518752,-14.190313328605514,6.582311204580628,28.82121160248595,9277330089.999998,17254668090.0,14.668364907853626,8.739921082554787,29.83006787650399,60.45478003896805,4.923802444564744,4.923802444564744,16.255154872071213,50.968638663653685,55.48017752069092,112.4382935507204,0.0170434810948933,0.0165412891975691,4.321679988111539,0.6870277846892661,23.564293204543105,0.8259603275635512,1.7892557358701735,1.9580938229942515,0.0181336654369274,1.063964886983139,0.1740903579782739,0.0,0.5018079694086699,0.5065722204716308,0.1484207561265354,0.9552992681255646,0.0073622995622187,9.044803410832928,0.0193260028510421,0.026778351803099,-32.02109439508959,-254564000.0,-4061963000.0,-8758544000.0,10182545000.0,847170500.0,302287500.0,1.0,71.8048043832767,63.27785362798013,1.985094148604148e-07,1.253398025006819,1.4222985584992078,453379000.0,0.0839187338789287,0.5503844554915476,2019-02-14,0.52,bmo,1061489000.0,2025-04-25,2018-12-31,0.0769230769230769,32.79904761904762,2100289.603174603
2018-09-30,IRM,USD,1020569,2018-10-25,2018-10-25 16:10:28,2018,Q3,1060991000.0,448018000.0,612973000.0,0.5777362862,0,186585000.0,59031000.0,245616000.0,339000.0,403413000.0,851431000.0,1382000.0,105223000.0,158092000.0,355119000.0,0.3347050069,195746000.0,0.1844935537,-104055000.0,91580000.0,0.0863155295,14300000.0,65869000.0,0.0620825247,0.23,0.23,286159000,286982000,https://www.sec.gov/Archives/edgar/data/1020569/000102056918000118/0001020569-18-000118-index.htm,https://www.sec.gov/Archives/edgar/data/1020569/000102056918000118/irm2018930-10q.htm,3.7076974688896738,0.2301832198183527,0.8079913614459094,0.3538067997162417,0.6907907841444791,6.77551990327056,-14.19957436250476,6.770313007803354,29.130997103009165,9838146420.0,17871344420.0,37.33982002155794,9.272601200198682,42.54995986402208,97.17167682354685,5.078051776981975,5.078051776981975,16.844011325261008,50.32494577873896,77.29352210506285,176.51582221344265,0.0066952652652225,0.0102910645641722,4.248443005162627,0.6971790286760875,22.62114389824256,0.9748451118850172,1.860296703192268,3.4497709741432048,0.0171120648964685,2.555845693725425,0.1758591731692352,0.0,0.5084048585931404,0.5621156158364113,0.1224977403201346,0.8221099106849177,0.0068605671490144,5.921509948025983,0.0154659082920696,0.011349372484065,-31.56926044436834,-31377000.0,-4063336000.0,-8651118000.0,10395528000.0,857246500.0,289551500.0,0.5,71.88626482222753,57.41488065211665,2.008847858791388e-07,1.2519776931318825,1.567537874811938,448018000.0,0.0339989036774292,0.4541845617296677,2018-10-25,0.54,bmo,1023107142.0,2025-04-25,2018-09-30,0.0185185185185185,35.62301587301587,1644047.7301587302
2018-06-30,IRM,USD,1020569,2018-07-27,2018-07-27 16:04:09,2018,Q2,1060823000.0,451464000.0,609359000.0,0.574420992,0,172830000.0,63537000.0,236367000.0,432000.0,392587000.0,844051000.0,2280000.0,102107000.0,155925000.0,368580000.0,0.3474472179,203359000.0,0.191699275,-81152000.0,120308000.0,0.1134100599,26405000.0,91761000.0,0.0864998214,0.32,0.32,285984000,286569000,https://www.sec.gov/Archives/edgar/data/1020569/000102056918000082/0001020569-18-000082-index.htm,https://www.sec.gov/Archives/edgar/data/1020569/000102056918000082/irm2018630-10q.htm,3.709378846369028,0.3208606075864384,1.0551674219536755,0.6450011189437171,0.6580508000447578,7.194273106187759,-13.891378538659506,7.189003580619895,28.62987439856775,10012299840.0,17909686840.0,27.278200542714224,9.4382378964257,33.17956873154582,54.27897560446709,4.869937760829596,4.869937760829596,16.88282290259544,48.59104357263009,59.35056829742744,97.0925232570747,0.0091648274089242,0.0184233395870813,3.9327893810130647,0.684491490140896,21.426520701068966,0.977402456831851,1.9916264310967904,3.2259068022193,0.01678395600266,1.8313444709626097,0.1629206757394966,0.0,0.5104881814520068,0.3887215379058261,0.1105754682920713,0.7522911656244989,0.0081908103425359,7.204167632587582,0.0148853416508906,0.0158690849348234,-31.1787171659953,-28769000.0,-3972712000.0,-8510753000.0,10407877000.0,863073500.0,272253500.0,0.0,73.5595759141723,58.46838286109191,0.0,1.2234980814056082,1.539293471034085,0.0,0.0446321390702063,0.4101663030099586,2018-07-27,0.53,bmo,884000000.0,2025-04-25,2018-06-30,0.0566037735849057,33.7775,1572622.078125
2018-03-31,IRM,USD,1020569,2018-04-26,2018-04-26 16:45:38,2018,Q1,1042458000.0,448721000.0,593737000.0,0.5695548406,0,175797000.0,68873000.0,244670000.0,1634000.0,405248000.0,853969000.0,1386000.0,97626000.0,160578000.0,329998000.0,0.3165575975,164559000.0,0.1578567194,-117777000.0,46782000.0,0.0448766281,1168000.0,44684000.0,0.042864077,0.16,0.16,285259000,285993000,https://www.sec.gov/Archives/edgar/data/1020569/000102056918000054/0001020569-18-000054-index.htm,https://www.sec.gov/Archives/edgar/data/1020569/000102056918000054/irm2018331-10q.htm,3.6544263283542326,0.1566436115950767,0.3209995127235249,-0.1267479728948078,1.551190321777753,7.927094324806579,-12.85052881767096,7.921737789167038,28.94105707444813,9373610740.0,17089190740.0,52.44388785695104,8.99183539288873,102.3677566398742,-259.25463934063504,4.1480797363598665,4.1480797363598665,16.393169547358262,51.78574033782023,186.62841538528744,-472.6515859055205,0.0047669997442202,-0.0038572115914427,3.610170076561668,0.6799441313822657,23.38068715567973,1.238664665142779,1.6856062934054452,2.027994330262225,0.0180299784883108,3.782248679616865,0.1686370098363675,0.0,0.493993198450861,1.3948540975013104,0.1225219625155162,0.7954016116778139,0.0070832589898106,5.283939476526702,0.0147144427383211,0.0073600614052209,-30.323507759614948,293811000.0,-3665729000.0,-8212001000.0,10586286000.0,847424000.0,270175500.0,0.0,74.17041262094013,50.38600823228688,0.0,1.2134218594678654,1.7862101634463048,0.0,0.0197738950422326,0.4477474856183328,2018-04-26,0.5,bmo,999062500.0,2025-04-25,2018-03-31,-0.02,33.697704918032784,2095922.3442622952
2017-12-31,IRM,USD,1020569,2018-02-16,2018-02-16 16:32:49,2017,Q4,991235000.0,426000000.0,565235000.0,0.5702330931,0,167906000.0,66238000.0,234144000.0,-262000.0,375201000.0,801201000.0,1940000.0,90505000.0,141057000.0,251721000.0,0.2539468441,154404000.0,0.1557693181,-134245000.0,20159000.0,0.020337256,-3550000.0,22721000.0,0.0229219105,0.0797,0.0797,278160019,285259000,https://www.sec.gov/Archives/edgar/data/1020569/000102056918000006/0001020569-18-000006-index.htm,https://www.sec.gov/Archives/edgar/data/1020569/000102056918000006/irm201710k.htm,3.563542322018608,0.0816831983319644,0.7265566084103553,0.3034799907746627,3.327936931151849,8.264458739485491,-11.440080466776212,8.259411285127932,25.6463025335068,10494977516.87,16612549516.87,115.47662423385852,10.587779403340276,51.92988345746392,124.32450621766014,4.568122193882925,4.568122193882925,16.759446061599924,65.99588241294926,82.200057975893,196.7938485224365,0.0021649403215468,0.0080434664928349,3.065706669777378,0.6419078520819781,24.302986242705217,1.466211537897702,1.7060272913098724,9.409143814888962,0.0140085102387,6.470621891642093,0.1693907095693755,0.0,0.4995273596428566,0.5823037224330649,0.1187236124632403,0.8342939379116244,0.0072293653876225,3.896118636211984,0.018551770666045,0.00413757034425,-25.600568067260596,620142000.0,-3182173000.0,-6723245000.0,9518836000.0,810313000.0,271046000.0,-5625999.5,75.88188471956701,61.085281690140846,0.0,1.18605383000974,1.4733500036314966,0.0,0.0098897119312904,0.4230766176356926,2018-02-16,0.57,bmo,1059558620.0,2025-04-25,2017-12-31,-0.0701754385964911,39.68015873015873,1562453.0
2017-09-30,IRM,USD,1020569,2017-10-26,2017-10-26 16:13:00,2017,Q3,965661000.0,418327000.0,547334000.0,0.5667972508,0,161686000.0,61859000.0,223545000.0,684000.0,352058000.0,770385000.0,2526000.0,91515000.0,128513000.0,326999000.0,0.3386271166,176756000.0,0.1830414607,-148468000.0,28288000.0,0.0292939241,2268000.0,24345000.0,0.0252107106,0.09,0.09,265198000,266139000,https://www.sec.gov/Archives/edgar/data/1020569/000102056917000038/0001020569-17-000038-index.htm,https://www.sec.gov/Archives/edgar/data/1020569/000102056917000038/irm2017930-10q.htm,3.6412831167655866,0.0917993348366126,0.7511067202618421,0.3479513420161539,1.3165182241193372,7.046229609574733,-13.569227520569536,7.039977677056388,26.289787253297536,10316202200.0,16858800200.0,105.93758677346476,10.683047363412213,51.79024358407968,111.79724088603754,5.525585702746884,5.525585702746884,17.458300790857248,51.55612157835345,84.63593015783766,182.69972907364863,0.0023598800729206,0.0089447645762507,3.68533916661489,0.6706120834627193,20.008006140691563,1.0777810866712811,1.931442932852537,8.189113632626214,0.0141124608821645,5.980160197165742,0.1674355700395894,0.0,0.5328630412106972,0.5367484637937266,0.1107179434604897,0.8319469625640986,0.0080369819222273,3.813262190095706,0.017656825692945,0.0050794645666399,-28.126852387649983,95855000.0,-3598532000.0,-7063136000.0,8907508000.0,757625000.0,250044500.0,-5758499.5,73.15150969128918,54.42142151952898,-2.420785438185917,1.2303232069961931,1.653760550295507,-37.17801610184999,0.0130397195911275,0.4031553782456881,2017-10-24,0.56,amc,903396774.0,2025-04-25,2017-09-30,-0.0178571428571428,37.36365079365079,1170756.2698412698
2017-06-30,IRM,USD,1020569,2017-07-28,2017-07-28 16:04:30,2017,Q2,949806000.0,414284000.0,535522000.0,0.5638225069,0,156429000.0,61714000.0,218143000.0,39565000.0,346242000.0,760526000.0,5797000.0,95763000.0,128099000.0,603844000.0,0.635755091,170194000.0,0.1791881711,-70600000.0,99594000.0,0.1048572024,18009000.0,78630000.0,0.0827853267,0.3,0.3,264217000,264930000,https://www.sec.gov/Archives/edgar/data/1020569/000102056917000028/0001020569-17-000028-index.htm,https://www.sec.gov/Archives/edgar/data/1020569/000102056917000028/irm2017630-10q.htm,3.594795187289236,0.2975962939553473,0.7487784661849919,0.3736625576703997,1.1024423106764516,7.029437924130544,-13.02095247467044,7.023726709485007,24.782724048793227,9078496120.0,15239731120.0,28.86460676586545,9.558263603304251,45.88807177517185,91.95462401750264,4.891989882465023,4.891989882465023,16.045098809651655,25.237861301925665,77.03058592802265,154.36078032574346,0.0086611261337411,0.0108749289193946,3.476827094474153,0.6574076234478246,10.203355502414531,0.8177614901878875,1.7772417321930185,2.438795887675353,0.0160084884191149,1.848314892534656,0.1646957378664695,0.0,0.539767672814626,0.5009704811969268,0.1043497303659905,0.773714080515851,0.0089944683440618,6.857863250765744,0.0159092949424943,0.0174074211004155,-26.941756207965422,-268730000.0,-3440357000.0,-6751520000.0,8204363000.0,725698000.0,243514000.0,-324500.0,69.20670115792068,53.68795319153044,-0.0575692037346361,1.300452102096757,1.6763537190350175,-1563.3358490566038,0.0423701414170153,0.3751159085145922,2017-07-28,0.52,bmo,854820000.0,2025-04-25,2017-06-30,0.0576923076923077,34.98047619047619,1178085.2063492064
2017-03-31,IRM,USD,1020569,2017-04-27,2017-04-27 14:08:45,2017,Q1,938876000.0,426707000.0,512169000.0,0.5455129325,0,166593000.0,63306000.0,229899000.0,2200000.0,354606000.0,781313000.0,2293000.0,88348000.0,124707000.0,580826000.0,0.6186397352,147755000.0,0.1573743498,-79691000.0,68064000.0,0.0724951964,9220000.0,58125000.0,0.0619091339,0.22,0.22,263855000,264810000,https://www.sec.gov/Archives/edgar/data/1020569/000102056917000016/0001020569-17-000016-index.htm,https://www.sec.gov/Archives/edgar/data/1020569/000102056917000016/irm2017331-10q.htm,3.5583028557351577,0.2202914479543688,0.4617574046351215,0.1032082014742945,1.1218737564192454,7.215228060866764,-12.673475962176196,7.211252392412499,24.37824941729359,9411707850.0,15460054850.0,40.48046387096775,10.02444183257427,77.24835517946109,345.6120685223267,4.946436216478998,4.946436216478998,16.466556659239345,26.61736019048734,126.89129615798156,567.7164677585193,0.0061758185577339,0.0028934174789541,3.3341523341523343,0.6559023065644045,10.413354429725942,0.8450216395282519,1.6724204283062436,2.0824345804775497,0.0002188763222181,0.0354408602150537,0.1774387672067451,0.0,0.5425621688036993,0.7764882589032889,0.1007641051640472,0.7586182010632924,0.0069753620286384,5.978543944766277,0.0147252551320653,0.0131373745592622,-26.27112429175115,-219832000.0,-3343960000.0,-6569723000.0,8139642000.0,706139500.0,231045500.0,-191999.5,69.11743403814774,50.59785754627882,-0.0809923436925103,1.3021316727459329,1.778731439719209,-1111.2161458333333,0.0305482925803781,0.3585492031608269,2017-04-27,0.51,bmo,1017141666.0,2025-04-25,2017-03-31,-0.0588235294117647,35.4083870967742,1395082.6935483871
2016-12-31,IRM,USD,1020569,2017-02-23,2017-02-23 12:57:50,2016,Q4,934193000.0,416215000.0,517978000.0,0.554465726,0,162846000.0,62846000.0,225692000.0,-2217000.0,351122000.0,767337000.0,2009000.0,87443000.0,125430000.0,267433000.0,0.2862716805,139460000.0,0.1492839274,-92728000.0,46732000.0,0.0500239244,-1213000.0,48938000.0,0.0523853208,0.19,0.19,263530000,263855000,https://www.sec.gov/Archives/edgar/data/1020569/000102056917000010/0001020569-17-000010-index.htm,https://www.sec.gov/Archives/edgar/data/1020569/000102056917000010/irm201610k.htm,3.544920881873032,0.1857018176298713,0.4603005350434486,0.1093537737638978,0.8973703183698251,7.348958372860775,-12.285781504951998,7.34848783819679,24.052760596516524,8559454399.999999,14574151400.0,43.72601250561935,9.162404770748656,70.56259449477753,297.01764175168296,4.419956964638606,4.419956964638606,15.600792769802386,54.49645855223552,120.14666908485364,505.7308418349643,0.0057174204935305,0.0033668033794303,3.228003761333962,0.6589346249525657,22.490481728133776,1.0626339511369185,1.5948675136946353,2.449328621908127,0.0169881155041844,2.971290203931505,0.1743172984597401,0.0,0.5454255386431673,0.7624296183936093,0.0989998854626399,0.737343538228494,0.0076065652386605,5.541129834126189,0.0166116654661171,0.0113480551806081,-25.78533089022123,65550000.0,-3237672000.0,-6438022000.0,8323219000.0,695743500.0,228084000.0,69493500.5,66.59481499005024,48.04663455185421,2.162343980875269e-07,1.3514565663024467,1.8731801059420243,416215000.0,0.0252707525301477,0.3509467612795507,2017-02-23,0.28,bmo,1006061538.0,2025-04-25,2016-12-31,0.7857142857142856,33.243809523809524,1640053.6666666667
2016-09-30,IRM,USD,1020569,2016-11-01,2016-11-01 11:25:19,2016,Q3,942822000.0,429808000.0,513014000.0,0.5441260386,0,160113000.0,60572000.0,220685000.0,-12617000.0,345355000.0,775163000.0,2118000.0,85418000.0,124670000.0,260070000.0,0.2758420996,135454000.0,0.1436686883,-106602000.0,28852000.0,0.0306017467,23418000.0,7080000.0,0.0075093708,0.03,0.03,263269000,264502000,https://www.sec.gov/Archives/edgar/data/1020569/000102056916000022/0001020569-16-000022-index.htm,https://www.sec.gov/Archives/edgar/data/1020569/000102056916000022/irm2016930-10q.htm,3.5812116124572206,0.0268926459248905,0.8198534578700872,0.4154268068021681,1.740151707948904,8.16751687437564,-11.528246774211928,8.070426066114885,24.85915546456286,9880485570.0,15881584570.0,348.8872023305085,10.47969348402986,45.77647339257421,90.3408239080544,4.650312101560085,4.650312101560085,16.84473269609746,61.06657657553736,73.57967666163212,145.2110247876455,0.0007165639734849,0.0110691928271294,3.040075436780749,0.6521233496578871,23.074937516822395,1.4329124134422238,1.5857781732187597,27.67205128205128,0.0129412668126592,18.060169491525425,0.1698231479536964,0.0,0.5235061054530902,0.4932913890716357,0.1129301183044095,0.8540386620678592,0.0063182658020283,2.209816732181264,0.0028339494407913,0.0015001169582713,-25.45632793834443,443314000.0,-3035030000.0,-6287321000.0,8795126000.0,705382000.0,227045000.0,144072500.0,66.84339143549896,48.992550161932776,29.10329728623013,1.3464307849616846,1.837013988913156,3.0924331052544485,0.003332246117439,0.4044266510679191,2016-11-01,0.58,bmo,942800000.0,2025-04-25,2016-09-30,-0.2413793103448275,38.56984375,1737097.84375
2016-06-30,IRM,USD,1020569,2016-08-04,2016-08-04 16:45:04,2016,Q2,883748000.0,395649000.0,488099000.0,0.5523056346,0,162430000.0,61538000.0,223968000.0,835000.0,338990000.0,734639000.0,2144000.0,77010000.0,115022000.0,188151000.0,0.212901189,96626000.0,0.1093365982,-100507000.0,-3881000.0,-0.0043915234,10839000.0,-13968000.0,-0.0158054106,-0.0567,-0.0567,246387000,246387000,https://www.sec.gov/Archives/edgar/data/1020569/000102056916000019/0001020569-16-000019-index.htm,https://www.sec.gov/Archives/edgar/data/1020569/000102056916000019/irm2016630-10q.htm,3.5868288505481214,-0.0566913027067174,0.5098970319050924,0.1352790528721077,0.9618567538060044,9.115862444041284,-11.864071562217164,9.014578691245886,25.53940345878638,9813594210.0,15792172210.0,-175.64422626718212,11.1045164571801,78.11381025534895,294.42843629054033,4.418398392670216,4.418398392670216,17.869542233758946,83.93350133669233,125.701829231406,473.79833218325285,-0.0014233317275098,0.0033964110688452,2.7984498497349257,0.6380795137774619,31.77542505753357,1.3129652993954353,1.2547201662121803,-9.56613112007919,0.0130089952027881,-9.139819587628866,0.1837967384367489,0.0,0.5306595159004354,0.7346933902190524,0.1044426691771862,0.8024638764758046,0.0102155818174411,,0.0413104045002606,-0.0030552043135075,-26.992339287381235,307341000.0,-2923153000.0,-6205654000.0,8672772000.0,642621500.0,200189000.0,85709500.0,72.35924720621716,50.07142694661177,33.92961943540866,1.24379403427883,1.797432297984272,2.6525496453425226,-0.006288846617066,0.3746179790329847,2016-08-04,0.46,bmo,846879166.0,2025-04-25,2016-06-30,0.0217391304347825,36.39703125,2573305.71875
2016-03-31,IRM,USD,1020569,2016-04-28,2016-04-28 08:03:15,2016,Q1,750690000.0,326105000.0,424585000.0,0.5655929878,0,154406000.0,53222000.0,207628000.0,-605000.0,294832000.0,620937000.0,1287000.0,68349000.0,87204000.0,230494000.0,0.3070428539,130066000.0,0.1732619324,-55125000.0,74941000.0,0.0998294902,11900000.0,62774000.0,0.0836217347,0.3,0.3,211526000,212471000,https://www.sec.gov/Archives/edgar/data/1020569/000102056916000016/0001020569-16-000016-index.htm,https://www.sec.gov/Archives/edgar/data/1020569/000102056916000016/irm2016331-10q.htm,3.548925427607008,0.2967673004737006,0.3834895001087336,-0.0330550381513383,0.5575910289987992,2.4637349545682325,-11.822040789311952,2.3467469720034417,24.061434528143117,7172846659.999999,12076171660.0,28.56615262688374,9.555004942119917,88.4248460267758,-1025.864796910755,14.449789604309442,14.449789604309442,16.086762391932755,52.39256405806659,148.87166424221505,-1727.141255720824,0.0087516160564347,-0.0009747873238377,10.11541142389776,0.7818480861011203,21.27311339991497,1.1114278957852646,1.902968587689652,1.2867498929268253,0.0146289200053804,1.671567846560678,0.2056854360654864,0.0,0.4705181578774861,1.086195419019207,0.1173720177436758,1.010389431677446,0.0091715621628102,3.9585160963379424,0.0189827550974299,0.0184602481520342,-25.250095732912268,83403000.0,-2500669000.0,-5069269000.0,5644520000.0,586145500.0,199924500.0,11130500.0,68.90264956240259,49.74873123687155,6.143696048818632,1.306190699074501,1.809091362983263,14.649162211940164,0.1264590107131777,0.416544538260072,2016-04-28,0.48,bmo,545963636.0,2025-04-25,2016-03-31,0.0625,28.72262295081967,1340959.7213114754
2015-12-31,IRM,USD,1020569,2016-02-26,2016-02-26 09:12:12,2015,Q4,752427000.0,324425000.0,428002000.0,0.568828604,0,164219000.0,53070000.0,217289000.0,548000.0,302761000.0,627186000.0,1207000.0,68958000.0,85472000.0,212468000.0,0.282376895,123269000.0,0.1638285176,-106742000.0,16527000.0,0.0219649215,10587000.0,5705000.0,0.0075821309,0.027,0.027,211208000,211526000,https://www.sec.gov/Archives/edgar/data/1020569/000102056916000013/0001020569-16-000013-index.htm,https://www.sec.gov/Archives/edgar/data/1020569/000102056916000013/irm201510k.htm,3.562492897996288,0.0270112874512329,1.0495104352107876,0.5399842808984509,0.6078415590318549,2.502779250785955,-11.545353395704709,2.409193780538616,23.26917541002235,5704728080.0,10422025080.0,249.9880841367222,7.581769500562845,25.735808900818803,50.01997457233294,11.211219378941555,11.211219378941555,13.85121092145816,49.05221059171264,47.017008007579,91.38199440591325,0.001000047665725,0.0199920133616605,9.522970829787694,0.7630283625749872,22.20238812432931,1.0191024089158038,1.7875953478929203,37.31734006734007,0.0180194390615021,18.01858019281332,0.2182524018941372,0.0,0.4672131883241659,0.4854893645816885,0.1430251705481063,1.2590789966304754,0.0088367376502969,1.2100401146105235,0.0079159791313504,0.0016861193512415,-24.83532110526117,16081000.0,-2438471000.0,-4964068000.0,5480317000.0,585731500.0,188217500.0,11176500.0,71.47757855579346,60.9173152500578,0.0,1.2591361069926068,1.477412450475887,0.0,0.0112117537698416,0.5095261543123366,2016-02-25,0.56,bmo,729600000.0,2025-04-25,2015-12-31,0.0178571428571426,29.3309375,1570748.71875
2015-09-30,IRM,USD,1020569,2015-10-30,2015-10-30 15:17:07,2015,Q3,746529000.0,317663000.0,428866000.0,0.5744800269,0,156390000.0,54079000.0,210469000.0,-551000.0,296961000.0,614624000.0,1132000.0,66267000.0,86492000.0,218978000.0,0.2933281895,126822000.0,0.1698822149,-100381000.0,26441000.0,0.0354185839,3774000.0,23110000.0,0.0309566005,0.11,0.11,210912000,211917000,https://www.sec.gov/Archives/edgar/data/1020569/000102056915000010/0001020569-15-000010-index.htm,https://www.sec.gov/Archives/edgar/data/1020569/000102056915000010/irm2015930-10q.htm,3.539528334091944,0.1095717645273858,0.6654765968745259,0.3137611895008345,2.336988886360188,2.9385573130025797,-10.92373596571082,2.8789447731755424,24.84714478076165,6542490240.0,11223885240.0,70.77553266983989,8.76387955457859,46.61320945873736,98.865,10.774781193799775,10.774781193799775,15.034761194809578,51.255766515357706,79.9666937879835,169.60658305125725,0.003532294149819,0.0101148030142112,8.521508422210657,0.775776924781501,21.37838047657755,1.3486265024259505,1.913803250486668,5.968320789216311,0.0153585250132524,4.348031155344007,0.2094895174869295,0.0,0.4383511284109231,0.5285165684647007,0.0993678745232938,0.8576631364750498,0.0082501818415627,2.664141291750331,0.0180815685607745,0.006169085806084,-24.25444142580792,317521000.0,-2303947000.0,-4821747000.0,5669970000.0,585070500.0,159541500.0,21981000.0,69.18687686613647,44.43718657822913,6.333032175607483,1.3008247239448745,2.025330740540024,14.21120207578401,0.0380596965764388,0.3517154073736914,2015-10-30,0.49,bmo,650177419.0,2025-04-25,2015-09-30,0.1224489795918368,29.8375,1559088.359375
2015-06-30,IRM,USD,1020569,2015-07-30,2015-07-30 17:27:03,2015,Q2,759734000.0,326283000.0,433451000.0,0.5705299486,0,152744000.0,54548000.0,207292000.0,-348000.0,294841000.0,621124000.0,831000.0,66918000.0,87549000.0,215878000.0,0.2841494523,129502000.0,0.1704570284,-68091000.0,61411000.0,0.0808322387,7404000.0,53330000.0,0.0701956211,0.25,0.25,210699000,212077000,https://www.sec.gov/Archives/edgar/data/1020569/000102056915000006/0001020569-15-000006-index.htm,https://www.sec.gov/Archives/edgar/data/1020569/000102056915000006/irm2015630-10q.htm,3.605778859890175,0.2531098866155036,0.8268952391800626,0.4493709035163907,0.5557596381568018,3.427757132212303,-10.744056687502075,3.3639789462693224,23.047418355094237,6531669000.0,11203721000.0,30.619112132008247,8.597310374420521,37.489634153341065,68.98532984094126,9.215277650408376,9.215277650408376,14.746899572745198,51.898391684192,64.30567768300942,118.32999936629984,0.008164835052113,0.0144958355973029,6.7568253932422575,0.7456742052294585,21.64209414576752,1.1629920160609466,1.9352341671896949,3.2259892236191603,0.0154156617550583,1.8880555034689668,0.201049314628541,0.0,0.4649203894324661,0.4565564267101351,0.1046998028257258,0.9085654890404232,0.0104260175271871,4.376958694974322,0.0198388844508351,0.0155182899327531,-24.325034765233816,122592000.0,-2263762000.0,-4825625000.0,5601592000.0,593139000.0,173322000.0,31330500.0,70.63351120260513,44.75078382876215,5.960500547071101,1.2741827281082496,2.0111379578150617,15.099403026516727,0.075241221975008,0.3775243356636719,2015-07-30,0.32,bmo,895360714.0,2025-04-25,2015-06-30,0.4999999999999999,35.02047619047619,1824381.047619048
2015-03-31,IRM,USD,1020569,2015-04-30,2015-04-30 14:46:18,2015,Q1,749286000.0,321654000.0,427632000.0,0.5707193248,0,142252000.0,52333000.0,194585000.0,-83000.0,280536000.0,602190000.0,814000.0,65712000.0,85951000.0,233778000.0,0.312001025,144934000.0,0.1934294782,-87247000.0,57687000.0,0.0769892938,15948000.0,41096000.0,0.0548468809,0.2,0.19,210237000,212249000,https://www.sec.gov/Archives/edgar/data/1020569/000102056915000003/0001020569-15-000003-index.htm,https://www.sec.gov/Archives/edgar/data/1020569/000102056915000003/irm2015331-10q.htm,3.564006335706845,0.1954746310116678,0.0262180301279032,-0.3734214243924713,0.5689055684774802,3.5983295043213137,-10.388889681645,3.5334170483787344,22.77217616309213,7669445759.999999,12271682760.0,46.655670624878326,10.235672039781871,1391.4088824383164,-97.69123466697236,10.324283689279872,10.324283689279872,16.377835379281077,52.49288966455355,2226.357539912917,-156.31323015782033,0.0053584054553637,-0.0102363329054953,6.356344104838764,0.7410933203002015,19.686356286733567,1.2320349950231213,2.2055941076211347,0.1320587460169146,0.0133698057472147,2.495109013042632,0.189850070600545,0.0,0.4615321714635309,15.242924528301886,0.112132083076422,0.9775220765319776,0.0091500441753883,3.9421569424870455,0.018379453163867,0.0119784669742507,-23.93632662186009,167142000.0,-2184129000.0,-4727479000.0,5584575000.0,617925000.0,193710000.0,20526000.0,70.87058880053812,51.59749295827193,11.48650413176892,1.2699203085965702,1.744270793791959,7.835282081262789,0.0553216980433597,0.3996394545203746,2015-04-28,0.29,bmo,679053124.0,2025-04-25,2015-03-31,0.7241379310344829,38.60737704918033,1483601.0327868853
2014-12-31,IRM,USD,1020569,2015-02-27,2015-02-27 16:48:37,2014,Q4,777978000.0,337024000.0,440954000.0,0.5667949479,0,170955000.0,54142000.0,225097000.0,7020000.0,313672000.0,650696000.0,72984000.0,0.0,88575000.0,172651000.0,0.2219227279,127895000.0,0.1643941088,-115184000.0,12711000.0,0.0163385083,876000.0,12749000.0,0.0163873529,0.0606,0.0606,203492000,210237000,https://www.sec.gov/Archives/edgar/data/1020569/000104746915001413/0001047469-15-001413-index.htm,https://www.sec.gov/Archives/edgar/data/1020569/000104746915001413/a2223186z10-k.htm,3.823138010339473,0.0626511115916104,0.8407996383150198,0.3831010555697521,0.6188597094726083,4.2751312090893006,-10.632786546891278,4.2082981149136085,22.917515184872133,7867000719.999999,12404598720.0,154.2670154521923,10.112112064865586,45.980038808622055,100.91332153210702,9.18661153376812,9.18661153376812,15.944665170480398,71.84782433927403,72.50081077289943,159.1189963826676,0.0016205667768135,0.0099094944534338,5.445791756923239,0.7097851222965258,26.28190974856792,1.0711806204011505,0.0,12.765500261135566,0.0489741915264499,30.22040944387795,0.2197427176603965,0.0,0.4617175179008946,0.5443610604572872,0.1197180382992835,1.0515156646909398,0.0083485651265202,2.435616448290837,0.0206533256582724,0.0036047728108123,-25.013690955909816,60983000.0,-2163687000.0,-4782668000.0,5645352000.0,632410000.0,172329500.0,22248000.0,74.71182989750353,54.213527819977216,0.0,1.2046285055990489,1.6601022589575103,0.0,0.0148875174431164,0.4576985827452676,2015-02-20,0.31,bmo,902479999.0,2025-04-25,2014-12-31,0.6774193548387097,36.3715625,2285837.875
2014-09-30,IRM,USD,1020569,2014-10-31,2014-10-31 15:09:07,2014,Q3,782697000.0,335506000.0,447191000.0,0.5713462553,0,157914000.0,53239000.0,211153000.0,992000.0,300347000.0,635853000.0,1158000.0,64378000.0,89194000.0,209320000.0,0.2674342689,141476000.0,0.1807544938,-85912000.0,55748000.0,0.0712255189,54890000.0,66000.0,8.43238e-05,0.0003,0.0003,193360000,194905000,https://www.sec.gov/Archives/edgar/data/1020569/000104746914008717/0001047469-14-008717-index.htm,https://www.sec.gov/Archives/edgar/data/1020569/000104746914008717/a2221922z10-q.htm,4.04787443111295,0.0003413322300372,0.5494983450558544,0.0464056681836988,0.9515308233347124,2.4186077782374844,-13.22025237898221,2.3571162598262307,23.04956040546131,6313204000.0,10521701000.0,23913.65151515152,8.06596166843619,59.41783136158718,703.5778446450463,13.851671449759968,13.851671449759968,13.442878917384377,50.26610452895089,99.02684210030964,1172.5956759166388,1.0454279633606012e-05,0.0014213068356416,9.637461274496898,0.6618837584999802,20.10556564112364,0.6108872632809196,2.1975830252570754,123.83566433566432,0.0082615736795452,790.2575757575758,0.2017562351714648,0.0,0.4556623765000552,0.9155490301267752,0.1242856431032698,1.090633899141198,0.0110783611027,0.1345458819958051,0.0004270416519297,1.827035642973982e-05,-28.435012412081093,-621922000.0,-2556268000.0,-5192291000.0,4962712000.0,627987000.0,151840500.0,40013000.0,71.17650891724384,37.99648888544467,11.936120367444992,1.264462128995987,2.368639909633238,7.540138439410284,0.0001448092467286,0.5030926768721555,2014-10-30,0.39,bmo,827425714.0,2025-04-25,2014-09-30,0.4615384615384613,34.953125,1793879.703125
2014-06-30,IRM,USD,1020569,2014-07-31,2014-07-31 14:13:57,2014,Q2,786892000.0,336961000.0,449931000.0,0.5717824047,0,157456000.0,51596000.0,209052000.0,491000.0,297993000.0,634954000.0,1378000.0,63579000.0,88941000.0,242447000.0,0.3081070846,147290000.0,0.187179435,-57256000.0,89927000.0,0.1142812483,-182775000.0,271637000.0,0.3452023912,1.4,1.4,192381000,193526000,https://www.sec.gov/Archives/edgar/data/1020569/000104746914006547/0001047469-14-006547-index.htm,https://www.sec.gov/Archives/edgar/data/1020569/000104746914006547/a2220924z10-q.htm,4.090279185574459,1.4119741554519418,0.7275146714072596,0.259999688118889,0.7554956050753453,6.742609717175813,-9.366855354738773,6.695749580260005,22.96549555309516,6819906450.000001,11029109450.0,6.276672958764822,8.666890056068686,48.72753965418691,136.34631739938823,5.294403498080559,5.294403498080559,14.01603962170158,45.49080603183376,78.80186803372392,220.4983996081489,0.0398300184894764,0.007334264827049,3.380504372600698,0.6465428104961394,17.36133257990406,1.0678268352947962,2.3166454332405357,0.5138485035392252,0.0076432133464235,0.1918958021182681,0.2000986158202142,0.0,0.4601481724761118,0.6426193198056588,0.1142990397665753,1.0112434085517366,0.0092986076869506,14.58492614211226,0.0758323841589145,0.0747082827163818,-24.935583555548625,61160000.0,-1802005000.0,-4475106000.0,5767218000.0,631547000.0,164836500.0,47682500.0,72.85373342212146,43.278717715106495,9.489822264297649,1.2353519273821074,2.079544051939075,9.483844638333805,0.2108761892192976,0.4675149832883705,2014-07-31,0.39,bmo,745484210.0,2025-04-25,2014-06-30,0.564102564102564,29.353174603174605,2125336.492063492
2014-03-31,IRM,USD,1020569,2014-05-01,2014-05-01 10:46:29,2014,Q1,770126000.0,335145000.0,434981000.0,0.5648179649,0,155507000.0,54553000.0,210060000.0,1121000.0,296493000.0,631638000.0,1526000.0,63838000.0,86433000.0,215258000.0,0.2795101061,142075000.0,0.1844827989,-59322000.0,74446000.0,0.0966672986,31725000.0,41667000.0,0.0541041336,0.22,0.22,191879000,193069000,https://www.sec.gov/Archives/edgar/data/1020569/000104746914004497/0001047469-14-004497-index.htm,https://www.sec.gov/Archives/edgar/data/1020569/000104746914004497/a2219921z10-q.htm,4.013602322296864,0.2171524763001683,0.2899796225746434,-0.3146409977120998,0.8854851234371661,5.478301429546746,-10.615533747830664,5.434768786579042,22.97034589506929,5290104030.0,9463887030.0,31.74037025703794,6.869140932782428,95.07564619615032,-87.62367333079357,5.072892901733572,5.072892901733572,12.28875149001592,43.96532082431315,170.08837062597723,-156.75694482632966,0.0078764046536151,-0.0114124409761371,4.165337575684347,0.6476721423036383,19.389676574157523,1.138018090683874,2.2255553118832045,1.3213564796124344,0.0099686130368971,1.2656298749610002,0.2019241007315686,0.0,0.4604510739169987,2.0850452004816598,0.1506428818141447,1.3422419677669408,0.0092725086544279,5.153048006064106,0.0138330693519892,0.0115148396539164,-25.985311055404708,119779000.0,-2036898000.0,-4667817000.0,5769634000.0,637414000.0,192046500.0,29917500.0,73.1704162695455,45.01732086111981,16.068119769055183,1.2300053025317992,1.999230480144598,5.601153171220857,0.0399561572585053,0.6046206202867432,2014-05-01,0.24,bmo,770100000.0,2025-04-25,2014-03-31,0.0,27.675737704918035,2078280.7704918035
2013-12-31,IRM,USD,1020569,2014-02-28,2014-02-28 13:49:22,2013,Q4,768532000.0,336081000.0,432451000.0,0.5626974544,0,184568000.0,61766000.0,246334000.0,2485000.0,329583000.0,665664000.0,2090000.0,65608000.0,83249000.0,171504000.0,0.2231579167,97400000.0,0.1267351262,-74753000.0,22647000.0,0.0294678686,-25898000.0,47265000.0,0.0615003669,0.25,0.25,191609000,191879000,https://www.sec.gov/Archives/edgar/data/1020569/000104746914001562/0001047469-14-001562-index.htm,https://www.sec.gov/Archives/edgar/data/1020569/000104746914001562/a2218353z10-k.htm,4.010938943369048,0.2466742167643482,0.9026924622538608,0.401458177851771,0.6290205574894707,5.520794952220407,-10.506667223355896,5.466016731990669,22.11446226429865,5815333150.0,9866529150.0,30.75919364222998,7.566806782281024,33.62163889595523,75.59940654940655,5.552489406476228,5.552489406476228,12.838150070524064,57.529440421214666,57.043830797160105,128.26500721500722,0.0081276512937182,0.0132276170626613,3.983166847760704,0.6270432684178052,23.62158317007184,0.9734188578679408,1.4845750518229484,3.613881866237646,0.0089024994208629,1.0953348143446524,0.2401565582174847,0.0,0.4615968272983411,0.5552658356652251,0.12496681985916,1.1536595034174584,0.00954807346994,5.507932589833862,0.0363320876847537,0.0131951460622965,-26.032759421530304,-25494000.0,-2013172000.0,-4661564000.0,5623772000.0,631680500.0,190712500.0,24720500.0,75.96831361608886,57.965311933730256,0.0,1.1847044605310215,1.552652733118971,0.0,0.0451286977079032,0.5012342844020897,2014-02-28,0.22,bmo,1097428571.0,2025-04-25,2013-12-31,-0.3181818181818182,27.71734375,1767511.3125
2013-09-30,IRM,USD,1020569,2013-10-31,2013-10-31 16:03:20,2013,Q3,755639000.0,310665000.0,444974000.0,0.5888711408,0,169427000.0,53501000.0,222928000.0,321000.0,302587000.0,613252000.0,1075000.0,65560000.0,79659000.0,223442000.0,0.2956994014,140283000.0,0.1856481733,-110438000.0,29845000.0,0.0394963733,24317000.0,3849000.0,0.0050937022,0.02,0.02,191332000,192268000,https://www.sec.gov/Archives/edgar/data/1020569/000104746913010140/0001047469-13-010140-index.htm,https://www.sec.gov/Archives/edgar/data/1020569/000104746913010140/a2217157z10-q.htm,3.9493602742876255,0.0201168649258879,0.6307413292078691,0.3435755649865156,0.8991229904041144,5.603694102397927,-9.3801036941024,5.533418351347396,21.38111763845044,5169790640.0,9023091640.0,335.7879085476747,6.841614368766038,42.83848029101515,78.64354381854967,4.883057503400333,4.883057503400333,11.941008391573224,40.382254186768826,74.76812124526644,137.2604718803718,0.0007445175768278,0.0127156019610109,3.8020742028109416,0.6308527532453326,17.24519562123504,1.1375715147857577,2.139765100671141,24.345571918499093,0.0100038867337962,13.43673681475708,0.224216854873822,0.0,0.4492993723807078,0.4552829360048392,0.0727119696045333,0.6897400168217025,0.012470240419036,1.5825890701413683,0.0046367954656649,0.0010953644370541,-24.30787714548533,113978000.0,-1794714000.0,-4366135000.0,5486840000.0,598065000.0,153327500.0,41527000.0,73.20745752932287,47.79170489112066,14.323113321423396,1.2293829486422332,1.8831719898890096,6.28355009000627,0.0036355221399425,0.2871657642213535,2013-10-31,0.3,bmo,729255172.0,2025-04-25,2013-09-30,0.0333333333333333,27.4825,1532331.796875
2013-06-30,IRM,USD,1020569,2013-08-01,2013-08-01 13:15:26,2013,Q2,754721000.0,321056000.0,433665000.0,0.5746030652,0,172056000.0,50261000.0,224531000.0,-15275000.0,303459000.0,624515000.0,818000.0,62989000.0,78928000.0,196015000.0,0.259718492,131869000.0,0.1747254946,-78264000.0,53605000.0,0.0710262468,26067000.0,26366000.0,0.034934764,0.14,0.14,190823000,192569000,https://www.sec.gov/Archives/edgar/data/1020569/000104746913007976/0001047469-13-007976-index.htm,https://www.sec.gov/Archives/edgar/data/1020569/000104746913007976/a2216128z10-q.htm,3.95508403075101,0.1381699271052231,0.5622802282743694,0.2167768036347819,1.3565765133133847,5.730645676883814,-6.412319269689712,5.661125755281072,20.97068487551291,5135046930.0,8814880930.0,48.69004522870363,6.803900951477433,47.85869864673427,124.13689817724702,4.75347151136796,4.75347151136796,11.679655038086922,44.97044068056016,82.15479542573814,213.0948346468114,0.0051345197735125,0.0080556225802594,3.646022810900578,0.6217541495660729,18.7732265387853,0.9748882727124448,2.0935242661417077,3.910204081632653,0.0100577464440037,1.958848517029508,0.2279729860438493,0.0,0.3657810901937371,0.6144683865195347,0.0873567848251208,0.8353182647476181,0.0104449193808042,4.195168648715503,0.0121261824066323,0.0065625231789035,-23.73663945121919,-26943000.0,-1223618000.0,-4195298000.0,4742523000.0,576441500.0,155138000.0,33613000.0,69.34124000789696,39.71811771155187,9.42256179607296,1.2979289091131094,2.2659684090171224,9.551542557938893,0.0244067934679474,0.3455034246395875,2013-08-01,0.31,bmo,810281481.0,2025-04-25,2013-06-30,-0.0645161290322581,34.92078125,1724342.828125
2013-03-31,IRM,USD,1020569,2013-05-02,2013-05-02 12:22:32,2013,Q1,747031000.0,321076000.0,425955000.0,0.5701972207,0,167524000.0,53615000.0,223451000.0,-2739000.0,303652000.0,624728000.0,225000.0,63182000.0,80201000.0,200529000.0,0.2684346433,122842000.0,0.1644402977,-65921000.0,56921000.0,0.0761963024,38571000.0,19386000.0,0.0259507303,0.1,0.1,190213000,192110000,https://www.sec.gov/Archives/edgar/data/1020569/000104746913005389/0001047469-13-005389-index.htm,https://www.sec.gov/Archives/edgar/data/1020569/000104746913005389/a2214768z10-q.htm,3.92733935114845,0.1019173242628001,0.5604506526893536,0.0317223323327007,1.2091655144495908,5.930598854967852,-6.206952206210932,5.859510128119529,20.57108609821621,6851472260.000001,10471179260.0,88.35593031053338,9.171603668388595,64.26970836264715,1135.4776698707326,6.14727156578186,6.14727156578186,14.017061219681649,52.21778027118272,98.22409136532058,1735.3628206827975,0.0028294648601554,0.0008806866277818,3.454029635145865,0.6112410251850534,18.05079065870772,1.1853683141166358,1.9442562755215096,5.191633388526347,0.0075402771900006,2.664912823687197,0.2242530765122197,0.0,0.3665693898872372,0.94339852727358,0.1346276125087178,1.2539868580192266,0.0076435917652681,3.665607161077983,0.0071412336129853,0.0048593042667428,-23.63006734555472,156558000.0,-1180643000.0,-4168967000.0,4943389000.0,571801000.0,168355000.0,33612500.0,68.84075761246856,47.25703571740024,9.421974859534814,1.3073650424744752,1.9044783201850644,9.552137565822749,0.0173934888812126,0.5287283203566528,2013-05-01,0.27,bmo,746700000.0,2025-04-25,2013-03-31,0.0,34.55733333333333,1246806.6666666667
2012-12-31,IRM,USD,1020569,2013-03-01,2013-03-01 12:47:58,2012,Q4,758467000.0,338411000.0,420056000.0,0.5538223812,0,167346000.0,64078000.0,231698000.0,-1554000.0,311580000.0,649991000.0,467000.0,64218000.0,79882000.0,207570000.0,0.2736704431,102561000.0,0.1352214401,-65772000.0,36789000.0,0.0485044175,9529000.0,25494000.0,0.0336125369,0.14,0.14,180022000,181967000,https://www.sec.gov/Archives/edgar/data/1020569/000104746913002039/0001047469-13-002039-index.htm,https://www.sec.gov/Archives/edgar/data/1020569/000104746913002039/a2213054z10-k.htm,4.213190610036551,0.1416160247080912,0.7332381597804712,0.2293219717590072,1.413638333092622,6.457255224361467,-6.51204297252558,6.387947028696493,21.60414282698781,5589683100.0,9171271100.0,54.81371204989409,7.369711668404822,42.3464048970068,135.39914977109223,4.860716574591881,4.860716574591881,12.091852513029572,44.18399142457966,69.47985287767331,222.15611995252283,0.0045609025670882,0.0073855707490823,3.3261734426346403,0.6015726748762531,17.254844148961794,1.1316521410504192,1.5970755862842194,6.4433759640730255,0.0333718381995573,7.316937318584765,0.220637153626987,0.0,0.3671963699953714,0.6872476306638686,0.1196044125848586,0.8550369476700347,0.0126056901618659,4.511574275751411,0.0137021548897358,0.0063361484051516,-24.971664574329804,119139000.0,-1172311000.0,-4171799000.0,4931625000.0,574350000.0,146441000.0,35112000.0,67.8974826854695,44.71131257553685,8.939071129484562,1.3255277874868927,2.0129133951939093,10.068160180887778,0.0221692547029446,0.5039161880214641,2013-02-28,0.23,bmo,967533333.0,2025-04-25,2012-12-31,-0.2173913043478261,33.055,1687832.758064516
2012-09-30,IRM,USD,1020569,2012-11-02,2012-11-02 16:40:53,2012,Q3,748125000.0,310344000.0,437781000.0,0.5851709273,0,145662000.0,55033000.0,204498000.0,84747000.0,285442000.0,595786000.0,596000.0,61381000.0,80944000.0,227760000.0,0.3044411028,153966000.0,0.2058025063,-69127000.0,84839000.0,0.1134021721,31120000.0,52809000.0,0.0705884712,0.31,0.31,171776000,173047000,https://www.sec.gov/Archives/edgar/data/1020569/000104746912010009/0001047469-12-010009-index.htm,https://www.sec.gov/Archives/edgar/data/1020569/000104746912010009/a2211536z10-q.htm,4.355235888599106,0.307429442995529,0.5154794616244411,0.1467783625186289,1.9477866523845009,7.562901685916542,-6.036780458271237,7.493532274590164,22.1265368852459,5787133440.0,9191977440.0,27.39653013690848,7.735516711779448,65.35662913480975,229.5297441795899,4.495877079790461,4.495877079790461,12.28668663659148,40.35817281348788,103.80902164951948,364.5729361837148,0.0091252431877568,0.0043567338236458,2.9050659216957,0.5909731611241273,14.949262381454162,1.3797091695087462,2.5083657809419853,1.6483367151287254,0.0080067274204757,0.8774261962922987,0.1947027568922305,0.0,0.3691934113779765,0.715258563248896,0.0846569757727652,0.8984438171165932,0.0062583124477861,7.199581946060561,0.0173273134838433,0.0132304440763266,-24.701855905365125,293369000.0,-1036974000.0,-3962466000.0,5039592000.0,574438500.0,130714000.0,36612000.0,69.35338345864662,36.18107648287062,10.617508313355502,1.2977016478751084,2.487488177489941,8.476565060635856,0.0410259716953501,0.3687010991058122,2012-10-31,0.32,bmo,772232258.0,2025-04-25,2012-09-30,-0.03125,32.723333333333336,1229189.7936507936
2012-06-30,IRM,USD,1020569,2012-08-01,2012-08-01 14:18:35,2012,Q2,752165000.0,313060000.0,439105000.0,0.5837881316,0,203515000.0,58372000.0,203515000.0,77510000.0,281025000.0,594085000.0,493000.0,58216000.0,77510000.0,226941000.0,0.3017170435,158687000.0,0.210973656,-68282000.0,90405000.0,0.1201930427,48964000.0,38055000.0,0.0505939521,0.22,0.22,171296000,172231000,https://www.sec.gov/Archives/edgar/data/1020569/000104746912007635/0001047469-12-007635-index.htm,https://www.sec.gov/Archives/edgar/data/1020569/000104746912007635/a2210421z10-q.htm,4.391024892583598,0.2221593031944704,0.8015715486643004,0.4712602746123669,0.9937768541005044,7.299201382402392,-6.255172333271063,7.236660517466841,20.731423967868484,5645916160.0,8968680160.0,37.09050164235975,7.506220257523283,41.11922392320802,69.94011966553113,4.554587011570566,4.554587011570566,11.923820119255748,39.51987591488537,65.3189238634874,111.1016433570765,0.0067402701211914,0.0142979452248897,2.817814620877033,0.5738249300336509,14.641532380662817,1.1414427084534138,2.725831386560396,3.313288771989093,0.007579106523608,1.1244514518460125,0.2705722813478425,0.0,0.3814242053669233,0.4120795886559946,0.075224186182553,0.8128753268396403,0.0083984232183098,6.0144041937124415,0.013547513597313,0.0101064906217184,-24.630284711843824,110428000.0,-1071486000.0,-3945734000.0,4808585000.0,565367000.0,137951000.0,39509000.0,68.48753930321139,39.28940139270427,10.525394493068422,1.3141076598116277,2.290694100946834,8.5507483885065,0.0306991467484557,0.3303112740519335,2012-07-26,0.29,bmo,681681249.0,2025-04-25,2012-06-30,0.103448275862069,30.50126984126984,2231604.412698413
2012-03-31,IRM,USD,1020569,2012-05-10,2012-05-10 09:36:17,2012,Q1,746498000.0,315298000.0,431200000.0,0.5776304826,0,210660000.0,57967000.0,210660000.0,78008000.0,288668000.0,603966000.0,545000.0,58784000.0,78008000.0,223670000.0,0.299625719,141813000.0,0.1899710381,-55480000.0,86333000.0,0.1156506782,25260000.0,55350000.0,0.0741462134,0.32,0.32,171320000,172223000,https://www.sec.gov/Archives/edgar/data/1020569/000104746912005707/0001047469-12-005707-index.htm,https://www.sec.gov/Archives/edgar/data/1020569/000104746912005707/a2208952z10-q.htm,4.357331309829559,0.3230796170908241,0.4371001634368433,0.0931590007004436,1.0407016110203129,7.406041326173243,-5.917686201260799,7.352416530469298,20.50233481204763,4934016000.0,8209399000.0,22.28552845528456,6.609550193034677,65.88878799209444,309.1488721804511,3.9170794908924624,3.9170794908924624,10.997214995887465,36.703174319309696,109.62821163399391,514.3733709273183,0.011218042260098,0.0032346875243209,2.741848309326017,0.5674208123980756,14.643819019090625,1.1977266301693783,2.412442161132281,1.2261392104530644,0.0087514916854748,0.780126467931346,0.2821976750105158,0.0,0.375022631600911,0.7868703594893435,0.0789339020332271,0.8399834637699753,0.0131279655136383,7.310735813891513,0.0186756542997277,0.0145504693610753,-24.51293048097128,153859000.0,-1013818000.0,-3885820000.0,4839138000.0,559499000.0,147808500.0,21203000.0,67.31716628845624,39.74411509112015,12.10454871264645,1.3369546723691117,2.26448619609871,7.435221430929586,0.043941963264995,0.3439411627363997,2012-04-26,0.26,bmo,718851851.0,2025-04-25,2012-03-31,0.0384615384615384,30.415,1513824.4838709678
2011-12-31,IRM,USD,1020569,2012-02-28,2012-02-28 17:12:23,2011,Q4,729440000.0,304632000.0,424808000.0,0.5823755209,0,184785000.0,0.0,184785000.0,80804000.0,265589000.0,570221000.0,655000.0,57480000.0,73295000.0,251906000.0,0.3453416319,173151000.0,0.2373752468,-61716000.0,113622000.0,0.1557660671,43372000.0,32056000.0,0.0439460408,0.19,0.19,171320000,171320000,https://www.sec.gov/Archives/edgar/data/1020569/000104746912001785/0001047469-12-001785-index.htm,https://www.sec.gov/Archives/edgar/data/1020569/000104746912001785/a2207506z10-k.htm,4.25776325005837,0.1871118374970815,1.1935559187485407,0.8103315433107635,1.049760681765118,7.321130049031053,-8.231152229745506,7.271118374970815,19.910506654214338,5276656000.0,8450399000.0,41.15185924631894,7.233845141478394,25.805242566510177,38.00913373575555,4.235937088580768,4.235937088580768,11.584775992542223,33.54584249680436,41.32628618935837,60.870434932937634,0.0060750596589961,0.0263094656919079,2.692157265703772,0.5551141831717831,12.598917850309242,1.0770526365381672,3.012369519832985,2.910747330960854,0.0088838461328538,1.4623471425006238,0.2533244680851064,0.0,0.4410367840605383,0.3210778560250391,0.0900060320245667,0.895750051163108,0.0065913577538933,5.532768492851531,0.0203313083486606,0.0094928958751685,-24.43775537006771,65420000.0,-1410161000.0,-3872552000.0,5136920000.0,554531500.0,143425500.0,23686000.0,69.17318765080061,46.20095722051524,0.0,1.3010821541770938,1.948011587085388,0.0,0.0257335705248826,0.3832243754377772,2012-02-23,0.27,bmo,667620000.0,2025-04-25,2011-12-31,0.111111111111111,30.401587301587305,2201284.365079365
2011-09-30,IRM,USD,1020569,2011-11-08,2011-11-08 16:33:11,2011,Q3,772082000.0,309703000.0,462379000.0,0.5988729176,0,210110000.0,60597000.0,210110000.0,77838000.0,287948000.0,597651000.0,614000.0,50433000.0,77838000.0,252269000.0,0.3267386107,116797000.0,0.1512753827,-67068000.0,49729000.0,0.0644089617,16258000.0,37338000.0,0.0483601483,0.19,0.19,195610000,196717000,https://www.sec.gov/Archives/edgar/data/1020569/000104746911009218/0001047469-11-009218-index.htm,https://www.sec.gov/Archives/edgar/data/1020569/000104746911009218/a2205904z10-q.htm,3.9470476969480086,0.1908798118705587,0.8583456878482695,0.5807371811257093,2.458355912274424,8.760804662338327,-2.7881294412351108,8.723102090895148,17.23244721639998,6185188200.0,9024715200.0,41.41349429535594,8.011050898738736,36.838304715278646,54.44803781756721,3.624857266430917,3.624857266430917,11.68880403894923,35.774174393207254,53.75021709221505,79.44431416046058,0.006036679692301,0.0183661347604588,1.9459388182563004,0.5195080359787296,11.255949006814154,1.6694863712072123,2.315884440743164,5.016312628842879,0.0081961936097595,1.357732069205635,0.2721343069777562,0.0,0.353454924028893,0.3234227312523451,0.0703332029499457,0.7689682517205245,0.005702762141845,6.120779520277563,0.0137917644760381,0.0090355235608935,-19.231432442104182,505254000.0,-545386000.0,-3417799000.0,5160308000.0,563019000.0,132051500.0,47803000.0,63.92841692980798,37.91471183682431,13.76635034210195,1.40782463139699,2.3737487545029508,6.537680486363253,0.0218821022477533,0.2776085067225602,2011-10-27,0.31,bmo,700508823.0,2025-04-25,2011-09-30,0.0967741935483871,32.505,2311971.953125
2011-06-30,IRM,USD,1020569,2011-08-08,2011-08-08 16:22:26,2011,Q2,762889000.0,311382000.0,451507000.0,0.5918383933,0,224569000.0,0.0,224569000.0,79778000.0,304347000.0,615729000.0,810000.0,49011000.0,79778000.0,226938000.0,0.2974718471,147371000.0,0.1931748918,-49659000.0,95703000.0,0.125448132,30173000.0,252684000.0,0.331219876,1.25,1.24,201653000,203311000,https://www.sec.gov/Archives/edgar/data/1020569/000104746911007100/0001047469-11-007100-index.htm,https://www.sec.gov/Archives/edgar/data/1020569/000104746911007100/a2205103z10-q.htm,3.7831770417499366,1.2530634307448931,0.6135291813164198,0.3829300828651197,1.3459953484451013,10.22602688777256,-1.467967250673186,10.183860393844872,14.78842367829886,6874350770.000001,9536045770.0,6.801331673156988,9.010944934322032,55.5637792596185,89.0240843574768,3.3474535865204915,3.3474535865204915,12.499912529870008,42.020489164441386,77.07764120594892,123.4935154560406,0.0367575075020502,0.0112329153084517,1.4282773813477363,0.4575349739552582,11.72873207660242,1.339750398300584,3.006896411009773,1.817487366318016,0.0054594246432379,0.148525430973073,0.2943665461161453,0.0,0.36784272666678,0.3758567733591982,0.0609538215913455,0.6913721583728571,0.004718904060748,16.944704732603387,0.0177702098975041,0.0623515448221745,-17.95082146062791,271254000.0,-296020000.0,-3278944000.0,5107582000.0,570561500.0,132886000.0,119613000.0,68.14286219882578,38.624486964564426,13.941268281403548,1.3207546189856236,2.330128037236312,6.4556536882696856,0.123044050319292,0.2305990984513,2011-07-28,0.27,bmo,758600000.0,2025-04-25,2011-06-30,0.0,32.79222222222222,2814397.0634920634
2011-03-31,IRM,USD,1020569,2011-05-05,2011-05-05 12:19:02,2011,Q1,750292000.0,319483000.0,430809000.0,0.5741884493,0,245599000.0,-30472000.0,215127000.0,89153000.0,296206000.0,615689000.0,551000.0,48987000.0,74128000.0,226721000.0,0.3021770191,133880000.0,0.1784371951,-33753000.0,93846000.0,0.1250793025,16685000.0,73460000.0,0.0979085476,0.37,0.37,200228000,201251000,https://www.sec.gov/Archives/edgar/data/1020569/000104746911004620/0001047469-11-004620-index.htm,https://www.sec.gov/Archives/edgar/data/1020569/000104746911004620/a2203816z10-q.htm,3.747188205445792,0.3668817547995285,0.5960055536688176,0.320070120063128,0.948004275126356,10.128383642647382,-3.779561300117866,10.085917054557804,15.253805661545838,6253120440.0,9068555440.0,21.28069847536074,8.334249119009666,52.39884059428341,97.5723694352989,3.0963966718214517,3.0963966718214517,12.086701497550289,39.99874488909276,75.99114641728886,141.50382199197966,0.0117477347037953,0.0102488030759887,1.4881293875709771,0.4637059045719265,12.418060082656655,1.4337165365008722,2.732969971625125,1.5465973743212245,0.0059992447546716,0.5106724748162265,0.3273378897815783,0.0,0.4296843175932395,0.462974601339065,0.073637996939858,0.7453323980142457,0.0059163632292494,9.124561705864004,0.0192624755221524,0.0198745516998071,-18.703751473320416,351807000.0,-756774000.0,-3290006000.0,5620415000.0,569667000.0,146669500.0,95496000.0,67.59452319896786,37.22423415330393,53.80342616039038,1.331468819375802,2.4177797622200865,1.6727559269498198,0.0363756466382732,0.2759354336056895,2011-04-28,0.25,bmo,777083333.0,2025-04-25,2011-03-31,-0.04,26.56951612903226,2344920.8870967743
2010-12-31,IRM,USD,1020569,2011-03-01,2011-03-01 11:04:48,2010,Q4,788678000.0,308923000.0,479755000.0,0.6083027547,0,241139000.0,0.0,241139000.0,91571000.0,332710000.0,641633000.0,787000.0,53309000.0,44296000.0,230182000.0,0.2918580206,124403000.0,0.1577361103,-50622000.0,73781000.0,0.0935502195,39547000.0,33018000.0,0.0418649943,0.16,0.16,200128000,200228000,https://www.sec.gov/Archives/edgar/data/1020569/000104746911001600/0001047469-11-001600-index.htm,https://www.sec.gov/Archives/edgar/data/1020569/000104746911001600/a2202093z10-k.htm,3.940867844579469,0.1649844099776143,0.899944035817077,0.5053265909817717,1.2926377118644068,9.810031579788935,-3.8945824672209786,9.772970299008634,15.304025423728811,5005201280.0,7755963280.0,37.89752014052941,6.34631786356409,27.79061697685782,49.49274478394146,2.5590991515176307,2.5590991515176307,9.83413164815045,33.69491654429973,43.06380358015369,76.6930018787699,0.0065967377040229,0.0202049816466122,1.5386981074676165,0.4705362066569009,11.950378396225595,1.234221589034943,2.3336209645650827,5.260968627680084,0.0025037954118001,0.379550548185838,0.3057508894631269,0.0,0.4288247645055762,0.4384910940345578,0.1001346557150066,1.7828697850821744,0.0061102249587284,6.023182225077578,0.0102383520919117,0.0090382965583958,-18.69790209266069,200244000.0,-779415000.0,-3377359000.0,5462033000.0,583028500.0,149782000.0,17552000.0,65.71050542807077,46.96315910437228,0.0,1.3696440076620235,1.916395781637717,0.0,0.0168817058611495,0.3946174448353054,2011-02-24,0.27,bmo,703157142.0,2025-04-25,2010-12-31,0.037037037037037,22.8609375,2412609.796875
2010-09-30,IRM,USD,1020569,2010-11-08,2010-11-08 16:42:41,2010,Q3,782574000.0,311516000.0,471058000.0,0.6019341302,0,217226000.0,0.0,217226000.0,82807000.0,300033000.0,611549000.0,200000.0,55857000.0,87287000.0,186251000.0,0.2379979401,-83975000.0,-0.1073061461,-237464000.0,-130466000.0,-0.1667139465,20351000.0,-153776000.0,-0.1965002671,-0.76,-0.76,201249000,201249000,https://www.sec.gov/Archives/edgar/data/1020569/000104746910009417/0001047469-10-009417-index.htm,https://www.sec.gov/Archives/edgar/data/1020569/000104746910009417/a2200813z10-q.htm,3.8885857817927048,-0.7641081446367436,0.8791993997485702,0.5393318724565092,0.9151498889435477,9.77501503113059,-1.8192835740798712,9.74185710239554,15.232801156775936,4495902660.0,7321458660.0,-7.309174806211632,5.74501920585146,25.409480495992945,41.42162023217247,2.293197258509012,2.293197258509012,9.355611942129434,39.30963409592432,41.37866744283309,67.45401381978994,-0.0342035874949303,0.0241419817572295,1.5351538530985611,0.4739045599392087,15.17068901643481,1.3311767398409458,-1.50339259179691,-1.1731966555494406,0.0028116711939666,-0.0822039850171678,0.277578861551751,0.0,0.3674021613883221,0.3865647854050571,0.0874013192362639,0.771768688293371,0.0051279495613194,,-0.0172101534759514,-0.0382758065371242,-18.580507232334075,247444000.0,-366129000.0,-3389096000.0,5079655000.0,585703000.0,131337000.0,35103500.0,67.87945932269665,39.9747043490543,10.141886773071048,1.3258797417955712,2.251423780752219,8.874088422971742,-0.0784355730745473,0.3398675272920611,2010-10-28,0.27,bmo,601425000.0,2025-04-25,2010-09-30,0.1851851851851851,22.32921875,2677378.5625
2010-06-30,IRM,USD,1020569,2010-08-05,2010-08-05 17:17:02,2010,Q2,779791000.0,308527000.0,471264000.0,0.6043465493,0,235656000.0,0.0,235656000.0,85174000.0,320830000.0,629357000.0,578000.0,56823000.0,85318000.0,239771000.0,0.3074811071,150434000.0,0.1929157941,-49232000.0,90170000.0,0.115633548,48418000.0,41292000.0,0.0529526501,0.2,0.2,203006000,204210000,https://www.sec.gov/Archives/edgar/data/1020569/000104746910007072/0001047469-10-007072-index.htm,https://www.sec.gov/Archives/edgar/data/1020569/000104746910007072/a2199654z10-q.htm,3.841221441730786,0.2034028550880269,0.6745170093494773,0.3832990157926366,1.6771868811759258,10.423608169216674,-2.110376047998581,10.405175216496064,15.879520802340815,4559514760.0,7385850760.0,27.605315557492972,5.847098466127463,33.29790011027452,58.59655014650696,2.1585412578533583,2.1585412578533583,9.471577332900738,30.80377009730117,53.93848551460224,94.91917390633836,0.0090562268516485,0.0170658511038573,1.4992167353985892,0.4764208309914585,11.787647380208616,1.5379402719879725,2.6474138993013394,3.2796273232420003,0.0027897705500573,0.3080499854693403,0.302204052111399,0.0,0.3827948325103172,0.431742994646939,0.0758139039819644,0.6823207608143669,0.0056297136027474,6.900721179800396,0.0117008511907818,0.0100647829607504,-18.40895589292927,393584000.0,-428419000.0,-3405807000.0,5394877000.0,581887500.0,128352500.0,35102500.0,67.07674235788821,36.26230443364762,10.23984934867937,1.341746734207882,2.4819161772986886,8.789191806968065,0.0195482392997628,0.2912179935568407,2010-07-29,0.23,bmo,641169230.0,2025-04-25,2010-06-30,0.1304347826086956,25.212539682539685,1579455.5555555555
2010-03-31,IRM,USD,1020569,2010-05-10,2010-05-10 10:17:29,2010,Q1,776506000.0,325232000.0,451274000.0,0.5811597077,0,233852000.0,0.0,233852000.0,84731000.0,319636000.0,644868000.0,422000.0,56562000.0,85784000.0,210078000.0,0.2705426616,132691000.0,0.170882131,-65381000.0,67310000.0,0.0866831679,41471000.0,25566000.0,0.0329244075,0.13,0.12,203581000,204705000,https://www.sec.gov/Archives/edgar/data/1020569/000104746910005007/0001047469-10-005007-index.htm,https://www.sec.gov/Archives/edgar/data/1020569/000104746910005007/a2198510z10-q.htm,3.814236102583247,0.1255814638890662,0.6442988294585448,0.229834807766933,1.598489053497134,10.570436337379226,-2.165511516300637,10.55037061415358,16.10029423177998,5578119400.0,8473849400.0,54.54626652585465,7.183614035178093,42.52685050355653,119.21605898696302,2.597065165013466,2.597065165013466,10.91279320443113,40.33668161349594,64.60351612829446,181.10385552468475,0.0045832651054403,0.008388131670326,1.499706451320038,0.4780094140112624,13.784070678509886,1.502010582593686,2.3459389696262507,5.07631874298541,0.0022803384237347,0.4975357897207228,0.3011592956139424,0.0,0.3847633935375167,0.6432791784518972,0.1086623928211758,0.9686814763790828,0.0060875254022505,5.459940218692496,0.008418623230214,0.0061666009789955,-18.6992732622396,364414000.0,-440857000.0,-3496416000.0,5464941000.0,583987500.0,153813000.0,17551000.0,67.52544088519599,36.63707753234614,9.713619816008263,1.3328309866649273,2.456527814494505,9.265341006210472,0.0119030381473609,0.4144640216916117,2010-04-29,0.2,bmo,691047619.0,2025-04-25,2010-03-31,0.0499999999999999,24.577377049180328,1405617.3606557378
2009-12-31,IRM,USD,1020569,2010-02-26,2010-02-26 16:23:27,2009,Q4,779336000.0,320066000.0,459270000.0,0.5893093608,0,229479000.0,0.0,229479000.0,82684000.0,312163000.0,632229000.0,632000.0,58257000.0,73562000.0,232190000.0,0.2979331123,146644000.0,0.18816531,-55395000.0,91249000.0,0.1170855703,26576000.0,61254000.0,0.078597678,0.3,0.3,203463000,203581000,https://www.sec.gov/Archives/edgar/data/1020569/000104746910001537/0001047469-10-001537-index.htm,https://www.sec.gov/Archives/edgar/data/1020569/000104746910001537/a2196707z10-k.htm,3.830357362272256,0.3010571946742159,0.8995296442104953,0.4062950020396829,2.195268918673174,10.54366641600684,-4.070907241120007,10.523495672431842,16.268515651494376,4630817880.0,7435945880.0,18.90006317954746,5.942004321627642,25.30211221663088,56.018409987177314,2.1627794326579,2.1627794326579,9.541386359670284,32.02526327576554,40.62892170843783,89.95168364261002,0.0132274690102906,0.0178512742548191,1.5187147793093592,0.4749325016496675,12.081174899866488,1.4869328377811108,2.517191067167894,2.829944489972632,0.0,0.0,0.2944545099931223,0.0,0.4342919661846628,0.5483250555947132,0.1287698758943511,1.3642233761996685,0.006051305213669,8.442980333948617,0.0171150717317661,0.0158143850645533,-18.7547613079528,396711000.0,-828279000.0,-3490163000.0,5938436000.0,590901500.0,155902000.0,0.0,67.60093207551044,49.27355607905869,0.0,1.3313425900617724,1.8265375418732988,0.0,0.0286080979215764,0.4932346421708123,2010-02-25,0.22,bmo,685784000.0,2025-04-25,2009-12-31,0.1363636363636363,24.92203125,1313591.921875
2009-09-30,IRM,USD,1020569,2009-10-30,2009-10-30 14:15:06,2009,Q3,764885000.0,321470000.0,443415000.0,0.5797145976,0,218633000.0,0.0,218633000.0,82133000.0,300766000.0,622236000.0,567000.0,59469000.0,81428000.0,224535000.0,0.2935539329,142649000.0,0.1864973166,-60859000.0,81790000.0,0.1069311073,38613000.0,43186000.0,0.0564607751,0.21,0.21,203216000,204893000,https://www.sec.gov/Archives/edgar/data/1020569/000104746909009361/0001047469-09-009361-index.htm,https://www.sec.gov/Archives/edgar/data/1020569/000104746909009361/a2195150z10-q.htm,3.7639014644516178,0.2125127942681678,0.9133089914179986,0.4957729706322337,2.2107658845760176,10.08815250767656,-2.24674730336194,10.077700574757891,16.56419770096843,5417738560.0,8275116560.0,31.362817579771225,7.0830759656680415,29.190559000856684,53.77461374306445,2.6454447423032788,2.6454447423032788,10.81877218143904,36.85446170975572,44.58599755386613,82.13596720562984,0.0079712225907039,0.0185961354325669,1.6146102199760737,0.4930703935522593,12.725757676976864,1.6599750241511746,2.39871193394878,4.298561734256665,0.0,0.0,0.2858377403139034,0.0,0.3737794362700327,0.4571684114677342,0.1109317086882341,1.6152059696946623,0.006342129862659,6.94167897206027,0.0125185497839761,0.0102834190880222,-18.50035307259271,476170000.0,-456575000.0,-3458484000.0,5450741000.0,592791500.0,130095500.0,0.0,70.17843205187708,38.235511867359314,0.0,1.282445295065448,2.3538327487863637,0.0,0.0210874288923069,0.4175360207857649,2009-10-29,0.22,bmo,764900000.0,2025-04-25,2009-09-30,0.0,28.84125,1226413.1875
2009-06-30,IRM,USD,1020569,2009-07-31,2009-07-31 16:24:53,2009,Q2,746028000.0,312698000.0,433330000.0,0.5808495124,0,215854000.0,0.0,215854000.0,78680000.0,295276000.0,607974000.0,578000.0,55753000.0,78680000.0,236783000.0,0.3173915724,138054000.0,0.1850520356,-36781000.0,101273000.0,0.1357495965,13761000.0,87638000.0,0.1174728026,0.43,0.43,202502000,204199000,https://www.sec.gov/Archives/edgar/data/1020569/000104746909007072/0001047469-09-007072-index.htm,https://www.sec.gov/Archives/edgar/data/1020569/000104746909007072/a2193879z10-q.htm,3.684052503185154,0.4327759725829868,0.5965323799271118,0.2802540221824969,1.5607549555066125,9.637267780071308,-2.4586967042300816,9.623287671232877,16.27006153025649,5821932500.0,8744843500.0,16.607899826559255,7.803906153656431,48.195204430500254,102.58550359458698,2.987544483985765,2.987544483985765,11.721870358753293,36.93188911366103,72.39168784509806,154.08872815054977,0.0150530773072343,0.0097479659889564,1.662086943581349,0.5004198532900507,12.344260356528974,1.6440021809445144,2.4761716858285654,1.38037069201938,0.0,0.0,0.289337665610406,0.0,0.378440691918222,0.530194786380682,0.0858506651224887,0.8010180472003702,0.0065372881446808,9.68020520602134,0.0204752524757945,0.0217840131920074,-18.58258190042568,435842000.0,-497891000.0,-3408320000.0,5272615000.0,575906000.0,122414500.0,0.0,71.07513390918304,35.579440866267134,0.0,1.2662656410186777,2.5295507126793835,0.0,0.0449717380762392,0.3162783577446149,2009-07-30,0.22,bmo,713565217.0,2025-04-25,2009-06-30,0.0454545454545455,27.205396825396825,1627254.142857143
2009-03-31,IRM,USD,1020569,2009-05-08,2009-05-08 10:15:26,2009,Q1,723346000.0,316980000.0,406366000.0,0.5617864756,0,210393000.0,0.0,210393000.0,76280000.0,286673000.0,603653000.0,789000.0,56310000.0,77520000.0,192351000.0,0.2659183848,121197000.0,0.1675505222,-62676000.0,58521000.0,0.0809031916,31577000.0,28799000.0,0.0398135885,0.14,0.14,202066000,203312000,https://www.sec.gov/Archives/edgar/data/1020569/000104746909005217/0001047469-09-005217-index.htm,https://www.sec.gov/Archives/edgar/data/1020569/000104746909005217/a2192810z10-q.htm,3.579751170409668,0.1425227400948205,0.6309423653657715,0.2633990874268803,1.3452584799026062,8.99724842378233,-5.059485514633833,8.98021438539883,15.91908089436125,4479803220.0,7368367220.0,38.88853102538283,6.193167889225903,35.137916261412485,84.16885653088832,2.4687606607751813,2.4687606607751813,10.186504411443488,38.30688283398579,57.794741787720014,138.4406887870134,0.0064286305861443,0.0118808789998592,1.7416521363432962,0.5061033884831672,15.01715093760885,1.4674083527066668,2.152317527970165,4.731739904988124,0.0,0.0,0.2908608052024895,0.0,0.4548576970305693,0.5825306685909705,0.1026728564200258,0.9580495356037152,0.0058879153268283,5.366321563141201,0.0099451419934693,0.0084599033657484,-18.47269209070304,310225000.0,-1022350000.0,-3452588000.0,5486966000.0,557743000.0,137912500.0,0.0,70.00666347778241,34.41538898353208,0.0,1.285591906955582,2.6151091897600054,0.0,0.0158707502937292,0.3675432779388912,2009-04-30,0.11,bmo,442016666.0,2025-04-25,2009-03-31,0.6363636363636362,21.064590163934422,2999146.180327869
2008-12-31,IRM,USD,1020569,2009-03-02,2009-03-02 10:29:15,2008,Q4,752555000.0,335046000.0,417509000.0,0.5547886865,0,215246000.0,0.0,215246000.0,76294000.0,291540000.0,626586000.0,0.0,236635000.0,74674000.0,200643000.0,0.2666157291,125969000.0,0.1673884301,-75307000.0,50662000.0,0.0673199965,49783000.0,1355000.0,0.0018005329,0.0067,0.0067,201816000,202066000,https://www.sec.gov/Archives/edgar/data/1020569/000104746909002067/0001047469-09-002067-index.htm,https://www.sec.gov/Archives/edgar/data/1020569/000104746909002067/a2191140z10-k.htm,3.728916438736275,0.0067140365481428,0.924698735481825,0.294813097078527,1.3793257224402429,8.950370634637492,-5.399497562135807,8.932790264399255,17.24268640742062,4990909680.0,7955754680.0,920.8320442804428,6.631953385466843,26.743845374801065,83.88365457662442,2.768451879874416,2.768451879874416,10.571658789058606,39.65129448822037,42.63100048762452,133.71465729940502,0.0002714935927271,0.0119212736384361,1.799007643750208,0.5101918338851262,14.77671785210548,1.3382620816697437,0.532334608151795,137.72619926199263,0.0,0.0,0.2860202908757499,0.0,0.4555764533840167,0.6811793011429704,0.1689192152068619,1.702346198141254,0.0252313784374564,1.1616536949631784,0.0003859428957839,0.0003915255946493,-19.114111368771557,246795000.0,-1089705000.0,-3574134000.0,5529582000.0,581651000.0,146865500.0,0.0,66.11437037824479,41.532386597661215,0.0,1.3612774270571424,2.1669835849276264,0.0,0.0007516169471593,0.629885638403298,2009-02-26,0.16,bmo,633768421.0,2025-04-25,2008-12-31,0.1875,21.465625,1647495.46875
2008-09-30,IRM,USD,1020569,2008-11-06,2008-11-06 16:12:20,2008,Q3,784338000.0,352251000.0,432087000.0,0.5508938748,0,218958000.0,0.0,218958000.0,76784000.0,295742000.0,647993000.0,1441000.0,59423000.0,76171000.0,230104000.0,0.2933735201,136345000.0,0.1738344948,-75083000.0,61262000.0,0.0781066326,50010000.0,11314000.0,0.0144249035,0.06,0.06,201575000,203518000,https://www.sec.gov/Archives/edgar/data/1020569/000104746908011730/0001047469-08-011730-index.htm,https://www.sec.gov/Archives/edgar/data/1020569/000104746908011730/a2188901z10-q.htm,3.8910479970234406,0.0561279920625077,0.7976038695274712,0.3344363140270371,1.5787870519657696,9.429949150440285,-5.754756294183307,9.413201041795858,17.24001984373062,4920445750.0,8017935750.0,108.724716059749,6.273374170319428,30.60416446382256,72.9884853294568,2.5931667550301296,2.5931667550301296,10.222551693275092,34.844834292319995,49.869917649912615,118.9357663096686,0.002299385172573,0.0137007912342088,1.8001555759101877,0.5145964848635686,13.461260995028336,1.3847502191060472,2.294481934604446,14.210447233515998,0.0,0.0,0.2791628099110332,0.0,0.4611325861059578,0.5806987317837751,0.1190341408933393,1.2257026952514736,0.0059668153270656,3.4478604453379376,0.0042600335492764,0.0031631298826309,-19.64903385836537,300715000.0,-1160015000.0,-3654552000.0,5752685000.0,606945500.0,143279000.0,0.0,70.04949396816168,35.54434196070416,0.0,1.2848058551415953,2.532048563439407,0.0,0.0059626891865256,0.4631675555004341,2008-10-30,0.19,bmo,709604761.0,2025-04-25,2008-09-30,0.1052631578947368,27.1278125,991255.0
2008-06-30,IRM,USD,1020569,2008-08-08,2008-08-07 17:40:41,2008,Q2,768857000.0,346971000.0,421886000.0,0.5487184223,0,225932000.0,0.0,225932000.0,72068000.0,298000000.0,644971000.0,1352000.0,59757000.0,74098000.0,195804000.0,0.2546689436,123886000.0,0.1611300931,-63289000.0,60597000.0,0.0788143959,24859000.0,35886000.0,0.0466744791,0.18,0.18,200855000,203038000,https://www.sec.gov/Archives/edgar/data/1020569/000104746908008923/0001047469-08-008923-index.htm,https://www.sec.gov/Archives/edgar/data/1020569/000104746908008923/a2187181z10-q.htm,3.827920639267133,0.1786662019865076,0.5830673869209131,0.1638545219187971,1.011660152846581,9.4825222175201,-5.865191307161883,9.461263100246446,17.313713873192103,5332700250.0,8547292250.0,37.15028318843003,6.935880469320042,45.53504551198853,162.03397800127618,2.8061792298438912,2.8061792298438912,11.11688161777808,43.652286214786216,72.98391497028486,259.7092841299262,0.0067294238036349,0.0061715450816872,1.798512583524439,0.525118112776768,16.417396988825562,1.264080052090502,2.073162976722392,3.263445354734437,0.0,0.0,0.2938543838451103,0.0,0.4736287778803769,0.718978413826081,0.1095145131019162,1.13634646009339,0.0062794511853309,6.167185641977447,0.0124855832271163,0.0104747741134198,-19.657149436160413,199541000.0,-1178053000.0,-3648849000.0,5653545000.0,594938500.0,149331500.0,0.0,70.63434422786031,38.24437777220575,0.0,1.2741677010501824,2.353287077542882,0.0,0.0188839693065774,0.4192128650021159,2008-07-31,0.17,bmo,768900000.0,2025-04-25,2008-06-30,0.0,28.7690625,929623.953125
2008-03-31,IRM,USD,1020569,2008-05-09,2008-05-09 16:22:30,2008,Q1,749384000.0,347751000.0,401633000.0,0.535950861,0,222228000.0,0.0,222228000.0,73075000.0,295303000.0,643054000.0,1219000.0,60019000.0,70777000.0,184361000.0,0.2460167284,106330000.0,0.1418898722,-53984000.0,52346000.0,0.0698520385,18272000.0,33482000.0,0.0446793633,0.17,0.16,200871000,203421000,https://www.sec.gov/Archives/edgar/data/1020569/000104746908006311/0001047469-08-006311-index.htm,https://www.sec.gov/Archives/edgar/data/1020569/000104746908006311/a2185599z10-q.htm,3.730672919435857,0.1666840907846329,0.3610327025802629,-0.1197136470670231,0.5347909852591962,9.18209696770564,-5.940115795709684,9.132931085124284,16.75217428100622,5311029240.0,8508612240.0,39.65585419031122,7.087193268070842,73.23436301209306,-220.8603667817191,2.895018012680011,2.895018012680011,11.354141855177051,46.151909785692204,117.32618469133078,-353.8325878487961,0.0063042394396608,-0.0045277476197815,1.8015443645031648,0.5224003367380696,17.344140029615808,1.2626606292336031,1.771605658208234,2.1659697748043727,0.0,0.0,0.2965475643995601,0.0,0.4801353148360275,1.3315867128142194,0.1288631729527185,1.3643980389109456,0.0066814877285877,5.852526981378188,0.0122048060869798,0.010180102251012,-19.58916170079305,178952000.0,-1193197000.0,-3621905000.0,5550897000.0,575253500.0,179947000.0,0.0,70.43280881363893,39.13714123036311,0.0,1.2778135859686457,2.2996058774516936,0.0,0.0182508867340659,0.4807463496472861,2008-05-01,0.11,bmo,549560000.0,2025-04-25,2008-03-31,0.3636363636363636,31.40475409836065,1023504.606557377
2007-12-31,IRM,USD,1020569,2008-02-29,2008-02-29 15:49:32,2007,Q4,727001000.0,334554000.0,392447000.0,0.5398163139,0,209751000.0,0.0,209751000.0,67792000.0,277543000.0,612097000.0,0.0,228593000.0,69856000.0,184760000.0,0.254139953,114904000.0,0.1580520522,-65035000.0,49869000.0,0.068595504,22256000.0,28001000.0,0.0385157655,0.14,0.14,200526000,200871000,https://www.sec.gov/Archives/edgar/data/1020569/000104746908002061/0001047469-08-002061-index.htm,https://www.sec.gov/Archives/edgar/data/1020569/000104746908002061/a2183111z10-k.htm,3.6254700138635374,0.1396377527103717,0.7817639607831404,0.2381037870400845,0.6263876006103947,8.999052491946182,-6.234358636785255,8.953726698782203,17.428567866511077,7423472520.000001,10564153520.0,66.27863754865899,10.21108983343902,47.35444693934832,155.4784174590542,4.134591242888293,4.134591242888293,14.53114028728984,57.17770902792813,67.38890000255161,221.25735182004777,0.0037719544222142,0.0064317608600779,1.8191979191904,0.5178073726668422,16.998706429963196,1.0740769279996656,0.5026575616926152,5.598514338773615,0.0,0.0,0.2885154215743857,0.0,0.4842633571346248,0.6954275216248629,0.1499557772272665,1.5606103985341273,0.0190659985337021,5.303891135620908,0.0114109007632508,0.0086071487194557,-19.721797921466543,56719000.0,-1250151000.0,-3680981000.0,5447375000.0,562067000.0,174062000.0,0.0,69.82715292000974,56.13587044243979,0.0,1.2888968866180066,1.6032529520012269,0.0,0.0155954897226608,0.5436601737430558,2008-02-28,0.18,bmo,1006615384.0,2025-04-25,2007-12-31,-0.2777777777777777,35.01984375,697758.171875
2007-09-30,IRM,USD,1020569,2007-11-09,2007-11-09 15:57:44,2007,Q3,701833000.0,322598000.0,379235000.0,0.5403493424,0,192274000.0,0.0,192274000.0,58174000.0,250448000.0,573046000.0,0.0,57556000.0,64369000.0,193156000.0,0.2752164689,128787000.0,0.1835009183,-66060000.0,62727000.0,0.0893759627,10647000.0,51334000.0,0.0731427562,0.26,0.25,200203000,202111000,https://www.sec.gov/Archives/edgar/data/1020569/000104746907008887/0001047469-07-008887-index.htm,https://www.sec.gov/Archives/edgar/data/1020569/000104746907008887/a2180793z10-q.htm,3.505606809088775,0.2564097441097286,0.6049709544812015,0.096242314051238,0.4532949056707442,8.619331378650669,-5.719185027197395,8.585265955055618,15.785158064564468,6274362020.0,9286291020.0,30.55656105115518,8.939964378990444,51.80413996383663,325.6363929831846,3.6504402034912817,3.6504402034912817,13.23148244667891,48.07663764004224,76.67206932139997,481.9540699605563,0.0081815489505337,0.0030709098293311,1.8051473240570728,0.525594412370411,15.593245873801488,1.1428734392657838,2.237594690388492,2.359391436474851,0.0,0.0,0.2739597596579243,0.0,0.4862824005286639,0.8409141573850079,0.1451185680924094,1.5822678618589694,0.0,7.037775326736423,0.0202740280305356,0.0169275620769057,-18.315171351078657,93934000.0,-1144998000.0,-3426170000.0,5162884000.0,541266500.0,141083000.0,0.0,71.82285529463562,38.90501491019784,0.0,1.2530830141853468,2.3133264492441845,0.0,0.0298662552158604,0.5087286404299636,2007-10-31,0.17,bmo,518721739.0,2025-04-25,2007-09-30,0.3529411764705882,27.862380952380956,666994.6984126985
2007-06-30,IRM,USD,1020569,2007-08-09,2007-08-09 17:15:14,2007,Q2,668689000.0,307963000.0,360726000.0,0.5394525706,0,188845000.0,0.0,188845000.0,60647000.0,249492000.0,557455000.0,0.0,61222000.0,61747000.0,172981000.0,0.2586867737,111234000.0,0.1663463882,-57987000.0,53247000.0,0.0796289456,14024000.0,39052000.0,0.058400841,0.2,0.19,199792000,201742000,https://www.sec.gov/Archives/edgar/data/1020569/000110465907061034/0001104659-07-061034-index.htm,https://www.sec.gov/Archives/edgar/data/1020569/000110465907061034/a07-19019_110q.htm,3.3469258028349484,0.1954632818130856,0.5245355169376151,0.0662939457035316,0.475314326899976,8.300087090574197,-5.701854929126291,8.270641467125811,15.33935793224954,5220564960.0,8129059960.0,33.420599201065244,7.807164406772057,49.81550182255386,394.15363986409966,3.159368001123209,3.159368001123209,12.156712552472076,46.99394708089328,77.56884635202962,613.7455613439033,0.0074804164490273,0.0025370817337746,1.8176255501062688,0.5256503732369864,16.813956446083672,1.127804634211159,1.8168958870994087,2.6835501382771687,0.0,0.0,0.282410806817519,0.0,0.4896002587421742,0.8736140002671807,0.136914170862688,1.482711710690398,0.0,6.031057227960583,0.0160239893915226,0.0133908487408789,-17.862101585649075,80794000.0,-1139185000.0,-3342543000.0,5013764000.0,504067500.0,137820000.0,0.0,70.3171728561409,41.7071531320321,0.0,1.2799149389030104,2.157903219025464,0.0,0.0236333883641328,0.4582415712340834,2007-08-01,0.16,bmo,594400000.0,2025-04-25,2007-06-30,0.1249999999999999,27.113333333333333,650058.7619047619
2007-03-31,IRM,USD,1020569,2007-05-10,2007-05-10 15:37:39,2007,Q1,632512000.0,295005000.0,337507000.0,0.5335977815,0,180505000.0,0.0,180505000.0,57209000.0,237714000.0,532719000.0,0.0,50335000.0,58683000.0,158476000.0,0.2505501872,99793000.0,0.1577725008,-42612000.0,57181000.0,0.0904030279,22083000.0,34707000.0,0.0548716862,0.17,0.17,199230000,201416000,https://www.sec.gov/Archives/edgar/data/1020569/000110465907038240/0001104659-07-038240-index.htm,https://www.sec.gov/Archives/edgar/data/1020569/000110465907038240/a07-11009_110q.htm,3.174782914219746,0.1742056919138684,0.5117954123374994,0.0900617376901069,0.3085930833709783,7.995843999397681,-4.499096521608192,7.968222657230337,13.767690608844047,5205879900.0,7837000900.0,37.49877474284726,8.230484006627542,51.05555729907321,290.13430864403944,3.279275834026768,3.279275834026768,12.390280184407567,49.45228867462581,76.85971558868239,436.7720503817645,0.0066668844972777,0.0034466795901303,1.6961176283095087,0.5109562518466313,16.60264645750776,1.0028496533697864,1.982576735869673,2.937879966577348,0.0,0.0,0.2853779849236061,0.0,0.4723897671437119,0.824027852694552,0.1328385864616007,1.431794557197144,0.003914550237782,5.588601719558114,0.0130217954015022,0.012482897922718,-16.31768684435075,1897000.0,-896355000.0,-3009127000.0,4538880000.0,479526500.0,140693500.0,0.0,69.10830150258019,40.553007576142775,0.0,1.302303747063438,2.2193175150083504,0.0,0.0218625532201707,0.4217336746473925,2007-05-02,0.14,bmo,553437500.0,2025-04-25,2007-03-31,0.1428571428571427,27.34934426229508,549829.8032786886
2006-12-31,IRM,USD,1020569,2007-03-01,2007-03-01 15:32:46,2006,Q4,609507000.0,275383000.0,334124000.0,0.5481873055,0,175344000.0,0.0,175344000.0,44052000.0,219396000.0,494779000.0,0.0,183584000.0,55628000.0,170356000.0,0.2794980205,114728000.0,0.1882308161,-47797000.0,66931000.0,0.1098117003,29407000.0,37135000.0,0.0609262896,0.19,0.19,198740000,199230000,https://www.sec.gov/Archives/edgar/data/1020569/000110465907015493/0001104659-07-015493-index.htm,https://www.sec.gov/Archives/edgar/data/1020569/000110465907015493/a07-5794_110k.htm,3.066856194022341,0.1868521686625742,0.4783485961557814,-0.1557109791687632,0.2282831840595753,7.842220992251183,-4.474801247861528,7.815603300795009,14.352420247559625,5477274400.0,8100721400.0,36.87407028409856,8.986401140593955,57.61488634331577,-176.99458411426355,3.526279282521488,3.526279282521488,13.290612577049975,47.551723449717066,85.2106556428624,-261.76957926711043,0.0067798319543749,-0.0056498903907388,1.7181886249229852,0.512295852152242,15.399792199863814,1.0643140890037843,0.6249346348265644,2.560037700282752,0.0,0.0,0.2876816837214339,0.0,0.4698867707798855,1.3255177927146118,0.2067457797859581,2.2652800747824835,0.0101541081562639,5.732203292678848,0.0138802463770452,0.0134467395413443,-16.35586444600986,41074000.0,-889322000.0,-2971237000.0,4504194000.0,465681000.0,142896000.0,0.0,69.8973760760746,48.51966170751281,0.0,1.287601982398398,1.8549181266460557,0.0,0.0239075809596896,0.6340595753245446,2007-02-28,0.16,bmo,573647058.0,2025-04-25,2006-12-31,0.0625,28.26380952380952,558832.4603174604
2006-09-30,IRM,USD,1020569,2006-11-09,2006-11-09 14:32:14,2006,Q3,595610000.0,277227000.0,318383000.0,0.5345494535,0,167602000.0,0.0,167602000.0,53651000.0,221253000.0,498480000.0,0.0,50462000.0,54621000.0,151751000.0,0.2547824919,97130000.0,0.1630765098,-51045000.0,46085000.0,0.0773744564,19205000.0,26613000.0,0.0446819227,0.13,0.13,198308000,200585000,https://www.sec.gov/Archives/edgar/data/1020569/000110465906073458/0001104659-06-073458-index.htm,https://www.sec.gov/Archives/edgar/data/1020569/000110465906073458/a06-21891_110q.htm,3.0034592653851586,0.1342003348326845,0.531899872924945,-0.0125209270427819,0.228881336103435,7.607489359985477,-4.746359198822034,7.582069306331565,13.541011961191682,5677558040.0,8266998040.0,53.33444218990719,9.532341700105771,53.82591998483125,-2286.571904953685,3.7760140198259498,3.7760140198259498,13.87988455532983,54.47738756252018,78.37502882062951,-3329.4394039468384,0.0046874025439289,-0.0004373359078862,1.752364515474682,0.5208255789198819,17.063742578302612,1.0060582356626084,1.9248147120605603,3.963476496449104,0.0,0.0,0.2813955440640687,0.0,0.4842642154582762,1.023540007584376,0.1812645858867379,1.976584097691364,0.0,4.784779555190825,0.012582544403717,0.0102001471783157,-15.94204469814632,3733000.0,-941241000.0,-2930402000.0,4381382000.0,449140500.0,138447500.0,0.0,69.20575544399858,44.583644450215886,0.0,1.3004698730993285,2.018677501802215,0.0,0.0176996977224433,0.544420799967727,2006-10-31,0.13,bmo,645233333.0,2025-04-25,2006-09-30,-0.0769230769230769,25.95920634920635,573679.0634920635
2006-06-30,IRM,USD,1020569,2006-08-09,2006-08-09 16:26:42,2006,Q2,581568000.0,259290000.0,322278000.0,0.5541535985,0,168285000.0,0.0,168285000.0,51099000.0,219384000.0,478674000.0,0.0,47254000.0,52507000.0,155401000.0,0.2672103692,102894000.0,0.1769251403,-40396000.0,62498000.0,0.1074646473,24212000.0,37842000.0,0.0650689171,0.19,0.19,197893500,200167500,https://www.sec.gov/Archives/edgar/data/1020569/000110465906053162/0001104659-06-053162-index.htm,https://www.sec.gov/Archives/edgar/data/1020569/000110465906053162/a06-15578_110q.htm,2.9387928355403283,0.1912240674908473,0.5646319863967235,0.1321266236637383,0.2069395912447857,7.42159798073206,-4.859093401248652,7.395912447857055,13.416367894852534,4931506020.0,7498312020.0,32.579581021087684,8.479672230934302,44.134942051424325,188.6069537614258,3.3694287453633263,3.3694287453633263,12.893267889567516,48.2513756024736,67.10679560038304,286.77523310513635,0.0076735179570966,0.0053020314471805,1.7817386272097009,0.5260851917484111,16.51730683843733,0.9677978510014544,2.177466457866001,2.9527244860208235,0.0,0.0,0.2893642703862661,0.0,0.4902788268179867,0.7659951493238587,0.1471710960713106,1.6300683718361362,0.0,5.641030080971191,0.0142818586735086,0.0149771851424993,-15.751200772132483,-19618000.0,-961583000.0,-2898630000.0,4286167000.0,431110500.0,126588000.0,0.0,68.13588436777815,48.44290177021868,0.0,1.3208898781471092,1.857857327104411,0.0,0.0258553719827029,0.4325053627329852,2006-07-27,0.14,bmo,478964705.0,2025-04-25,2006-06-30,0.2142857142857142,25.20285714285714,910325.253968254
2006-03-31,IRM,USD,1020569,2006-05-10,2006-05-10 15:02:15,2006,Q1,563657000.0,262368000.0,301289000.0,0.5345254295,0,158843000.0,0.0,158843000.0,50011000.0,208854000.0,471222000.0,0.0,46578000.0,51080000.0,143515000.0,0.2546140649,92435000.0,0.1639915764,-43731000.0,48704000.0,0.086407159,20971000.0,27273000.0,0.0483858091,0.14,0.14,197522000,199971000,https://www.sec.gov/Archives/edgar/data/1020569/000110465906033189/0001104659-06-033189-index.htm,https://www.sec.gov/Archives/edgar/data/1020569/000110465906033189/a06-9720_210q.htm,2.8536416196676826,0.1380757586496694,0.3138789603183443,-0.0742043924221099,0.2154291673838863,7.121844655278905,-4.843516165287918,7.0981915938477735,13.219099644596552,5364697520.0,7886630520.0,49.1759021743116,9.517663259748392,86.53017065066615,-366.01606877260014,3.826326697569058,3.826326697569058,13.991896703136836,54.95335344737484,127.2078215426304,-538.0794514566419,0.0050837908192072,-0.0027321204868228,1.8290979844499016,0.5345620515629752,17.572609134933632,1.0228068231563,1.9845205891193267,2.273237267627324,0.0,0.0,0.2818079080007877,0.0,0.492650849207178,1.2364108519629666,0.1359958272495507,1.5006851996867658,0.0048007919710036,4.695954030932143,0.0122976192208427,0.0112053115633737,-15.348325756118308,12556000.0,-956701000.0,-2827543000.0,4182771000.0,415250000.0,130923000.0,0.0,67.37118495822814,38.97228320526894,0.0,1.3358826931098555,2.309333521106925,0.0,0.0194522445363892,0.3880833527404542,2006-05-02,0.13,bmo,610675000.0,2025-04-25,2006-03-31,-0.0769230769230769,28.070967741935487,580646.5322580645
2005-12-31,IRM,USD,1020569,2006-03-16,2006-03-16 13:58:43,2005,Q4,538355000.0,242109000.0,296246000.0,0.5502800197,0,151600000.0,0.0,151600000.0,47842000.0,199442000.0,441551000.0,0.0,185749000.0,-4178000.0,147761000.0,0.2744675911,96804000.0,0.1798144347,-49363000.0,47441000.0,0.0881221499,17745000.0,31865000.0,0.0591895682,0.16,0.16,196976500,197521500,https://www.sec.gov/Archives/edgar/data/1020569/000110465906017231/0001104659-06-017231-index.htm,https://www.sec.gov/Archives/edgar/data/1020569/000110465906017231/a06-2602_110k.htm,2.733092526265823,0.1617705665396633,0.0499145837193776,-0.0250486733188984,0.2711643267090237,6.985584574809685,-3.8717562754947927,6.95579929585509,13.78428391204027,5544888475.0,8020906475.0,43.502969362937385,10.299687891818596,563.9634331773799,-1123.812013579246,4.04698278410281,4.04698278410281,14.898917025011375,54.282973687238176,815.7960206468674,-1625.6397395622214,0.0057467341577145,-0.0008898285370834,1.846126167682021,0.5307084978620016,16.756911498974695,0.936100919600808,0.5211548918163759,-99.31313131313132,0.0,0.0,0.281598573432029,0.0,0.4487155224143647,1.5018307567127749,0.0274279982539402,-3.534226902824318,0.0071644175311829,5.03169761001196,0.0144272336582622,0.012127502236918,-15.384109271918224,-37828000.0,-762645000.0,-2835976000.0,3882079000.0,401581500.0,129958500.0,0.0,68.30206833780684,55.10352774989777,0.0,1.3176760556485645,1.6332892588744825,0.0,0.0232569342010861,0.0749632570382761,2006-03-01,0.14,bmo,628133333.0,2025-04-25,2005-12-31,-0.1428571428571429,27.274126984126983,878511.9841269841
2005-09-30,IRM,USD,1020569,2005-11-09,2005-11-09 14:20:33,2005,Q3,526472000.0,237414000.0,289058000.0,0.5490472428,0,141442000.0,0.0,141442000.0,45439000.0,186881000.0,424295000.0,0.0,44308000.0,47043000.0,149220000.0,0.2834338768,102177000.0,0.1940786974,-37766000.0,64411000.0,0.1223445881,27637000.0,36377000.0,0.0690957924,0.19,0.18,196293000,198424500,https://www.sec.gov/Archives/edgar/data/1020569/000110465905053976/0001104659-05-053976-index.htm,https://www.sec.gov/Archives/edgar/data/1020569/000110465905053976/a05-18509_110q.htm,2.682072208382367,0.1853199044285838,0.4457927689729129,0.1510242341805362,0.2241037632518734,6.792860672566011,-4.655825729903766,6.762452048723082,12.495351337031886,4803289710.0,7167741710.0,33.01048540286445,9.123542581561791,54.89097559024524,162.0269762185866,3.61850994634713,3.61850994634713,13.614668415414306,48.03472530491892,81.91143133042306,241.7858562995446,0.0075733512230724,0.0061718117768915,1.8143755339296768,0.5290383943731892,15.845409462538534,1.034122017804604,2.306062110679787,2.405530967369492,0.0,0.0,0.2686600616936893,0.0,0.4936412820236837,0.6612232304070578,0.1099032807062863,1.229959823990817,0.0,5.310120692213639,0.014400477072218,0.0157804574280765,-14.6676639003938,18011000.0,-913906000.0,-2673247000.0,3967785000.0,385219000.0,113388000.0,0.0,67.45640793812396,42.33730950996992,0.0,1.334194967549335,2.12578458673209,0.0,0.027404246727868,0.2947685347923767,2005-10-27,0.13,bmo,402617647.0,2025-04-25,2005-09-30,0.3076923076923077,22.65765625,677404.75
2005-06-30,IRM,USD,1020569,2005-08-05,2005-08-05 17:18:04,2005,Q2,511922000.0,228088000.0,283834000.0,0.5544477479,0,141313000.0,0.0,141313000.0,45828000.0,187141000.0,415229000.0,0.0,47222000.0,45955000.0,142648000.0,0.2786518259,96693000.0,0.1888822907,-52168000.0,44525000.0,0.0869761409,18866000.0,25410000.0,0.0496364681,0.13,0.13,195711000,197205000,https://www.sec.gov/Archives/edgar/data/1020569/000110465905036911/0001104659-05-036911-index.htm,https://www.sec.gov/Archives/edgar/data/1020569/000110465905036911/a05-14120_110q.htm,2.615703767289524,0.1298342964881892,0.653724113616506,0.2796827975944121,0.1508193203243558,6.622816295456055,-3.909335704176056,6.595796863742968,12.6563351063558,4047303480.0,6447548480.0,39.819987012987006,7.906094053390946,31.63413979881352,73.94090797815007,3.1353300332334006,3.1353300332334006,12.594786862061015,45.1990107116819,50.39470130763399,117.79141129400588,0.0062782541822141,0.0135243132299038,1.8822669982260023,0.5351362363463573,16.826348774606025,0.9364809571081618,2.047626106475795,5.035064935064935,0.0,0.0,0.2760440067041463,0.0,0.4539760882995206,0.5721699846022776,0.1429983474044874,1.592949624632793,0.0,4.389546050062482,0.0138680772879477,0.0102492863616727,-14.985875857769877,-34680000.0,-765100000.0,-2732999000.0,3734964000.0,376352500.0,108080500.0,0.0,66.07551541055084,45.41391918908492,0.0,1.3620779110204104,1.9817712632392936,0.0,0.0196843988937693,0.3740413160220938,2005-07-28,0.11,bmo,469241666.0,2025-04-25,2005-06-30,0.0909090909090908,19.10171875,1005884.71875
2005-03-31,IRM,USD,1020569,2005-05-09,2005-05-09 16:03:36,2005,Q1,501406000.0,230628000.0,270778000.0,0.5400374148,0,135340000.0,0.0,135340000.0,44328000.0,179668000.0,410296000.0,0.0,45806000.0,45752000.0,136862000.0,0.2729564465,91110000.0,0.1817090342,-50459000.0,40651000.0,0.0810740199,17236000.0,22949000.0,0.0457692967,0.12,0.11,194971500,197275500,https://www.sec.gov/Archives/edgar/data/1020569/000104746905013958/0001047469-05-013958-index.htm,https://www.sec.gov/Archives/edgar/data/1020569/000104746905013958/a2157372z10-q.htm,2.571688682704908,0.1177043824353815,0.3252475361783645,0.0244548562225761,0.1475908017325609,6.4642319518493725,-5.125887629730499,6.439238555378607,13.05431306626866,3749301945.0,6219938945.0,40.84384880604819,7.477576943634499,59.12419883621913,786.3468844379195,2.986377944320365,2.986377944320365,12.40499504393645,45.44679271821251,98.08463344056516,1304.517396182886,0.0061208727215487,0.0012717033917096,1.9908217493396885,0.5544480504355658,18.05203051248703,0.96105859687891,1.989040737021351,2.763257658285764,0.0,0.0,0.269920982198059,0.0,0.5012817412870209,0.9248115558078658,0.1169630997634651,1.2818237454100367,0.0,4.129570007166133,0.013035986428949,0.0102077807584511,-15.059449714445444,-20759000.0,-999402000.0,-2735265000.0,3912950000.0,365650000.0,102241500.0,0.0,67.64566040294692,39.44065768250169,0.0,1.3304622863298892,2.2819092096410336,0.0,0.0182792392956252,0.3007926799557884,2005-04-28,0.1,bmo,501400000.0,2025-04-25,2005-03-31,0.0,19.37655737704918,1288121.9344262294
2004-12-31,IRM,USD,1020569,2005-03-16,2005-03-16 14:24:26,2004,Q4,478927000.0,214965000.0,263962000.0,0.5511528897,0,132790000.0,0.0,132790000.0,44296000.0,177086000.0,392051000.0,0.0,185749000.0,44897000.0,131773000.0,0.2751421407,86876000.0,0.1813971649,-33094000.0,53782000.0,0.1122968636,22906000.0,29887000.0,0.0624040825,0.15,0.15,194295000,194971500,https://www.sec.gov/Archives/edgar/data/1020569/000104746905006702/0001047469-05-006702-index.htm,https://www.sec.gov/Archives/edgar/data/1020569/000104746905006702/a2152867z10-k.htm,2.4649476311793923,0.1538227952340513,0.4960755552124347,0.1209964229650788,0.164399495612342,6.338881597570705,-4.161733446563216,6.271741424123112,13.709930775367354,3950017349.999999,6396097350.0,33.04126668785759,8.247639723799242,40.98166052809047,168.02149602279977,3.2415239444987884,3.2415239444987884,13.35505692934414,48.53875490426719,66.35988328059345,272.07015823727085,0.0075662958796877,0.0059516194276969,2.0335524976858084,0.5578131756643444,18.56283153605063,0.9722404905880732,0.4677064210305304,3.2249807608659284,0.0,0.0,0.2772656375606303,0.0,0.4592614285968331,0.7560927530217357,0.1521651525180246,1.6231819497962,0.0,4.659031866062482,0.0125745334459841,0.0124416673257929,-14.99269924599192,-14309000.0,-808604000.0,-2709620000.0,3675704000.0,349187500.0,100017000.0,0.0,66.60526552063259,43.29704835670923,0.0,1.35124451943098,2.078663636803172,0.0,0.0245263292651702,0.3750791322473558,2005-03-02,0.1,bmo,342071428.0,2025-04-25,2004-12-31,0.4000000000000001,21.45375,1389569.59375
2004-09-30,IRM,USD,1020569,2004-11-09,2004-11-09 16:13:48,2004,Q3,459330000.0,209797000.0,249533000.0,0.5432543052,0,122508000.0,0.0,122508000.0,42023000.0,164531000.0,374328000.0,0.0,54313000.0,43450000.0,128452000.0,0.2796507957,85002000.0,0.1850564953,-51334000.0,33668000.0,0.0732980646,14293000.0,18450000.0,0.0401672001,0.0933,0.0933,193932000,197049000,https://www.sec.gov/Archives/edgar/data/1020569/000104746904033586/0001047469-04-033586-index.htm,https://www.sec.gov/Archives/edgar/data/1020569/000104746904033586/a2145797z10-q.htm,2.368510611967081,0.0951364395767588,0.4086071406472372,0.1119464554586143,0.2290906090794711,6.068353855990759,-3.9538291772373824,6.007842955262669,12.3878008786585,4377045240.0,6680695240.0,59.30955609756097,9.529195219123508,55.23643068069963,201.61424412713035,3.756755988474938,3.756755988474938,14.544434807219211,52.0092738143431,84.3075041013604,307.7243316444035,0.0042151723339281,0.0049599670119013,2.0153221189704347,0.5582384026733691,17.933936412044964,1.0196672031157985,1.5650396774252942,4.294959349593496,0.0,0.0,0.2667102083469401,0.0,0.462081941349827,0.7260291259685521,0.1252519974745825,1.3240966628308402,0.0,3.586113179578982,0.0130312301484032,0.0081543140962235,-14.061610512963307,9251000.0,-766774000.0,-2549752000.0,3528319000.0,333192500.0,90886500.0,0.0,67.39096074717523,41.448209459620486,0.0,1.3354906800875732,2.1713845102930067,0.0,0.0158353739079385,0.2966606851886228,2004-10-28,0.12,bmo,612400000.0,2025-04-25,2004-09-30,-0.25,21.291875,621444.203125
2004-06-30,IRM,USD,1020569,2004-08-09,2004-08-09 15:15:42,2004,Q2,445410000.0,200827000.0,244583000.0,0.5491187894,0,118488000.0,0.0,118488000.0,39229000.0,157717000.0,358544000.0,0.0,42659000.0,40896000.0,127762000.0,0.2868413372,86866000.0,0.1950248086,-47604000.0,39262000.0,0.0881479985,15825000.0,22857000.0,0.0513167643,0.12,0.11,193434000,196554000,https://www.sec.gov/Archives/edgar/data/1020569/000104746904025801/0001047469-04-025801-index.htm,https://www.sec.gov/Archives/edgar/data/1020569/000104746904025801/a2141310z10-q.htm,2.30264586370545,0.1181643351220571,0.4556024277014382,0.1537733800676199,0.2068198972259272,5.910067516568959,-3.731184796881624,5.848341036219072,12.001576765201568,4149159300.0,6388007300.0,45.38171347945924,9.315370781976156,47.08052173518365,139.49098335854765,3.667706767980708,3.667706767980708,14.341858736894098,49.99927443214728,72.48473601198243,214.75902840813583,0.0055088268122171,0.0071689221476745,2.014424521863962,0.5603435748276261,17.523582911976956,1.02411646934001,2.0362877704587543,3.8556678479240496,0.0,0.0,0.2660200713948946,0.0,0.458568433300458,0.662483405008567,0.1310792303720168,1.427621283255086,0.0,3.943218219616695,0.0142661030776962,0.0103803871220891,-13.657578295439272,10865000.0,-721738000.0,-2462292000.0,3418701000.0,313722500.0,83915500.0,0.0,65.15336431602344,38.16150218845076,0.0,1.381356142461947,2.358397726472039,0.0,0.0202047613828023,0.3018290476338182,2004-07-29,0.11,bmo,489939999.0,2025-04-25,2004-06-30,-0.0909090909090908,19.95274193548387,590052.0967741936
2004-03-31,IRM,USD,1020569,2004-05-10,2004-05-07 18:00:37,2004,Q1,433922000.0,198310000.0,235612000.0,0.5429823793,0,112460000.0,0.0,112460000.0,37400000.0,149860000.0,348170000.0,0.0,43459000.0,38032000.0,123784000.0,0.2852678592,85752000.0,0.1976207706,-45729000.0,40023000.0,0.0922354709,16550000.0,22997000.0,0.0529980042,0.12,0.12,192837000,196149000,https://www.sec.gov/Archives/edgar/data/1020569/000104746904016494/0001047469-04-016494-index.htm,https://www.sec.gov/Archives/edgar/data/1020569/000104746904016494/a2135636z10-q.htm,2.2502009469137145,0.1192561593470132,0.2157677209249262,-0.0081208481774763,0.1606434449820314,5.766714893925959,-3.725068321950663,5.707115335749882,12.137598075058207,3825886080.0,6092027080.0,41.59114319259034,8.816990334668443,91.9507325514324,-2443.0945593869733,3.4763621957524604,3.4763621957524604,14.039451975239787,49.2149799651005,146.41480196116132,-3890.183320561941,0.0060108951283776,-0.0004093169444292,2.087259652735059,0.5730063865574726,18.30722064240936,0.9866007879728526,1.9731701143606617,1.8092794712353784,0.0,0.0,0.2591710030835035,0.0,0.4565771214917649,1.0376369928859834,0.0994971446481164,1.1352019352124527,0.0,3.9132716181692975,0.0139403527831512,0.0105562395054996,-13.675405912765704,-5836000.0,-718331000.0,-2467141000.0,3349361000.0,292400500.0,84841500.0,0.0,63.26042468462073,37.52170843628662,0.0,1.4226904174084676,2.3986114638895946,0.0,0.0208960485869248,0.2238885691024025,2004-04-29,0.1,bmo,394454545.0,2025-04-25,2004-03-31,0.0999999999999999,19.12548387096774,709542.9677419355
2003-12-31,IRM,USD,1020569,2004-03-11,2004-03-10 21:23:06,2003,Q4,408490000.0,187209000.0,221281000.0,0.5417048153,0,98264000.0,0.0,98264000.0,36251000.0,134515000.0,321724000.0,0.0,150468000.0,61351000.0,148117000.0,0.3625963916,86766000.0,0.2124066685,-34791000.0,51975000.0,0.1272368969,22095000.0,28426000.0,0.0695879948,0.15,0.15,192231750,192836250,https://www.sec.gov/Archives/edgar/data/1020569/000104746904007405/0001047469-04-007405-index.htm,https://www.sec.gov/Archives/edgar/data/1020569/000104746904007405/a2129866z10-k.htm,2.1249871574284684,0.1478735952827771,-0.1181386529540515,-0.3730393132247924,0.3885050206326478,5.94022059311222,-3.300079201276584,5.545982908650626,11.654661625876058,3377511847.5,5392756847.5,29.70442418472525,8.26828526402115,-148.72355118890357,-47.09959346674104,3.1680588075008864,3.1680588075008864,13.20168632647066,36.408763663185184,-237.46177223690003,-75.20229880769767,0.008416254711598,-0.0212316057612289,1.9603231924540905,0.5369668140507218,13.6057643619571,0.8064763272879631,0.5766408804529867,0.2264929987633143,0.0,0.0,0.2405542363338147,0.0,0.4563807344057795,-2.157639806252752,0.1199539768415383,0.7986829880523545,0.0,4.295619829754205,0.0145717477517713,0.0134349802913291,-12.826533598117896,-113162000.0,-634380000.0,-2278617000.0,3155384000.0,278095500.0,82482000.0,0.0,61.646551935175886,41.82779674054133,0.0,1.4599356683345246,2.151679194538308,0.0,0.0266631898652489,0.2549006602707409,2004-02-26,0.08,bmo,379129777.0,2025-04-25,2003-12-31,0.7500000000000001,16.6703125,803560.0625
2003-09-30,IRM,USD,1020569,2003-11-14,2003-11-14 17:15:32,2003,Q3,381758000.0,171355000.0,210403000.0,0.5511423467,0,98087000.0,0.0,98087000.0,35067000.0,133154000.0,304509000.0,0.0,38790000.0,33975000.0,111224000.0,0.2913468742,77249000.0,0.2023507038,-49133000.0,28116000.0,0.0736487513,12012000.0,14794000.0,0.0387522986,0.0756,0.0756,191931750,195133500,https://www.sec.gov/Archives/edgar/data/1020569/000104746903037556/0001047469-03-037556-index.htm,https://www.sec.gov/Archives/edgar/data/1020569/000104746903037556/a2122283z10-q.htm,1.9890299546583616,0.0770794826806924,0.2759418387004755,0.0571036318899817,0.1226686048556322,5.702735477585131,-3.2921390025360577,5.326633034919965,10.950569668645237,3063230730.0,5102658730.0,51.76474803974585,8.02401188711173,57.83827517842982,279.4918549270073,2.9962642245806235,2.9962642245806235,13.36621296737724,45.87731721570884,96.34565783014236,465.5710520072993,0.0048295415213466,0.0035779217976179,2.017872548540128,0.5516644957228708,18.33622239804359,0.8372357469257661,1.991466872905388,3.5799648506151143,0.0,0.0,0.2569350216629383,0.0,0.461661471287519,0.7930591745024734,0.1100225797494748,1.23626195732156,0.0,3.0393942936272933,0.0132981326802428,0.0073487225670954,-12.57826154349137,-77008000.0,-631866000.0,-2248887000.0,3122870000.0,258189000.0,75709000.0,0.0,65.15957753341121,40.945522453386246,0.0,1.3812244248184635,2.1980425357243645,0.0,0.0144705824815376,0.2188382068104938,2003-10-29,0.08,bmo,436342857.0,2025-04-25,2003-09-30,-0.1249999999999999,16.5234375,928925.375
2003-06-30,IRM,USD,1020569,2003-08-14,2003-08-14 12:30:33,2003,Q2,359270000.0,162032000.0,197238000.0,0.5489965764,0,96134000.0,0.0,96134000.0,32453000.0,128587000.0,290619000.0,0.0,36397000.0,31797000.0,100448000.0,0.2795891669,68651000.0,0.1910846995,-33233000.0,35418000.0,0.0985832382,15285000.0,20133000.0,0.0560386339,0.11,0.1,191776500,195284250,https://www.sec.gov/Archives/edgar/data/1020569/000104746903027639/0001047469-03-027639-index.htm,https://www.sec.gov/Archives/edgar/data/1020569/000104746903027639/a2116504z10-q.htm,1.873378646497355,0.1049815801206091,0.4908474187400437,0.1967342192604411,0.9274494007347094,5.5794948807596345,-2.6978592267561456,5.222516836004411,9.96820256913647,3160476720.0,4857883720.0,39.244979883772906,8.79694023993097,33.574588295284336,83.76783694240504,3.155566658279717,3.155566658279717,13.52154012302725,48.36217465753425,51.60659619899504,128.75728802777704,0.0063702415121728,0.011937756023085,1.872356613110001,0.5394574271154114,16.898365323351385,1.1505888526946335,1.8861719372475751,4.675557542343416,0.0,0.0,0.2675814846772622,0.0,0.4566466688625415,0.5991947563553696,0.1569961310435048,1.7738780388086923,0.0,3.5122687208028536,0.0125637165925322,0.0106590753028489,-10.680900683868982,63703000.0,-517386000.0,-1919470000.0,2958099000.0,244480000.0,73121000.0,0.0,60.11865727725666,40.803051249135976,0.0,1.497039422968744,2.2057173972229784,0.0,0.0201017217210021,0.2941131994796025,2003-07-31,0.07,bmo,279455555.0,2025-04-25,2003-06-30,0.2857142857142855,17.17063492063492,968796.0634920635
2003-03-31,IRM,USD,1020569,2003-05-15,2003-05-15 16:25:49,2003,Q1,351811000.0,160151000.0,191660000.0,0.5447811467,0,91156000.0,0.0,91156000.0,28277000.0,119433000.0,279584000.0,0.0,35565000.0,31078000.0,103305000.0,0.2936377771,72227000.0,0.2053005733,-32305000.0,39922000.0,0.1134757014,17338000.0,21284000.0,0.0604983926,0.11,0.11,191468250,194739750,https://www.sec.gov/Archives/edgar/data/1020569/000091205703000201/0000912057-03-000201-index.htm,https://www.sec.gov/Archives/edgar/data/1020569/000091205703000201/a2110884z10-q.htm,1.837437799739644,0.1111620333919592,0.1907574754561135,-0.0684656594500654,0.0709308201229185,5.4528779575726,-2.7608232696543684,5.099602675639433,9.188385019448392,3254960250.0,4965098250.0,38.23247803514377,9.25201386539932,89.11839475413426,-248.29966053856128,3.333593042690996,3.333593042690996,14.112970458570084,48.062516335124144,135.9407033731245,-378.7549202837745,0.0065389431407034,-0.0040273917323567,1.765360319209514,0.5273134141155812,16.554261652388558,0.8546635394176968,2.0308449318149866,1.7160308212741966,0.0,0.0,0.2591050308262106,0.0,0.4811029499490649,1.3589146862337094,0.1410785904931909,1.5970461419653774,0.0,3.5713932247221103,0.0140130398162441,0.0125479967952024,-10.57358726577383,-57690000.0,-528610000.0,-1885566000.0,2790767000.0,237194500.0,74448500.0,0.0,63.69206761585056,40.90127442226399,0.0,1.41304880448884,2.200420433623698,0.0,0.0217981753604011,0.259223134906179,2003-04-30,0.08,bmo,281440000.0,2025-04-25,2003-03-31,0.25,15.118032786885246,871395.4262295082
2002-12-31,IRM,USD,1020569,2003-03-21,2003-03-21 17:04:03,2002,Q4,353240000.0,173362000.0,179878000.0,0.509223191,0,81369000.0,0.0,81369000.0,29211000.0,110580000.0,283942000.0,0.0,136632000.0,30441000.0,99739000.0,0.282354773,69272000.0,0.1961046314,-36688000.0,32584000.0,0.0922432341,13353000.0,16484000.0,0.0466651568,0.0861,0.0861,191468250,191468250,https://www.sec.gov/Archives/edgar/data/1020569/000104746903009667/0001047469-03-009667-index.htm,https://www.sec.gov/Archives/edgar/data/1020569/000104746903009667/a2105753z10-k.htm,1.844901178132667,0.086092602820572,0.4308808379457168,0.1437366247406554,0.2940017470259429,5.259321062369349,-2.809766110046966,4.934818174814884,9.7599941504662,2808839227.5,4484644227.5,42.5994786990415,7.951645418129317,34.04653609090909,102.06167026997564,2.9727539050717517,2.9727539050717517,12.695742915581476,44.96379778722466,54.35932396969697,162.95353466443805,0.0058686164158535,0.0097979975965,1.833176520144233,0.536144218432485,16.8019029667432,0.8576462396194054,0.5069968967738158,3.2716024903834717,0.0,0.0,0.2303504699354546,0.0,0.4782231466993535,0.6664121212121212,0.1556420563922545,1.806083900003285,0.0,3.091788345781735,0.0142333293739378,0.0097788371583947,-10.436759097134903,-60922000.0,-537981000.0,-1856622000.0,2723240000.0,227010500.0,68879500.0,0.0,57.432453855735474,39.514714874078514,0.0,1.5670582389892465,2.2776325297247584,0.0,0.0174459523675969,0.2871442132050614,2003-02-27,0.08,bmo,302666666.0,2025-04-25,2002-12-31,0.1249999999999999,12.99421875,1047032.796875
2002-09-30,IRM,USD,1020569,2002-11-14,2002-11-14 17:26:03,2002,Q3,328591000.0,149336000.0,179255000.0,0.5455262013,0,83805000.0,0.0,83805000.0,29089000.0,112894000.0,262230000.0,0.0,36017000.0,30327000.0,96507000.0,0.2936994622,66171000.0,0.2013780049,-38846000.0,27325000.0,0.0831580901,11241000.0,15697000.0,0.0477706328,0.0845,0.0801,190539663,193299901,https://www.sec.gov/Archives/edgar/data/1020569/000104746902003134/0001047469-02-003134-index.htm,https://www.sec.gov/Archives/edgar/data/1020569/000104746902003134/a2093535z10-q.htm,1.7245280842131017,0.0823817978517155,0.3899450583157586,0.1985938224316057,0.144835986195693,5.207341003851781,-2.7911249113524463,4.893737006347072,8.65067657855572,2116895655.93,3701578655.93,33.71497190434478,6.442342169840318,28.49119321574697,55.94333128779069,2.2702486843061997,2.2702486843061997,11.265003167859131,38.35554577315635,49.81936279851951,97.82184608694504,0.007415103316986,0.0178752315419987,1.729077452863475,0.531712178645372,16.420394375537526,0.8696365615505841,1.8372157592248104,8.716564992961052,0.0,0.0,0.2550435039304181,0.0,0.5026066521075825,0.4907133243606998,0.1109586081176903,1.202229036831866,0.0,3.0118074619599677,0.014404902512225,0.0104076535405714,-9.661958150938894,-48144000.0,-531820000.0,-1718875000.0,2584955000.0,230492500.0,59754000.0,0.0,62.61416167819569,37.15085444902769,0.0,1.4373745106187528,2.422555317630264,0.0,0.0168341285493822,0.1913512358841529,2002-10-31,0.07,bmo,291462500.0,2025-04-25,2002-09-30,0.1428571428571427,12.15265625,921911.0
2002-06-30,IRM,USD,1020569,2002-08-14,2002-08-14 18:21:18,2002,Q2,323487000.0,151174000.0,172313000.0,0.5326736469,0,85136000.0,0.0,85136000.0,60431000.0,145567000.0,296741000.0,0.0,0.0,27695000.0,54441000.0,0.1682942437,26466000.0,0.0818147252,8262000.0,34728000.0,0.1073551642,14739000.0,19989000.0,0.0617922822,0.11,0.1,190201500,193675500,https://www.sec.gov/Archives/edgar/data/1020569/000091205702032326/0000912057-02-032326-index.htm,https://www.sec.gov/Archives/edgar/data/1020569/000091205702032326/a2086363z10-q.txt,1.7007594577329832,0.105093808408451,0.2464701908239419,-0.0054468550458329,0.136986301369863,5.101941887945153,-2.8908604821728536,4.811676038306743,8.022828421437266,2562014205.0,4061913205.0,32.04280110310671,7.919991236123863,54.651639433435015,-2472.9866843629343,2.799440339034166,2.799440339034166,12.55665051454927,74.61128937749123,86.6467545169479,-3920.765641891892,0.0078020644698181,-0.000404369342675,1.66736670498302,0.5205664042377975,27.55090832277144,0.9128724362962696,0.0,2.257488201868439,0.0,0.0,0.2631821371492517,0.0,0.5186181445034923,1.022099447513812,0.1481203263191411,1.7300956851417224,0.0,3.373090658891372,0.0058328566462632,0.0141656349590494,-9.256483255915438,-31228000.0,-549846000.0,-1633748000.0,2497959000.0,230389500.0,63670000.0,0.0,64.65236624655705,34.448780875018194,0.0,1.3920604182804028,2.6125743121802847,0.0,0.0218414140045542,0.2519170458697749,2002-07-31,0.07,bmo,254877777.0,2025-04-25,2002-06-30,0.2857142857142855,13.90140625,528427.28125
2002-03-31,IRM,USD,1020569,2002-05-15,2002-05-15 14:08:01,2002,Q1,313179000.0,148427000.0,164752000.0,0.5260633695,0,82322000.0,0.0,82322000.0,25074000.0,107396000.0,255823000.0,0.0,0.0,26298000.0,83654000.0,0.2671124181,57356000.0,0.1831412706,-34099000.0,23257000.0,0.0742610456,9962000.0,12518000.0,0.0399707516,0.0667,0.0667,189837000,193504500,https://www.sec.gov/Archives/edgar/data/1020569/000091205702020663/0000912057-02-020663-index.htm,https://www.sec.gov/Archives/edgar/data/1020569/000091205702020663/a2079805z10-q.txt,1.6497258174117797,0.065940780775086,0.2700685324778626,-0.0335761732433614,0.0601516037442648,5.050090340660672,-2.965080569119824,4.723167770245,7.918514304376913,2653921260.0,4145729260.0,53.00210217287106,8.47413543053653,51.76463867054165,-416.366686539065,2.959877920930772,2.959877920930772,13.237571037649396,49.55805173691635,80.86230002535645,-650.4124976466896,0.0047167940468587,-0.0024017291304264,1.6765261556580626,0.5198692880076693,17.833074329978245,0.8439886489981308,0.0,4.0956223038824096,0.0,0.0,0.2628592594011731,0.0,0.5262150239249012,1.124324640621038,0.1840576794740388,2.191915735036885,0.0,2.647189233184462,0.0128112536367205,0.0091374130274195,-9.219149849607822,-57671000.0,-562882000.0,-1620866000.0,2447414000.0,223724500.0,67036000.0,0.0,65.63629745289435,42.12737574700021,0.0,1.3711925183560347,2.1363780298232484,0.0,0.013961134556875,0.303644705721224,2002-05-01,0.06,bmo,317200000.0,2025-04-25,2002-03-31,0.0,13.783,559022.1
2001-12-31,IRM,USD,1020569,2002-03-21,2002-03-21 00:00:00,2001,Q4,302187000.0,143168000.0,159019000.0,0.5262271375,0,81109000.0,0.0,81109000.0,41164000.0,122273000.0,265441000.0,0.0,134742000.0,42506000.0,79252000.0,0.2622614474,35300000.0,0.1168150847,-24769000.0,10531000.0,0.0348492821,15342000.0,-14701000.0,-0.0486486844,-0.0774,-0.0774,189837000,189837000,https://www.sec.gov/Archives/edgar/data/1020569/000091205702010766/0000912057-02-010766-index.htm,https://www.sec.gov/Archives/edgar/data/1020569/000091205702010766/a2073447z10-k.htm,1.5918235117495536,-0.0774401196816216,0.2777698762622671,-0.039702481602638,0.1125123131950041,5.01088828837371,-3.0462712748305125,4.666945853548044,8.590743637963095,2464084260.0,3938824260.0,-41.90334433031767,8.154170298523761,46.72932923707117,-326.9317049223829,2.7812621803040547,2.7812621803040547,13.034393471592091,49.699998233483065,74.69655913978495,-522.5984158153111,-0.0059661109153791,-0.0030587428045175,1.688677467015968,0.5231287322030864,18.60823701610054,0.8615856426997652,0.2619821584954951,-3.586898850418339,0.0,0.0,0.2684066488631211,0.0,0.5348242214953918,1.142932999563824,0.1994394199618117,1.417870418293888,0.0,,-0.0063586511547489,-0.0110504006813198,-9.07624699083951,-49692000.0,-578295000.0,-1599337000.0,2432086000.0,221405000.0,57797000.0,0.0,65.23940473944941,40.607118909253465,0.0,1.3795343528874686,2.21636014613908,0.0,-0.0165933186524432,0.3174723578649051,2002-02-28,-0.01216,bmo,43171428.0,2025-04-25,2001-12-31,4.756578947368421,12.508125,696828.109375
2001-09-30,IRM,USD,1020569,2001-11-14,2001-11-14 00:00:00,2001,Q3,291673000.0,139918000.0,151755000.0,0.5202915594,0,76822000.0,0.0,76822000.0,38921000.0,115743000.0,255661000.0,0.0,0.0,40148000.0,76160000.0,0.2611143301,34963000.0,0.11987054,-54332000.0,-19369000.0,-0.066406558,3440000.0,-22809000.0,-0.0782005876,-0.12,-0.12,188464988,188464988,https://www.sec.gov/Archives/edgar/data/1020569/000091205701539897/0000912057-01-539897-index.htm,https://www.sec.gov/Archives/edgar/data/1020569/000091205701539897/a2063520z10-q.txt,1.5476243258509108,-0.1210251317342826,0.2407343691869176,-0.0075663921194742,0.3190937512489057,5.072560214738665,-3.022683449299347,4.71986871110511,7.959584514445728,2297388203.72,3737353203.72,-25.1807203704678,7.876588521117826,50.636724789949305,-1611.0716716129032,2.5826989575618584,2.5826989575618584,12.813504176663592,49.072389754726885,82.37498795944457,-2620.8647992426368,-0.0099282306590879,-0.0006207048498338,1.686399559317842,0.525635037406877,18.907103466386555,1.0155044079758198,0.0,-1.6444959947805284,0.0,0.0,0.2633839950903923,0.0,0.5345936962465577,1.0314304606568216,0.1604399447326286,1.165587326890505,0.0,,0.0162453720972599,-0.017172645734846,-8.860685572006616,5422000.0,-569670000.0,-1542758000.0,2439720000.0,219645500.0,49910000.0,0.0,69.04444360636741,32.803642133249475,0.0,1.3035082230961743,2.7435977881485547,0.0,-0.0256416309736602,0.2483007613063918,2001-10-31,-0.00905,bmo,36462499.0,2025-04-25,2001-09-30,7.839779005524861,12.518305084745764,680506.7118644068
2001-06-30,IRM,USD,1020569,2001-08-14,2001-08-14 00:00:00,2001,Q2,293334000.0,139030000.0,154304000.0,0.5260351681,0,78686000.0,0.0,78686000.0,37788000.0,116474000.0,255504000.0,0.0,0.0,39654000.0,77484000.0,0.2641493997,37453000.0,0.1276803916,-26328000.0,11125000.0,0.0379260502,16091000.0,-9746000.0,-0.0332249245,-0.0519,-0.051,187822125,191001375,https://www.sec.gov/Archives/edgar/data/1020569/000091205701528773/0000912057-01-528773-index.htm,https://www.sec.gov/Archives/edgar/data/1020569/000091205701528773/a2056907z10-q.txt,1.561764887922549,-0.0518895204704983,0.2071587679034086,-0.0152697665410824,0.1961270537217061,5.273356373749897,-2.9518460617991624,4.911439480306167,7.732534172957526,2496156041.25,3911660041.25,-64.03026988636363,8.509603527889709,64.1536930080444,-870.3472947175733,2.7059276721804446,2.7059276721804446,13.335174378865048,50.48345518106964,100.53355370865351,-1363.898201272664,-0.0039044033461624,-0.0011489666321356,1.5743926406837243,0.5143892459804181,18.268339270042848,0.940705621575026,0.0,-7.835078534031414,0.0,0.0,0.2682471176201872,0.0,0.5471628814334915,1.0737104525945154,0.1424212672243926,1.0535381046048318,0.0,,-0.0066507274306956,-0.0076226797011934,-8.702328067047478,-20223000.0,-554422000.0,-1512137000.0,2410707000.0,211794000.0,43326500.0,0.0,66.1286792530017,31.60454578148601,0.0,1.3609828748532693,2.847691614436115,0.0,-0.0105650330577347,0.222428534444491,2001-07-31,-0.01067,bmo,146650000.0,2025-04-25,2001-06-30,0.8744142455482661,11.62968253968254,698017.5079365079
2001-03-31,IRM,USD,1020569,2001-05-15,2001-05-15 00:00:00,2001,Q1,283922000.0,139820000.0,144102000.0,0.5075408035,0,70317000.0,0.0,70317000.0,35718000.0,106035000.0,245855000.0,0.0,0.0,36213000.0,74280000.0,0.2616211495,37266000.0,0.1312543586,-43444000.0,-6178000.0,-0.0217594973,-8837000.0,3199000.0,0.011267179,0.0178,0.0167,187066125,191001375,https://www.sec.gov/Archives/edgar/data/1020569/000091205701515977/0000912057-01-515977-index.htm,https://www.sec.gov/Archives/edgar/data/1020569/000091205701515977/a2049379z10-q.txt,1.517762769715789,0.0171009048271032,0.1277569629455894,-0.1298952442618886,0.0529384996882786,5.320081334875569,-2.8903896950877663,4.949773776518865,7.500401261853262,2123200518.75,3516368518.75,165.92689268130664,7.47811201227802,88.84055896690239,-87.37810275114202,2.2930340885159324,2.2930340885159324,12.384980800184556,47.33937155021541,147.13454616301937,-144.71247865138483,0.001506687649965,-0.0114445149129417,1.5153018300420655,0.5124336481311179,18.75562735595046,0.8933913481339936,0.0,7.47077211628634,0.0,0.0,0.2476630905671276,0.0,0.5609462048593636,2.0167371019707936,0.1697578912518227,1.33095849556789,0.0,1.3800457351220872,-0.0065203336756467,0.002661058950067,-8.429646201309831,-33028000.0,-540694000.0,-1466069000.0,2364176000.0,192249500.0,40181000.0,0.0,65.95166982481103,24.351237305106565,0.0,1.3646356527297807,3.6959107610160977,0.0,0.0034548861421158,0.2576522072074781,2001-05-01,0.00727,bmo,283900000.0,2025-04-25,2001-03-31,1.751031636863824,11.052096774193547,492626.93548387097
2000-12-31,IRM,USD,1020569,2001-03-23,2001-03-23 00:00:00,2000,Q4,265536000.0,130748000.0,134788000.0,0.5076072548,0,79705000.0,0.0,79705000.0,34547000.0,114252000.0,245000000.0,0.0,0.0,34547000.0,55083000.0,0.207440799,20536000.0,0.0773379128,-18668000.0,1868000.0,0.0070348277,-2228000.0,4096000.0,0.0154254037,0.0219,0.0219,185827500,187066125,https://www.sec.gov/Archives/edgar/data/1020569/000091205701504806/0000912057-01-504806-index.htm,https://www.sec.gov/Archives/edgar/data/1020569/000091205701504806/a2041834z10-k.txt,1.4289381281026758,0.0220419475050786,0.2578843282076119,-0.0248940549703353,0.0333642760086639,5.206371500450687,-3.003554371661891,4.974818043615719,7.292413663209159,2044102500.0,3393033500.0,124.76211547851562,7.698023996746204,42.6547827720045,-441.8725680933852,2.2111361468016937,2.2111361468016937,12.778054576403951,61.59856035437431,70.80325320312174,-733.4702766969303,0.0020038134095526,-0.0022630959063941,1.465865404377484,0.5096209388453821,24.48906196104061,0.7535925464810079,0.0,11.69970703125,0.0,0.0,0.3001664557724753,0.0,0.5737400981386155,1.096531864279454,0.1978940708604483,1.521058268445885,0.0,1.570741945293896,0.0188737879977161,0.0036136946322165,-8.357630060136417,-77385000.0,-558143000.0,-1454941000.0,2280639000.0,177165000.0,40566000.0,0.0,59.802738611713664,29.27608835316793,0.0,1.50494780154385,3.074181185488232,0.0,0.0044307042613077,0.2827783831779473,2001-02-28,0.02285,bmo,265500000.0,2025-04-25,2000-12-31,-0.1247264770240699,9.931587301587305,500817.2698412698
2000-09-30,IRM,USD,1020569,2000-11-14,2000-11-14 00:00:00,2000,Q3,256133000.0,124475000.0,131658000.0,0.514022012,0,63783000.0,0.0,63783000.0,35433000.0,99216000.0,223691000.0,0.0,0.0,35433000.0,67875000.0,0.2649990435,32442000.0,0.1266607583,-34866000.0,-2424000.0,-0.0094638332,-7023000.0,1707000.0,0.0066645063,0.0089,0.0089,185041125,189438750,https://www.sec.gov/Archives/edgar/data/1020569/000091205700049998/0000912057-00-049998-index.htm,https://www.sec.gov/Archives/edgar/data/1020569/000091205700049998/a2029578z10-q.txt,1.3841949998952936,0.009224976339719,0.1978533150401025,-0.0906879484222764,0.4030833686295411,5.230680477110156,-2.9351745456584317,4.99928326743582,7.309013063987803,2028050730.0,3305931730.0,297.0197319859403,7.917959536646977,55.39457348884216,-120.85398545974616,2.1923142606042982,2.1923142606042982,12.907090183615544,48.70617650092081,90.29886454890608,-197.0044532507002,0.0008416949215072,-0.0082744478487478,1.4620121871463116,0.5163731383401141,18.82697605893186,1.0186432184949514,0.0,7.960643618177865,0.0,0.0,0.2490229685358778,0.0,0.5769080104827182,1.4583595094370545,0.2084542015281123,1.506843902576694,0.0,1.0186565033401105,-0.0259812786544011,0.0015404065698746,-7.799747218354839,5432000.0,-543128000.0,-1354479000.0,2264985000.0,173573500.0,32959000.0,0.0,62.50627603627803,27.909941755372564,0.0,1.4398554146429214,3.2246573922955366,0.0,0.0018452597794984,0.2885412634623789,2000-10-31,0.01626,bmo,256100000.0,2025-04-25,2000-09-30,0.2300123001230012,9.978888888888887,372692.9365079365
2000-06-30,IRM,USD,1020569,2000-08-14,2000-08-14 00:00:00,2000,Q2,252565000.0,121151000.0,131414000.0,0.520317542,0,64724000.0,0.0,64724000.0,32466000.0,97190000.0,218341000.0,0.0,0.0,32466000.0,66690000.0,0.2640508384,34224000.0,0.1355057114,-52622000.0,-18398000.0,-0.0728446143,9847000.0,-28245000.0,-0.1118325975,-0.15,-0.15,184137031,184137031,https://www.sec.gov/Archives/edgar/data/1020569/000091205700037292/0000912057-00-037292-index.htm,https://www.sec.gov/Archives/edgar/data/1020569/000091205700037292/a10-q.txt,1.3716143821174134,-0.1533911991879569,0.3006076490936796,0.109880125090102,0.0453303713797796,5.340479286863271,-2.9829524078728085,5.120795067017236,6.857718912606992,1854259902.17,3108672902.17,-16.41228449433528,7.341713626868331,33.498814918251945,91.6453270483863,1.9664915053641423,1.9664915053641423,12.308407349276424,46.6137787100015,56.16087478853901,153.64369604952307,-0.0152324924714952,0.0109116310913706,1.3391902669132745,0.4983234129842065,18.809611635927425,0.8283615206350772,0.0,-1.9597450876261284,0.0,0.0,0.2562667036208501,0.0,0.6048309857431896,0.6344732896139323,0.1390533130085324,1.0817470584611593,0.0,,0.0228126103468245,-0.0282064981300524,-7.686372167041186,-45253000.0,-549272000.0,-1332237000.0,2207961000.0,165059500.0,28610500.0,0.0,60.31441411121889,20.29310529834669,0.0,1.4921806225961396,4.435003843760295,0.0,-0.0299545670507186,0.1907275240035775,2000-07-31,-0.01,bmo,126300000.0,2025-04-25,2000-06-30,1.0,10.064285714285711,463366.4761904762
2000-03-31,IRM,USD,1020569,2000-05-15,2000-05-15 00:00:00,2000,Q1,212137000.0,103802000.0,108335000.0,0.5106841334,0,53457000.0,0.0,53457000.0,26959000.0,80416000.0,184218000.0,0.0,0.0,26959000.0,54878000.0,0.2586913174,27919000.0,0.1316083474,-24773000.0,3146000.0,0.0148300391,8529000.0,-5383000.0,-0.0253751114,-0.0333,-0.0333,161807625,161807625,https://www.sec.gov/Archives/edgar/data/1020569/000091205700024662/0000912057-00-024662-index.html,https://www.sec.gov/Archives/edgar/data/1020569/000091205700024662/,1.3110445196881173,-0.0332679006938022,0.1095004020978615,-0.0613568118313336,0.0624445232417199,6.158714708283989,-3.1428617779909938,5.896879087125838,7.528650148594666,1632638936.25,2840727936.25,-75.82384062093628,7.696153600032055,92.14578035049102,-164.44791863920224,1.7110745957176994,1.7110745957176994,13.391006454555312,51.76442174004155,160.3300562281296,-286.1329508712732,-0.0032971160251538,-0.0060809526096465,1.2767177412593276,0.4932716342075438,22.01408579029848,0.8778470616117617,0.0,-3.291473156232584,0.0,0.0,0.251992815963269,0.0,0.6094324671133483,1.560334123490236,0.1303214432182976,1.0254831410660632,0.0,,-0.0211418780916931,-0.0055808234487892,-8.295919305409742,-29894000.0,-508539000.0,-1258260000.0,2172945000.0,132480000.0,27852000.0,0.0,68.24552058339657,25.927824126702763,0.0,1.3187678726843215,3.4711744248261103,0.0,-0.0056416114697744,0.1708572139291952,2000-05-01,-0.00818,bmo,70700000.0,2025-04-25,2000-03-31,2.667481662591687,9.70984126984127,560891.3650793651
1999-12-31,IRM,USD,1020569,2000-03-30,2000-03-30 00:00:00,1999,Q4,265700000.0,116600000.0,149100000.0,0.5611592021,0,95300000.0,0.0,95300000.0,34200000.0,129500000.0,246100000.0,0.0,0.0,34200000.0,53800000.0,0.2024840045,19600000.0,0.0737674068,-21400000.0,-1800000.0,-0.0067745578,7100000.0,-22100000.0,-0.0831765149,-0.14,-0.14,161807625,161807625,https://www.sec.gov/Archives/edgar/data/1020569/000091205700015073/0000912057-00-015073-index.html,https://www.sec.gov/Archives/edgar/data/1020569/000091205700015073/,1.6420734189751565,-0.136581944145092,0.179843193421818,-1.4956031892810984,0.0234846781787941,3.282292784409882,-1.2242933545313457,3.020871235209095,3.788449400947576,1885058831.25,2494258831.25,-21.324194923642533,7.094688864320663,64.77865399484536,-7.78949930268595,3.856503337254501,3.856503337254501,9.38750030579601,46.36168831319703,85.71336189862544,-10.306854674586775,-0.0117237720296216,-0.1283779561614677,1.2540916530278232,0.4653811114485272,11.323420074349444,0.9560878243512974,0.0,-1.3167420814479638,0.0,0.0,0.3586751975912683,0.0,0.5535985423625873,9.316151202749142,1.0203236733157697,7.926900584795321,0.0,,0.0823513860563486,-0.0375850340136054,-4.352236181700337,-6600000.0,-198100000.0,-642400000.0,1126300000.0,80250000.0,18100000.0,550000.0,35.26157320286037,19.914236706689536,0.0,2.552353506243996,4.51937984496124,0.0,-0.0452127659574468,1.6754463827029165,2000-02-29,,bmo,,2025-04-25,1999-12-31,,8.58859375,569455.765625
1999-09-30,IRM,USD,1020569,1999-11-09,1999-11-09 00:00:00,1999,Q3,88000000.0,49000000.0,39000000.0,0.4431818182,0,11400000.0,0.0,11400000.0,11400000.0,22800000.0,71800000.0,0.0,0.0,11400000.0,34907000.0,0.3966704545,16200000.0,0.1840909091,-14007000.0,3300000.0,0.0375,1500000.0,1800000.0,0.0204545455,0.0286,0.0286,62905799,62905799,https://www.sec.gov/Archives/edgar/data/1020569/000103605099002279/0001036050-99-002279-index.html,https://www.sec.gov/Archives/edgar/data/1020569/000103605099002279/,1.3989171332201027,0.028614214088593,0.1080981421124624,0.2527588911159049,0.0317935712095477,1.1986176345999515,-5.463725212360787,1.1986176345999515,9.272595043264612,402597113.6,983897113.6,55.91626577777778,4.574967200000001,59.20545788235295,25.32057318238994,5.33948426525199,5.33948426525199,11.180649018181818,28.18624097172487,144.690752,61.88032161006289,0.0044709709513426,0.0394935767368601,7.73607427055703,0.7765943283184662,16.652820351218953,0.775842044134727,0.0,3.7777777777777777,0.0,0.0,0.1295454545454545,0.0,0.5579816269471441,1.338235294117647,0.1034090909090909,0.7982456140350878,0.0,0.878461032802898,0.0129148840052084,0.0054216867469879,-10.02848719877161,-19300000.0,-343700000.0,-608900000.0,662400000.0,53250000.0,9100000.0,1100000.0,57.68181818181818,19.10204081632653,2.020408163265306,1.5602836879432624,4.711538461538462,44.54545454545455,0.0238726790450928,0.1446607490034424,1999-10-28,0.00954,bmo,136900000.0,2025-04-25,1999-09-30,1.99895178197065,6.30625,214564.71875
1999-06-30,IRM,USD,1020569,1999-08-12,1999-08-12 00:00:00,1999,Q2,85500000.0,47700000.0,37800000.0,0.4421052632,0,11600000.0,0.0,11600000.0,11900000.0,23500000.0,71200000.0,0.0,0.0,11900000.0,33251000.0,0.3889005848,14300000.0,0.167251462,-14700000.0,4700000.0,0.0549707602,1100000.0,3600000.0,0.0421052632,0.0604,0.0557,59621018,64590413,https://www.sec.gov/Archives/edgar/data/1020569/000103605099001686/0001036050-99-001686-index.html,https://www.sec.gov/Archives/edgar/data/1020569/000103605099001686/,1.43405803637905,0.0603813910054336,0.2549436509118311,0.0218043911964066,0.038576999809027,1.2260776895825565,-5.798290797382896,1.2260776895825565,9.568773213499975,396479769.7000001,964679769.7,27.53331734027778,4.637190288888889,26.084195375,304.9844382307693,5.423799859097128,5.423799859097128,11.28280432397661,29.01205286156808,63.465774322368425,742.0613613076923,0.0090799084218697,0.0032788558190085,7.80437756497948,0.7774597983101662,17.088207873447416,0.6943483275663207,0.0,4.222222222222222,0.0,0.0,0.135672514619883,0.0,0.570727718724448,0.9144736842105264,0.1625730994152046,1.1680672268907564,0.0,1.2906301633305992,0.0164166539109138,0.0114285714285714,-10.40362980719316,-26500000.0,-345700000.0,-600500000.0,645400000.0,49950000.0,8750000.0,1150000.0,52.73684210526316,14.716981132075473,2.0754716981132075,1.7065868263473054,6.115384615384615,43.36363636363637,0.0492476060191518,0.2331392597154245,1999-07-29,0.08365,bmo,131800000.0,2025-04-25,1999-06-30,-0.3336521219366408,6.658095238095238,490557.8412698413
1999-03-31,IRM,USD,1020569,1999-05-12,1999-05-12 00:00:00,1999,Q1,80200000.0,45600000.0,34600000.0,0.4314214464,0,10600000.0,0.0,10600000.0,9900000.0,20500000.0,66100000.0,0.0,0.0,9900000.0,27544000.0,0.3434413965,14100000.0,0.1758104738,-12120000.0,3300000.0,0.0411471322,900000.0,2400000.0,0.029925187,0.0379,0.0379,63325541,63325541,https://www.sec.gov/Archives/edgar/data/1020569/000103605099001026/0001036050-99-001026-index.html,https://www.sec.gov/Archives/edgar/data/1020569/,1.266471612141458,0.0378993998645822,0.0679030914240432,-0.4847964899344484,0.0821153663732616,1.1053991627169832,-5.530154096906966,1.1053991627169832,9.016898884448535,424281124.7,990081124.7,44.19595048958333,5.290288337905237,98.670029,-13.820232074918566,6.061158924285715,6.061158924285715,12.345151180798004,35.94543728942783,230.2514243488372,-32.250199501628664,0.00565662684546,-0.072357685064843,8.157142857142857,0.7832647462277091,20.54167876851583,0.7081447963800905,0.0,1.7916666666666667,0.0,0.0,0.1321695760598503,0.0,0.5764060356652949,8.13953488372093,0.4364089775561097,3.5353535353535355,0.0,0.9708832111794764,0.0154598906294971,0.0077720207253886,-9.725143919417915,-25800000.0,-350200000.0,-596400000.0,637400000.0,46450000.0,15150000.0,1150000.0,55.8852867830424,19.144736842105264,2.3684210526315788,1.6104417670682731,4.701030927835052,38.0,0.0342857142857142,0.5526995813584916,1999-04-29,0.02106,bmo,422808786.0,2025-04-25,1999-03-31,0.7996201329534666,6.737213114754099,473835.0491803279
1998-12-31,IRM,USD,1020569,1999-03-26,1999-03-26 00:00:00,1998,Q4,75300000.0,42800000.0,32500000.0,0.4316069057,0,1600000.0,0.0,1600000.0,11000000.0,12600000.0,55400000.0,0.0,0.0,11000000.0,30900000.0,0.4103585657,19900000.0,0.2642762284,-20100000.0,-200000.0,-0.0026560425,700000.0,-900000.0,-0.0119521912,-0.0151,-0.0151,59621018,59621018,https://www.sec.gov/Archives/edgar/data/1020569/000103605099000580/0001036050-99-000580-index.html,https://www.sec.gov/Archives/edgar/data/1020569/,1.2629774285303212,-0.0150953477513584,0.2281074771316383,-3.2035682450105094,0.038576999809027,1.0583516034563516,-5.3403985822583575,1.0583516034563516,8.688211261337402,409596393.66,925296393.66,-113.77677601666667,5.439527140239044,30.117381886764708,-2.14448373643979,6.491226523930269,6.491226523930269,12.288132717928288,29.944867108737867,68.03649953382353,-4.844483736439791,-0.0021972849710856,-0.4663126994192881,8.20919175911252,0.7771942985746436,16.689320388349515,0.7635829662261381,0.0,-15.11111111111111,0.0,0.0,0.0212483399734395,0.0,0.5723930982745686,15.044117647058824,2.717131474103585,18.6,0.0,,0.1487541528239202,-0.0031578947368421,-9.530615528906266,-16100000.0,-318400000.0,-551400000.0,595100000.0,42750000.0,15550000.0,1200000.0,51.51394422310757,43.3177570093458,2.3130841121495327,1.7470997679814386,2.0776699029126213,38.90909090909091,-0.0142630744849445,3.431675722142148,1999-02-25,-0.00805,bmo,75300000.0,2025-04-25,1998-12-31,0.875776397515528,6.2271875,324788.953125
1998-09-30,IRM,USD,1020569,1998-11-12,1998-11-12 00:00:00,1998,Q3,74600000.0,41600000.0,33000000.0,0.4423592493,0,14100000.0,0.0,14100000.0,9800000.0,23900000.0,65500000.0,0.0,0.0,9800000.0,18900000.0,0.2533512064,9100000.0,0.1219839142,-12100000.0,-3000000.0,-0.0402144772,1600000.0,-4600000.0,-0.0616621984,-0.0742,-0.0742,62007144,62007144,https://www.sec.gov/Archives/edgar/data/1020569/000103605098001902/0001036050-98-001902-index.html,https://www.sec.gov/Archives/edgar/data/1020569/,1.2030871797610934,-0.0741850003606036,0.1919133704980832,2.2610297935992665,0.0709595655623165,1.0305264180527327,-5.146181220667089,1.0305264180527327,8.236147757426144,352820649.36,859120649.36,-19.175035291304347,4.729499321179625,29.64879406386555,2.516552420542083,5.52144991173709,5.52144991173709,11.516362591957105,45.45611901375661,72.1950125512605,6.127822035378031,-0.0130377856521271,0.3973690322670064,7.992175273865414,0.78017109685304,26.788359788359788,0.7945619335347432,0.0,-2.5869565217391304,0.0,0.0,0.1890080428954423,0.0,0.5850901313779407,10.781512605042018,1.7198391420911527,13.091836734693878,0.0,,0.023545955675554,-0.0169366715758468,-8.93203531515659,-13600000.0,-319100000.0,-538100000.0,585400000.0,40050000.0,8100000.0,1350000.0,51.152815013404826,22.716346153846157,2.8125,1.759433962264151,3.961904761904762,32.0,-0.0719874804381846,2.069116423101183,1998-10-29,,bmo,,2025-04-25,1998-09-30,,5.2603125,264892.171875
1998-06-30,IRM,USD,1020569,1998-08-14,1998-08-14 00:00:00,1998,Q2,64100000.0,35700000.0,28400000.0,0.4430577223,0,12600000.0,0.0,12600000.0,9200000.0,21800000.0,57500000.0,0.0,0.0,9200000.0,15800000.0,0.2464898596,6600000.0,0.1029641186,-14000000.0,-3700000.0,-0.0577223089,800000.0,-4500000.0,-0.0702028081,-0.0491,-0.0491,91728388,91728388,https://www.sec.gov/Archives/edgar/data/1020569/000103605098001397/0001036050-98-001397-index.html,https://www.sec.gov/Archives/edgar/data/1020569/,0.6988022072294566,-0.0490578772625983,0.1602557323911546,-1.433580191118152,0.027254376256999,0.746769909441775,-2.99144033796822,0.746769909441775,4.826204947589399,383424661.84,823624661.8399999,-21.30137010222222,5.98166399126365,26.083310329251702,-2.915776896121673,5.597440318832116,5.597440318832116,12.84905868705148,52.128143154430376,56.02888856054421,-6.263305413231938,-0.0117363342733488,-0.3429617682100842,6.4627737226277375,0.76,27.860759493670887,0.7524752475247525,0.0,-3.2666666666666666,0.0,0.0,0.1965678627145085,0.0,0.5886695278969957,9.945578231292515,2.280811232449298,15.891304347826088,0.0,,0.0152750276441998,-0.0187813021702838,-5.260367161363394,-15000000.0,-274400000.0,-468400000.0,519100000.0,34500000.0,6300000.0,1150000.0,52.93291731669267,14.369747899159664,3.5294117647058822,1.70026525198939,6.2631578947368425,25.5,-0.0656934306569343,1.5938359235093067,1998-07-30,,bmo,,2025-04-25,1998-06-30,,4.736666666666667,336633.5555555556
1998-03-31,IRM,USD,1020569,1998-05-13,1998-05-13 00:00:00,1998,Q1,56300000.0,32900000.0,23400000.0,0.4156305506,0,8800000.0,0.0,8800000.0,7200000.0,16000000.0,48900000.0,0.0,0.0,7200000.0,14600000.0,0.2593250444,7400000.0,0.1314387211,-8200000.0,-800000.0,-0.0142095915,200000.0,-1000000.0,-0.0177619893,-0.0109,-0.0109,91728388,91728388,https://www.sec.gov/Archives/edgar/data/1020569/000103605098000840/0001036050-98-000840-index.html,https://www.sec.gov/Archives/edgar/data/1020569/,0.6137685533076195,-0.0109017505027996,0.0054508752513998,-0.1319111810838756,0.027254376256999,0.6399327545143386,-1.9557740402022543,0.6399327545143386,3.671709569342917,417364165.4,751664165.4,-104.34104135,7.413217857904085,834.7283308,-34.49290623140496,7.1101220681431,7.1101220681431,13.351050895204262,51.48384694520548,1503.3283308,-62.12100540495867,-0.0023959891214944,-0.0289914683700825,5.737649063032368,0.7441449403446753,22.8972602739726,0.8311688311688312,0.0,-0.5,0.0,0.0,0.1563055062166962,0.0,0.5260715863897482,25.2,0.2238010657193605,1.75,0.0,,0.0226438188494492,-0.0046620046620046,-4.006120766016296,-7800000.0,-179400000.0,-355500000.0,403700000.0,28250000.0,7850000.0,850000.0,50.03552397868562,18.87537993920973,2.4620060790273555,1.7987220447284344,4.768115942028985,36.55555555555556,-0.0170357751277683,0.1373620563352754,1998-04-30,-0.00579,bmo,71269044.0,2025-04-25,1998-03-31,0.8825561312607945,4.388524590163934,660674.2295081967
1997-12-31,IRM,USD,1020569,1998-03-31,1998-03-31 00:00:00,1997,Q4,49800000.0,27600000.0,22200000.0,0.4457831325,0,8800000.0,0.0,8800000.0,6800000.0,15600000.0,43200000.0,0.0,0.0,6800000.0,13400000.0,0.2690763052,6600000.0,0.1325301205,-7800000.0,-1200000.0,-0.0240963855,100000.0,-1300000.0,-0.0261044177,-0.0142,-0.0142,91728388,91728388,https://www.sec.gov/Archives/edgar/data/1020569/000095010998002312/0000950109-98-002312-index.html,https://www.sec.gov/Archives/edgar/data/1020569/,0.5429071750394219,-0.0141722756536395,0.1602557323911546,-1.0432975231179251,0.0196231509050393,0.6464738048160183,-1.4989906941349498,0.6464738048160183,3.040498215230818,337560467.84000003,614660467.84,-64.91547458461538,6.778322647389559,22.96329713197279,-3.527277615882968,5.692419356492412,5.692419356492412,12.342579675502009,45.87018416716418,41.813637268027215,-6.422784407941484,-0.003851161862402,-0.2835047617168274,4.703204047217538,0.7066126171776033,20.67910447761194,0.7139689578713969,0.0,-11.307692307692308,0.0,0.0,0.1767068273092369,0.0,0.4986065366100836,7.510204081632653,2.216867469879518,16.235294117647058,0.0,,0.0203877958368976,-0.0065689742294087,-3.426420183029925,-12900000.0,-137500000.0,-303200000.0,344400000.0,26350000.0,6950000.0,1050000.0,45.54216867469879,28.695652173913043,2.608695652173913,1.9761904761904765,3.136363636363636,34.5,-0.0219224283305227,1.2035532555090798,1998-02-26,-0.02223,bmo,32700000.0,2025-04-25,1997-12-31,0.7993702204228521,4.54890625,546978.109375
1997-09-30,IRM,USD,1020569,1997-11-14,1997-11-14 00:00:00,1997,Q3,47200000.0,25500000.0,21700000.0,0.4597457627,0,7100000.0,0.0,7100000.0,6000000.0,13100000.0,38600000.0,0.0,0.0,6000000.0,14600000.0,0.3093220339,8600000.0,0.1822033898,-9200000.0,-600000.0,-0.0127118644,7300000.0,-13900000.0,-0.2944915254,-0.23,-0.23,59294017,59294017,https://www.sec.gov/Archives/edgar/data/1020569/000103605097001030/0001036050-97-001030-index.html,https://www.sec.gov/Archives/edgar/data/1020569/,0.7960330972347514,-0.2344250010924373,0.0387897483822018,-0.1416669071349981,0.0337302159845233,0.9562516231612374,-2.1131980314303886,0.9562516231612374,4.427090847968692,288761862.79,549261862.79,-5.193558683273381,6.117836076059323,125.54863599565218,-34.37641223690476,5.09280181287478,5.09280181287478,11.63690387266949,37.62067553356164,238.80950556086955,-65.38831699880951,-0.048136550532328,-0.0290897139907593,4.62962962962963,0.7189811010682005,17.84246575342466,0.8453333333333334,0.0,-0.1654676258992805,0.0,0.0,0.1504237288135593,0.0,0.4984935634072857,4.652173913043479,0.2266949152542373,1.7833333333333334,0.0,,0.3438607146472315,-0.0759148006553795,-4.808663916293612,-5800000.0,-125300000.0,-276700000.0,324900000.0,26050000.0,5100000.0,1100000.0,52.4364406779661,18.0,4.588235294117648,1.7163636363636363,5.0,19.615384615384617,-0.2451499118165784,0.1804566555172,1997-10-30,-0.14177,bmo,109400000.0,2025-04-25,1997-09-30,0.6535938491923537,4.826875,572624.765625
1997-06-30,IRM,USD,1020569,1997-08-14,1997-08-14 00:00:00,1997,Q2,46200000.0,25400000.0,20800000.0,0.4502164502,0,7400000.0,0.0,7400000.0,5400000.0,12800000.0,38200000.0,0.0,0.0,5400000.0,13400000.0,0.29004329,8000000.0,0.1731601732,-100000.0,7900000.0,0.170995671,8100000.0,-100000.0,-0.0021645022,-0.0017,-0.0017,59846810,59846810,https://www.sec.gov/Archives/edgar/data/1020569/000103605097000652/0001036050-97-000652-index.html,https://www.sec.gov/Archives/edgar/data/1020569/,0.7719709705496417,-0.0016709328366875,0.025063992550313,-0.1019269030379397,0.0200511940402504,-0.4260878733553217,-3.3151307479880714,-0.4260878733553217,5.407138659520867,327960518.8,650360518.8,-819.9012970000001,7.098712528138528,218.64034586666668,-53.76401947540984,-12.861196815686275,-12.861196815686275,14.077067506493506,48.534367074626864,433.5736792,-106.61647849180328,-0.0003049147512203,-0.0185997998244415,-12.690196078431372,0.945645821157218,24.05970149253731,0.6997455470737913,0.0,-15.0,0.0,0.0,0.1601731601731601,0.0,0.505260081823495,5.066666666666666,0.1645021645021645,1.2063492063492065,0.0,,-0.0006649101955667,-0.0005906674542232,-5.808162540325875,-11800000.0,-198400000.0,-340200000.0,299300000.0,25300000.0,4050000.0,950000.0,47.922077922077925,18.07086614173228,3.188976377952756,1.8780487804878048,4.980392156862745,28.22222222222222,0.0039215686274509,0.1269908955882527,1997-07-31,-0.01692,bmo,46600000.0,2025-04-25,1997-06-30,0.1820330969267139,4.7984375,116506.578125
1997-03-31,IRM,USD,1020569,1997-05-15,1997-05-15 00:00:00,1997,Q1,40200000.0,0.0,40200000.0,1.0,0,0.0,0.0,0.0,0.0,0.0,0.0,0.0,0.0,5700000.0,40200000.0,1.0,40200000.0,1.0,-40200000.0,0.0,0.0,34400000.0,100000.0,0.0024875622,0.003,0.003,57757445,57757445,https://www.sec.gov/Archives/edgar/data/1020569/000103605097000266/0001036050-97-000266-index.html,https://www.sec.gov/Archives/edgar/data/1020569/,0.696014167524204,0.0017313785261796,0.093494440413699,-0.0034627570523592,0.0346275705235922,0.9003168336133982,-1.3331614651583013,0.9003168336133982,3.48007083762102,261063651.4,460063651.4,652.6591285,6.494120681592039,48.345120629629626,-1305.318257,5.020454834615384,5.020454834615384,11.444369437810945,11.444369437810945,85.19697248148148,-2300.318257,0.0003830483464999,-0.0007660966929998,3.865384615384616,0.6655629139072847,4.9502487562189055,1.2,0.0,54.0,0.0,0.0,0.0,0.0,0.4271523178807947,1.037037037037037,0.1393034825870646,0.9824561403508772,0.0,0.1872772216013358,,0.0005780346820809,-3.9475430396895153,6000000.0,-77000000.0,-214000000.0,257000000.0,25000000.0,3500000.0,500000.0,58.208955223880594,0.0,0.0,1.5461538461538462,0.0,0.0,0.0019230769230769,0.0969571974660582,1997-04-30,0.00519,bmo,42200000.0,2025-04-25,1997-03-31,-0.6666666666666667,5.089508196721311,91849.01639344262
1996-12-31,IRM,USD,1020569,1997-03-11,1997-03-11 00:00:00,1996,Q4,38700000.0,19700000.0,19000000.0,0.4909560724,0,9600000.0,5000000.0,14600000.0,0.0,14600000.0,34300000.0,0.0,-4900000.0,5000000.0,-2500000.000000002,-0.0645994832,4500000.0,0.1162790698,-4900000.0,-400000.0,-0.0103359173,-100000.0,-2500000.0,-0.0645994832,-0.0439,-0.0439,56900000,56900000,https://www.sec.gov/Archives/edgar/data/1020569/000095010997002091/0000950109-97-002091-index.html,https://www.sec.gov/Archives/edgar/data/1020569/,0.680140597539543,-0.0439367311072056,0.0931458699472759,-0.0369068541300527,0.0527240773286467,0.9314586994727592,-1.0896309314586994,0.9138840070298768,3.165202108963093,314088000.0,496088000.0,-31.4088,8.115968992248062,59.26188679245283,-149.56571428571417,6.040153846153846,6.040153846153846,12.818811369509044,-198.43519999999984,93.60150943396226,-236.2323809523807,-0.0079595527368126,-0.0066860242989226,3.5576923076923075,0.6560283687943262,-72.79999999999994,1.2962962962962965,-0.9183673469387756,-2.12,0.0,0.0,0.2480620155038759,0.0,0.4078014184397163,1.39622641509434,0.1912144702842377,1.4800002960000596,0.0,,0.013235294117647,-0.0149700598802395,-3.655536028119508,8000000.0,-62000000.0,-194000000.0,241000000.0,,,,55.81395348837209,18.274111675126903,0.0,1.6125,4.925,0.0,-0.048076923076923,0.1300527240773286,1997-02-27,,bmo,,2025-04-25,1996-12-31,,5.49890625,55914.53125
