date,symbol,reportedCurrency,cik,fillingDate,acceptedDate,calendarYear,period,revenue,costOfRevenue,grossProfit,grossProfitRatio,researchAndDevelopmentExpenses,generalAndAdministrativeExpenses,sellingAndMarketingExpenses,sellingGeneralAndAdministrativeExpenses,otherExpenses,operatingExpenses,costAndExpenses,interestIncome,interestExpense,depreciationAndAmortization,ebitda,ebitdaratio,operatingIncome,operatingIncomeRatio,totalOtherIncomeExpensesNet,incomeBeforeTax,incomeBeforeTaxRatio,incomeTaxExpense,netIncome,netIncomeRatio,eps,epsdiluted,weightedAverageShsOut,weightedAverageShsOutDil,link,finalLink,revenuePerShare,netIncomePerShare,operatingCashFlowPerShare,freeCashFlowPerShare,cashPerShare,bookValuePerShare,tangibleBookValuePerShare,shareholdersEquityPerShare,interestDebtPerShare,marketCap,enterpriseValue,peRatio,priceToSalesRatio,pocfratio,pfcfRatio,pbRatio,ptbRatio,evToSales,enterpriseValueOverEBITDA,evToOperatingCashFlow,evToFreeCashFlow,earningsYield,freeCashFlowYield,debtToEquity,debtToAssets,netDebtToEBITDA,currentRatio,interestCoverage,incomeQuality,dividendYield,payoutRatio,salesGeneralAndAdministrativeToRevenue,researchAndDdevelopementToRevenue,intangiblesToTotalAssets,capexToOperatingCashFlow,capexToRevenue,capexToDepreciation,stockBasedCompensationToRevenue,grahamNumber,roic,returnOnTangibleAssets,grahamNetNet,workingCapital,tangibleAssetValue,netCurrentAssetValue,investedCapital,averageReceivables,averagePayables,averageInventory,daysSalesOutstanding,daysPayablesOutstanding,daysOfInventoryOnHand,receivablesTurnover,payablesTurnover,inventoryTurnover,roe,capexPerShare,report_date,epsEstimated,time,revenueEstimated,updatedFromDate,fiscalDateEnding,surprise(%),QuarterAvgPrice,QuarterAvgVolume
2025-03-31,IT,USD,749251,2025-05-06,2025-05-06 06:05:10,2025,Q1,1534130000.0,475030000.0,1059100000.0,0.6903587049,0,0.0,0.0,730308000.0,50760000.0,781068000.0,1256098000.0,0.0,13413000.0,50760000.0,328744000.0,0.2142869248,278032000.0,0.181231056,-11024000.0,267008000.0,0.1740452243,56069000.0,210939000.0,0.1374974741,2.73,2.71,77357000,77790000,https://www.sec.gov/Archives/edgar/data/749251/000074925125000028/0000749251-25-000028-index.htm,https://www.sec.gov/Archives/edgar/data/749251/000074925125000028/it-20250331.htm,19.83181871065321,2.7268249802862057,4.052794187985573,3.722261721628295,27.03114133174761,19.36287601639153,-23.618702896958258,19.36287601639153,36.18174179453702,32469827180.0,33164277180.0,38.48248448603625,21.16497766160625,103.56805219576924,112.76477351420246,21.677564822739733,21.677564822739733,21.617644645499404,100.88177177378142,105.78311892367756,115.17653556433044,0.0064964620486163,0.0088680176338407,1.859659219122825,0.3284877958234908,2.1124339911907137,1.0897379667932152,20.728546932080818,1.4862685420903674,0.0,0.0,0.0,0.0,0.3921013811592095,0.0815566868253846,0.0166667753058736,0.5037234042553191,0.0327012704268869,34.46710627921678,0.0468525977769017,0.0409206114259719,-48.6468257559109,340259000.0,-1827072000.0,-2849953000.0,4160862000.0,1599903500.0,27896500.0,0.0,88.2078963321231,0.0,0.0,1.0203168167748748,0.0,0.0,0.1408274771773484,0.3305324663572785,2025-05-06,2.74,bmo,1534495396.0,2025-05-11,2025-03-31,0.0875912408759123,492.7745000000001,587526.4
2024-12-31,IT,USD,749251,2025-02-13,2025-02-13 16:34:58,2024,Q4,1715119000.0,574925000.0,1140194000.0,0.6647900233,60100000,0.0,0.0,759850000.0,51218000.0,822399000.0,1397324000.0,61558000.0,73876000.0,51222000.0,426746000.0,0.2488142222,317795000.0,0.1852903501,-16147000.0,301648000.0,0.175875843,-96925000.0,398573000.0,0.2323879568,5.14,5.11,77500000,78000000,https://www.sec.gov/Archives/edgar/data/749251/000074925125000008/0000749251-25-000008-index.htm,https://www.sec.gov/Archives/edgar/data/749251/000074925125000008/it-20241231.htm,22.130567741935483,5.142877419354838,4.3271612903225805,4.018245161290323,24.94383225806452,17.53766451612903,-25.55774193548387,17.53766451612903,38.37267096774193,37546425000.0,38513284000.0,23.55053214843956,21.891440185783026,111.96023616764326,120.56755637190363,27.624544850566785,27.624544850566785,22.45516725078551,90.24872875199767,114.84332722040824,123.6722947587456,0.0106154713797651,0.0082941052310572,2.1336610826173934,0.3397911882016307,2.26565451111434,1.0573227721934102,4.301735340299962,0.8413891558133642,0.0,0.0,0.0,0.0350413003412591,0.3913324837008948,0.0713900195315412,0.0139587981941777,0.4673968216781851,0.0176046093594671,45.04848858324731,0.0899938480882023,0.0767257189288394,-51.22820967741936,227515000.0,-1980725000.0,-2978971000.0,4067796000.0,1500989500.0,436320500.0,0.0,89.0085469288137,8.733956603035178,0.0,1.011138852451768,10.304608104959405,0.0,0.2932475652402313,0.308916129032258,2025-02-04,3.26,bmo,1690400144.0,2025-05-04,2024-12-31,0.6717791411042946,515.549375,353967.546875
2024-09-30,IT,USD,749251,2024-11-05,2024-11-05 06:05:10,2024,Q3,1484306000.0,475342000.0,1008964000.0,0.6797547137,0,0.0,0.0,711729000.0,0.0,763140000.0,1238482000.0,0.0,17961000.0,51252000.0,607583000.0,0.4093381014,245824000.0,0.1656154459,281048000.0,526872000.0,0.3549618475,111823000.0,415049000.0,0.279624956,5.36,5.32,77484000,77968000,https://www.sec.gov/Archives/edgar/data/749251/000074925124000041/0000749251-24-000041-index.htm,https://www.sec.gov/Archives/edgar/data/749251/000074925124000041/it-20240930.htm,19.156290330907023,5.356576841670538,7.624374064322957,7.291802178514274,22.8213824789634,13.740669041350472,-29.85448608745031,13.740669041350472,37.803430385628,39265791840.0,40408699840.0,23.651298906876058,26.45397366850232,66.46578404006993,69.49722271583262,36.88030025866878,36.88030025866878,27.22396853479,66.5072917445024,68.40040124109844,71.52007589407395,0.0105702439846683,0.0143890642089238,2.734337576853934,0.3710685811521327,1.881073038580737,1.0229176027373588,13.686543065530872,1.4233668795732553,0.0,0.0,0.0,0.0,0.4305587314940507,0.0436195657509644,0.0173609754322895,0.5027901350191212,0.0231374123664527,40.69479531167393,0.0433585962120464,0.092903606763748,-52.05152676681637,79569000.0,-2313245000.0,-3229239000.0,4037808000.0,1369924000.0,779692500.0,-3413500.0,79.17360705946079,154.65984491166358,0.0,1.1367424491902762,0.581922218087086,0.0,0.3898337719619567,0.3325718858086831,2024-11-05,2.37,bmo,1475161592.0,2025-04-25,2024-09-30,0.0548523206751054,480.73875,327397.578125
2024-06-30,IT,USD,749251,2024-07-30,2024-07-30 06:05:01,2024,Q2,1595060000.0,563848000.0,1031212000.0,0.6465035798,513314000,0.0,0.0,723878000.0,504000.0,723878000.0,1287726000.0,0.0,19990000.0,66673000.0,381090000.0,0.2389189121,307334000.0,0.1926786453,-19486000.0,299297000.0,0.1876399634,69749000.0,229548000.0,0.1439118278,2.95,2.93,77816000,78288000,https://www.sec.gov/Archives/edgar/data/749251/000074925124000035/0000749251-24-000035-index.htm,https://www.sec.gov/Archives/edgar/data/749251/000074925124000035/it-20240630.htm,20.497841060964326,2.9498817723861417,4.754343579726535,4.376953325794181,15.96859257736198,8.31010332065385,-35.244474144134884,8.31010332065385,39.09198622391282,34341757120.0,36127964120.0,37.40149894575426,21.530072298220755,92.82459136564638,100.82812567344986,53.1064395918096,53.1064395918096,22.64990916956102,94.80165871578892,97.65264760895654,106.07246722666378,0.0066842240831735,0.0099178675922101,4.673238909533463,0.4066895904549619,4.687100160067176,0.8053699262637508,15.374387193596798,1.6117064840469095,0.0,0.0,0.0,0.3218148533597482,0.4561130034832477,0.079377993534506,0.0184112196406404,0.44046315600018,0.0249188118315298,23.48533589339213,0.0580360241541154,0.0567982014447232,-57.43395959699805,-673770000.0,-2742584000.0,-3996022000.0,3313728000.0,1514913500.0,744036500.0,-6943500.0,80.91762065376851,118.5218888778536,-1.0897085739419134,1.1122422937408567,0.7593534059582216,-82.59088911674235,0.3549753424911738,0.3773902539323532,2024-07-30,3.02,bmo,1584593137.0,2025-04-25,2024-06-30,0.0662251655629139,444.9080952380952,425307.77777777775
2024-03-31,IT,USD,749251,2024-04-30,2024-04-30 06:05:19,2024,Q1,1472926000.0,459441000.0,1013485000.0,0.6880759794,459441000,0.0,0.0,689357000.0,4891000.0,739209000.0,1198650000.0,14719000.0,19219000.0,65335000.0,324128000.0,0.2200572194,274821000.0,0.1865816748,-14328000.0,259557000.0,0.1762186288,49012000.0,210545000.0,0.1429433658,2.69,2.67,78339000,78964000,https://www.sec.gov/Archives/edgar/data/749251/000074925124000024/0000749251-24-000024-index.htm,https://www.sec.gov/Archives/edgar/data/749251/000074925124000024/it-20240331.htm,18.80195049719807,2.6876140874915437,2.410497963977074,2.1212422931107118,15.87282196607054,9.167515541428918,-34.38804426913798,9.167515541428918,39.13550083610973,37402172160.0,39212388160.0,44.4111379515068,25.39311014945761,198.06695841894555,225.0756556903524,52.07954083550783,52.07954083550783,26.62210332358856,120.97809556718332,207.6531390201021,235.9690217600616,0.0056292185143505,0.0044429505133853,4.242171117305834,0.3951610999492854,5.584880047388686,0.8173925703721406,14.299443259274677,0.8968914008881712,0.0,0.0,0.0,0.3119240206228962,0.4425658998081664,0.1199983054078671,0.015384343816322,0.3468278870436979,0.0342854970310796,23.545100087278147,0.0534842936244951,0.0489900321357113,-58.14352046873205,-664744000.0,-2693925000.0,-4016090000.0,3356291000.0,1612876000.0,404337500.0,-6511000.0,97.50385966436876,146.04321338322003,-1.3829849752198868,0.9230403833222726,0.6162559554468194,-65.07662889518413,0.293167115490118,0.2892556708663628,2024-04-30,2.53,bmo,1473098480.0,2025-04-25,2024-03-31,0.1581027667984191,460.24360655737706,401807.62295081967
2023-12-31,IT,USD,749251,2024-02-15,2024-02-15 16:34:58,2023,Q4,1586118000.0,529842000.0,1056276000.0,0.6659504526,47800000,0.0,0.0,703025000.0,-3682000.0,754745000.0,1284587000.0,24277000.0,59003000.0,66766000.0,305451000.0,0.1925777275,303928000.0,0.1916175215,-24159000.0,277254000.0,0.1748003616,68623000.0,208631000.0,0.1315356108,2.66,2.64,78400000,79000000,https://www.sec.gov/Archives/edgar/data/749251/000074925124000006/0000749251-24-000006-index.htm,https://www.sec.gov/Archives/edgar/data/749251/000074925124000006/it-20231231.htm,20.23109693877551,2.661109693877551,2.8613520408163264,2.5044770408163264,16.90001275510204,8.68155612244898,-35.186020408163266,8.68155612244898,39.913239795918365,35367024000.0,37118220000.0,42.37987643255317,22.29785173612556,157.65623857709625,180.12143559238302,51.96188259769568,51.96188259769568,23.40192848199188,121.51939263580738,165.46257745285962,189.0401373051321,0.0058990261662954,0.0055518100703073,4.510787001530925,0.3918104564378473,5.73314868833299,0.9073957062449588,5.151060115587344,1.0752476861060916,0.0,0.0,0.0,0.0301364715613844,0.4389042306333182,0.1247225070209067,0.0176399233852714,18.370978332239,0.0160883364289416,22.799295953960883,0.0597602907475747,0.0474517143649295,-58.81110650510204,-349833000.0,-2758584000.0,-3727399000.0,3718912000.0,1401668000.0,436413000.0,-7039500.0,92.4910441719973,10.724914219710785,-1.0127169986524285,0.9730671851064312,8.391675509589952,-88.86984233478698,0.3065245050937802,0.356875,2024-02-06,2.83,bmo,1585430000.0,2025-04-25,2023-12-31,0.0742049469964664,399.4766666666666,514784.90476190473
2023-09-30,IT,USD,749251,2023-11-03,2023-11-03 06:06:18,2023,Q3,1408784000.0,450841000.0,957943000.0,0.6799786199,450841000,0.0,0.0,660227000.0,1877000.0,714149000.0,1164990000.0,19320000.0,21820000.0,48536000.0,297716000.0,0.2113283513,249180000.0,0.1768759441,-19943000.0,224474000.0,0.1593388341,44465000.0,180009000.0,0.1277761531,2.28,2.26,78923000,79520000,https://www.sec.gov/Archives/edgar/data/749251/000074925123000052/0000749251-23-000052-index.htm,https://www.sec.gov/Archives/edgar/data/749251/000074925123000052/it-20230930.htm,17.850107066381156,2.2808180124931896,4.193276991498043,3.832786386731371,15.93289662075694,7.179630779367232,-36.56403076416254,7.179630779367232,38.16860737681031,27118732030.0,28859938030.0,37.66302244609992,19.24974448176583,81.94307237434505,89.65018274682227,47.8590070380031,47.8590070380031,20.485708263296573,96.93781331873328,87.20437180083759,95.40633078232698,0.0066378103445568,0.0111544669443013,5.277727579159887,0.4128098046436946,5.848546937349689,0.8565653418918747,11.419798350137487,1.838496964040687,0.0,0.0,0.0,0.3200213801406035,0.4765583200495168,0.0859687078858786,0.0201954309532192,0.5861834514587111,0.0191952776295017,19.194978564827945,0.0535820150066673,0.0474704399208549,-57.5797264422285,-475158000.0,-2885743000.0,-3840210000.0,3616225000.0,1239153500.0,766636000.0,-7982500.0,74.95721842383219,161.63532154351535,-1.62037170532405,1.2006848958976986,0.5568089891525985,-55.54281138351608,0.3176790119970775,0.3604906047666713,2023-11-03,1.96,bmo,1387750000.0,2025-04-25,2023-09-30,0.3061224489795919,348.82428571428574,401930.3174603175
2023-06-30,IT,USD,749251,2023-08-01,2023-08-01 06:07:14,2023,Q2,1503185000.0,487418000.0,1015767000.0,0.675743172,487418000,0.0,0.0,670168000.0,5575000.0,733585000.0,1221003000.0,18058000.0,24558000.0,64326000.0,345566000.0,0.2298892019,298986000.0,0.1989016655,-18983000.0,264124000.0,0.1757095767,66081000.0,198043000.0,0.1317489198,2.5,2.48,79285000,79820000,https://www.sec.gov/Archives/edgar/data/749251/000074925123000039/0000749251-23-000039-index.htm,https://www.sec.gov/Archives/edgar/data/749251/000074925123000039/it-20230630.htm,18.95926089424229,2.4978621429021883,5.496399066658258,5.173866431229111,14.89154316705556,7.397439616573123,-36.489991801727946,7.397439616573123,38.33991297218894,27774328350.0,29616722350.0,35.06098214781638,18.47698609951536,63.73445518630876,67.70758477365251,47.35557411177379,47.35557411177379,19.70264628106321,85.70496620037851,67.96224339233837,72.19892823188123,0.0071304334529479,0.014769394054492,5.140990885003734,0.409903407222442,5.331525670928274,0.8687321185214661,12.174688492548253,2.200441318299561,0.0,0.0,0.0,0.324256828001876,0.4730351676666984,0.0586807165050415,0.0170118781121418,0.5486023212408555,0.0214431357417749,20.38995214277034,0.0587343948201519,0.0510904936075936,-58.19426751592356,-438074000.0,-2893109000.0,-3870249000.0,3698392000.0,1414215500.0,361792500.0,-3924000.0,78.13349654234176,133.6073965261849,-1.449105285401852,1.1518747270094023,0.6736154010931681,-62.107288481141694,0.3376657698301467,0.322532635429148,2023-08-01,2.51,bmo,1480770000.0,2025-04-25,2023-06-30,0.1354581673306774,325.62451612903226,552937.2741935484
2023-03-31,IT,USD,749251,2023-05-02,2023-05-02 06:06:59,2023,Q1,1408869000.0,435139000.0,973730000.0,0.6911430374,0,0.0,0.0,657090000.0,-91317000.0,565773000.0,1000912000.0,0.0,27391000.0,46631000.0,455299000.0,0.3231663128,407957000.0,0.2895634725,-26680000.0,381277000.0,0.2706262967,85494000.0,295783000.0,0.2099435789,3.72,3.68,79500000,80300000,https://www.sec.gov/Archives/edgar/data/749251/000074925123000021/0000749251-23-000021-index.htm,https://www.sec.gov/Archives/edgar/data/749251/000074925123000021/it-20230331.htm,17.721622641509434,3.720540880503145,2.071433962264151,1.805748427672956,11.23914465408805,5.947899371069182,-38.00277987421384,5.947899371069182,38.54242767295597,25898715000.0,28041935000.0,21.88996240487113,18.382628193252884,157.26786657679486,180.40719017533107,54.77059709257325,54.77059709257325,19.90386260184588,61.5901528446142,170.28239787708208,195.33659104049264,0.0114207596786172,0.0055430163233967,6.422080201667308,0.4115408571321703,4.707280270767122,0.8405048728293444,14.89383374100982,0.5567561354100811,0.0,0.0,0.0,0.0,0.4735209648225515,0.1282616484190455,0.0149921674761812,0.4529604769359439,0.0319745838683369,22.313932019516223,0.0804664149703847,0.0761375012130446,-61.25762578616352,-550937000.0,-3021221000.0,-4002755000.0,3615079000.0,1540113500.0,41612500.0,206057500.0,97.3189771369801,0.0,0.0,0.9247939368836732,0.0,0.0,0.6255218268486522,0.265685534591195,2023-05-02,2.0,bmo,1395720000.0,2025-04-25,2023-03-31,0.4399999999999999,330.5687096774193,451714.8064516129
2022-12-31,IT,USD,749251,2023-02-16,2023-02-16 16:35:48,2022,Q4,1504700000.0,475400000.0,1029300000.0,0.6840566226,1269236000,0.0,0.0,645000000.0,-1220536000.0,693700000.0,1169100000.0,4880000.0,29900000.0,66100000.0,387609000.0,0.2575988569,332300000.0,0.2208413637,-28196000.0,304100000.0,0.2021000864,47300000.0,256814000.0,0.1706745531,3.24,3.21,79200000,80100000,https://www.sec.gov/Archives/edgar/data/749251/000074925123000006/0000749251-23-000006-index.htm,https://www.sec.gov/Archives/edgar/data/749251/000074925123000006/it-20221231.htm,18.998737373737377,3.2426010101010103,2.564507575757576,2.0898989898989897,8.89324494949495,2.8762373737373736,-41.50412878787879,2.8762373737373736,40.25619949494949,26622288000.0,29082680000.0,25.915923586720343,17.69275470193394,131.07389628229177,160.84030932817785,116.86796196630348,116.86796196630348,19.32789260317671,75.03097193305625,143.18754954236394,175.7049299178347,0.0096465788364997,0.0062173469087255,13.86487589882264,0.4326719486841716,6.347613187516286,0.7744349010451412,11.11371237458194,0.790879780697314,0.0,0.0,0.0,0.8435143217917193,0.4815139889990542,0.1850681161346863,0.0249810593473782,0.7721334374101311,0.008654881371702,14.486063295486783,0.0736586102404762,0.0678538505621548,-63.05487373737374,-811493000.0,-3287127000.0,-4285831000.0,3404605000.0,1301963000.0,158717000.0,203882000.0,93.11539841828936,15.755679427850232,78.0192469499369,0.9665426076544882,5.712225893661761,1.153561505890346,1.1273760085689954,0.4746085858585858,2023-02-07,2.5,bmo,1451663043.0,2025-04-25,2022-12-31,0.4800000000000001,322.7195238095238,437617.3333333333
2022-09-30,IT,USD,749251,2022-11-01,2022-11-01 06:08:02,2022,Q3,1331868000.0,416837000.0,915031000.0,0.6870282941,416837000,0.0,0.0,613031000.0,-369586000.0,660282000.0,1077119000.0,19086000.0,30286000.0,64571000.0,320439000.0,0.2405936624,253418000.0,0.1902726096,-21356000.0,232062000.0,0.1742379875,58517000.0,173545000.0,0.1303019518,2.19,2.17,79259000,80059000,https://www.sec.gov/Archives/edgar/data/749251/000074925122000035/0000749251-22-000035-index.htm,https://www.sec.gov/Archives/edgar/data/749251/000074925122000035/it-20220930.htm,16.803997022420166,2.1895936108202223,3.973315333274454,3.568616813232566,6.725267792932033,-0.8191624925875926,-45.48251933534362,-0.8191624925875926,39.19953569941584,21930172710.0,24478115710.0,31.59147873750324,16.46572536467578,69.63706043737953,77.53424211140377,-337.77181267905,-337.77181267905,18.378785067288952,76.38931500223131,77.72779747936784,86.54250812282345,0.0079135263682107,0.012897527244326,-47.38671718571913,0.4714452476986506,7.951413529564129,0.641712139727463,8.367496533051575,1.8146359733786623,0.0,0.0,0.0,0.3129717059047893,0.5424452884589748,0.1018541157941197,0.0240834677310364,0.6788427758142684,0.0157433018887757,,0.0534635709081963,0.0581199277557358,-66.54969782611438,-1105638000.0,-3604899000.0,-4610625000.0,3151421000.0,1109568000.0,458945500.0,-2175500.0,70.75971492670445,50.56847160880632,-0.9394319602146642,1.2719101552800962,1.779765081615139,-95.80257412089176,-2.672966146073992,0.404698520041888,2022-11-01,1.87,bmo,1295330513.0,2025-04-25,2022-09-30,0.2887700534759358,280.3665625,472953.296875
2022-06-30,IT,USD,749251,2022-08-02,2022-08-02 06:10:37,2022,Q2,1376500000.0,424500000.0,952000000.0,0.6916091537,424535000,0.0,0.0,604900000.0,-376835000.0,652600000.0,1077100000.0,0.0,29700000.0,65079000.0,358675000.0,0.260570287,297100000.0,0.2158372684,-21171000.0,275900000.0,0.2004358881,71000000.0,204900000.0,0.1488557937,2.55,2.53,80271000,81000000,https://www.sec.gov/Archives/edgar/data/749251/000074925122000029/0000749251-22-000029-index.htm,https://www.sec.gov/Archives/edgar/data/749251/000074925122000029/it-20220630.htm,17.148160605947353,2.552603057143925,5.177548554272402,4.914788653436484,4.490700252893324,-1.779808399048224,-46.48617807178184,-1.779808399048224,39.10192971309689,19411935930.0,22160513930.0,23.684646083455345,14.102387163094804,46.70743257452353,49.20455731721227,-135.87417619184276,-135.87417619184276,16.099174667635307,61.78438399665436,53.32083898971865,56.17153702647555,0.0105553614404495,0.020323320735378,-21.761855431975192,0.4717406352143676,7.663143514323552,0.623361823720371,10.003367003367003,2.028093204831036,0.0,0.0,0.0,0.3084162731565565,0.544507065675719,0.0507498670619118,0.0153229204504177,0.4425142665323934,0.0177653468942971,,0.0628527527996691,0.0682552018358617,-68.44303671313426,-1197100000.0,-3731492000.0,-4752179000.0,3123391000.0,1249197000.0,707975000.0,0.0,76.62887032328369,144.95024734982331,0.0,1.1744920631128437,0.620902700378246,0.0,-1.4342010401282312,0.2627599008359183,2022-08-02,2.13,bmo,1324955786.0,2025-04-25,2022-06-30,0.3380281690140846,266.0511290322581,550457.5161290322
2022-03-31,IT,USD,749251,2022-05-03,2022-05-03 06:07:52,2022,Q1,1262740000.0,377033000.0,885707000.0,0.7014167604,377033000,0.0,0.0,617904000.0,48349000.0,666253000.0,1043286000.0,0.0,31394000.0,66300000.0,305587000.0,0.2420031044,217247000.0,0.1720441263,-2188000.0,215059000.0,0.1703113864,42544000.0,172515000.0,0.1366195733,2.1,2.08,82020000,82973000,https://www.sec.gov/Archives/edgar/data/749251/000074925122000018/0000749251-22-000018-index.htm,https://www.sec.gov/Archives/edgar/data/749251/000074925122000018/it-20220331.htm,15.3955132894416,2.103328456474031,2.0456595952206778,1.8348207754206287,5.561753230919288,1.4405388929529384,-42.86389904901244,1.4405388929529384,38.66832479882955,24397669200.0,27081676200.0,35.35586644639596,19.32121355148328,145.4103120064368,162.11937644525955,206.49216862881173,206.49216862881173,21.44675562665315,88.62182029994732,161.40701612182258,179.95425803364964,0.0070709623360251,0.0061682941418026,26.57725152979611,0.4495316194955431,8.783119046294509,0.6974352352583228,6.920016563674587,0.9725820943106396,0.0,0.0,0.0,0.2985832396217748,0.5202024836470878,0.103066424292994,0.0136948223704008,0.3576702723944652,0.0254375405863439,8.256715148267139,0.0455933313436453,0.0514723850050259,-66.03665569373324,-986487000.0,-3515697000.0,-4593371000.0,3419017000.0,1345789000.0,390772500.0,0.0,94.53713353501117,174.7966888839969,0.0,0.9520068637015436,0.5148838949674163,0.0,1.460098347058475,0.2108388198000487,2022-05-03,1.75,bmo,1236637867.0,2025-04-25,2022-03-31,0.3314285714285714,289.5427419354839,561692.7096774194
2021-12-31,IT,USD,749251,2022-02-23,2022-02-23 16:37:11,2021,Q4,1306300000.0,399600000.0,906700000.0,0.6940978336,34600000,0.0,0.0,667400000.0,6400000.0,719000000.0,1118600000.0,1893000.0,31500000.0,70563000.0,282097000.0,0.2159511598,185400000.0,0.1419275817,-8307000.0,177100000.0,0.1355737579,-32300000.0,209400000.0,0.1603000842,2.54,2.5,82500000,83800000,https://www.sec.gov/Archives/edgar/data/749251/000074925122000006/0000749251-22-000006-index.htm,https://www.sec.gov/Archives/edgar/data/749251/000074925122000006/it-20211231.htm,15.833939393939394,2.538181818181818,2.845890909090909,2.589357575757576,9.169612121212122,4.497672727272727,-39.93547878787879,4.497672727272727,39.7792,27581400000.0,30075191000.0,32.92908309455587,21.114139171706345,117.4746364774731,129.11310632799993,74.33177562537394,74.33177562537394,23.023188394702597,106.6129416477311,128.09618546250627,140.7869554633886,0.007592072918706,0.0077451470918807,8.759503905049884,0.4382607879591021,8.840189721975065,0.7754514943263545,5.885714285714286,1.1214516691424778,0.0,0.0,0.0,0.0264870244201178,0.4942792413060702,0.0901416609167497,0.0162014851106177,0.4097103918228279,0.0129128071652759,16.026790092253563,0.0530369300919017,0.0558312307746863,-63.81682424242424,-758700000.0,-3294677000.0,-4425186000.0,3728855000.0,1167573000.0,402483000.0,0.0,94.05664854933782,11.098423423423425,0.0,0.9568701563163832,8.109259898126915,0.0,0.5643322607247384,0.2565333333333333,2022-02-08,2.42,bmo,1248687000.0,2025-04-25,2021-12-31,0.2355371900826447,321.5421875,447648.875
2021-09-30,IT,USD,749251,2021-11-02,2021-11-02 06:10:19,2021,Q3,1156300000.0,359200000.0,797100000.0,0.6893539739,359237000,0.0,0.0,512600000.0,200000.0,565100000.0,924300000.0,0.0,31600000.0,71381000.0,294433000.0,0.2546337456,230200000.0,0.1990832829,-31388000.0,198800000.0,0.1719277004,50000000.0,148800000.0,0.1286863271,1.78,1.76,83566000,84766000,https://www.sec.gov/Archives/edgar/data/749251/000074925121000038/0000749251-21-000038-index.htm,https://www.sec.gov/Archives/edgar/data/749251/000074925121000038/it-20210930.htm,13.836967187612188,1.7806284852691283,4.128939999521337,3.9591221310102194,9.160783093602662,4.002907881195702,-40.23610080654811,4.002907881195702,38.70781178948376,25394036080.0,27831563080.0,42.66471115591398,21.96145989795036,73.59758195450368,76.75438896411646,75.91481218629207,75.91481218629207,24.06950019891032,94.52596373368476,80.66207901135813,84.12190214237354,0.0058596435608435,0.0130285709194755,9.575455820057575,0.4579302806049032,8.278715361389517,0.7260513182103628,7.284810126582278,2.317798004903772,0.0,0.0,0.0,0.3106780247340655,0.528530064239198,0.0411286840038372,0.0122727665830666,0.2704077743902439,0.0168001383723947,12.663848760792296,0.0412002691712044,0.0451215096783818,-61.83289256396142,-795696000.0,-3362370000.0,-4551284000.0,3814518000.0,1036264000.0,695035000.0,0.0,75.49679149009772,189.3430122494432,0.0,1.1921036407461705,0.4753278134258935,0.0,0.4448337404000514,0.1698178685111169,2021-11-02,1.56,bmo,1131390000.0,2025-04-25,2021-09-30,0.3012820512820511,289.93,581956.890625
2021-06-30,IT,USD,749251,2021-08-03,2021-08-03 06:10:08,2021,Q2,1167319000.0,350802000.0,816517000.0,0.6994806047,350802000,0.0,0.0,488496000.0,-3682000.0,540501000.0,891303000.0,0.0,27390000.0,70691000.0,469985000.0,0.4026191641,274714000.0,0.2353375555,104473000.0,379187000.0,0.324835799,107951000.0,271236000.0,0.2323580786,3.16,3.13,85712000,86589000,https://www.sec.gov/Archives/edgar/data/749251/000074925121000030/0000749251-21-000030-index.htm,https://www.sec.gov/Archives/edgar/data/749251/000074925121000030/it-20210630.htm,13.61908484226246,3.164504386783648,6.712560668284487,6.573046947918611,9.28991273100616,6.155940825088669,-37.372911610976296,6.155940825088669,37.75053668097816,20759446400.0,23171473400.0,19.134117889955608,17.783867477527565,36.08161057587856,36.84744714575542,39.34410789215333,39.34410789215333,19.85016383696316,49.3025807206613,40.27391017942216,41.12872881792154,0.0130656663368441,0.0271389221631652,6.080464257691826,0.4463177868603878,5.132136132004213,0.7757634538834468,10.029718875502008,2.121204412393635,0.0,0.0,0.0,0.3005193952981147,0.519027341500263,0.0207839790595936,0.0102439864338711,0.2299394289010672,0.0224360264846198,20.93588520411561,0.0449624346645181,0.078450972480726,-58.77267477132724,-652440000.0,-3203307000.0,-4403536000.0,4005859000.0,1138994000.0,608870000.0,0.0,85.00725165957206,162.75360459746523,0.0,1.058733205026112,0.5529831441988332,0.0,0.5140569860396711,0.1395137203658764,2021-08-03,1.73,bmo,1118250000.0,2025-04-25,2021-06-30,0.2947976878612718,218.761746031746,710935.0158730159
2021-03-31,IT,USD,749251,2021-05-04,2021-05-04 06:07:17,2021,Q1,1104038000.0,334467000.0,769571000.0,0.6970511885,334467000,0.0,0.0,487255000.0,15490000.0,543519000.0,877986000.0,0.0,26149000.0,74839000.0,308709000.0,0.2796180929,225412000.0,0.2041705086,-10659000.0,214753000.0,0.1945159496,50653000.0,164100000.0,0.1486361882,1.86,1.84,88352000,89139000,https://www.sec.gov/Archives/edgar/data/749251/000074925121000016/0000749251-21-000016-index.htm,https://www.sec.gov/Archives/edgar/data/749251/000074925121000016/it-20210331.htm,12.49590275262586,1.857343353857298,1.780355849329953,1.638638627308946,5.047933266932271,10.091384462151394,-32.02357614994567,10.091384462151394,31.248539931184357,16128657600.000002,18417384600.0,24.5713857404022,14.60878846561441,102.53568131826216,111.4034522058062,18.08968835591088,18.08968835591088,16.68183939320929,59.65937047510763,117.08594260575468,127.21208893677864,0.0101744363399468,0.008976382510594,3.067227908666949,0.3941738213725331,7.413865484971284,0.7103687534689863,8.620291406937168,0.9585496648385132,0.0,0.0,0.0,0.3029488115445302,0.536324179595489,0.0796005035029053,0.0113410951434642,0.2225401677804635,0.032685469159576,20.53585235374717,0.0415452795172293,0.0510115741251639,-53.40795341361825,-814565000.0,-2829347000.0,-4048408000.0,3862782000.0,1208467000.0,310973500.0,0.0,95.8194736050752,156.9730646072707,0.0,0.9392662745251508,0.5733467727419993,0.0,0.184052382586693,0.1417172220210069,2021-05-04,1.05,bmo,878301652.0,2025-04-25,2021-03-31,0.9047619047619048,173.8609836065574,535398.8032786886
2020-12-31,IT,USD,749251,2021-02-24,2021-02-24 16:38:34,2020,Q4,1112800000.0,351500000.0,761300000.0,0.6841301222,28900000,496639000.0,29461000.0,526100000.0,4400000.0,582400000.0,933900000.0,33000.0,26400000.0,56300000.0,240990000.0,0.216561826,178100000.0,0.160046729,-21975000.0,156100000.0,0.1402767793,36500000.0,119600000.0,0.1074766355,1.34,1.33,89339000,90081000,https://www.sec.gov/Archives/edgar/data/749251/000074925121000010/0000749251-21-000010-index.htm,https://www.sec.gov/Archives/edgar/data/749251/000074925121000010/it-20201231.htm,12.45592630318226,1.338721051276598,2.9152777622315003,2.6573500934642205,7.976169422088898,12.205509352018716,-29.79792699716809,12.205509352018716,32.117686564658214,14311214410.0,16441593410.0,29.914745840301,12.86054494069015,54.94845193666298,60.28185762726143,13.124401070038552,13.124401070038552,14.774976105319912,68.22521021619154,63.12812311862637,69.25546391188054,0.0083570825349684,0.0165887389566403,2.6071982744390274,0.3885968867820207,8.840113697663803,0.7881468121733242,6.746212121212121,2.177531415385387,0.0,0.0,0.4462967289719626,0.0259705248023005,0.512925359012691,0.0884744747511979,0.0207072250179726,0.4087015129210194,0.0056002875629043,19.174067826097023,0.0305066801343001,0.0335632434216323,-51.28583261509531,-624436000.0,-2662117000.0,-3902481000.0,4112157000.0,1095186000.0,355823000.0,0.0,100.40952552120775,9.880284495021336,0.0,0.8963293027511704,9.109049445423448,0.0,0.1096817029643406,0.2579276687672797,2021-02-09,0.82,bmo,850153808.0,2025-04-25,2020-12-31,0.9390243902439026,144.0615625,424334.078125
2020-09-30,IT,USD,749251,2020-11-03,2020-11-03 06:07:24,2020,Q3,994618000.0,329767000.0,664851000.0,0.6684485903,329767000,0.0,0.0,521508000.0,1869000.0,575479000.0,905246000.0,0.0,30538000.0,53971000.0,143343000.0,0.1441186466,87650000.0,0.0881242849,-73483000.0,14167000.0,0.0142436594,-2797000.0,16964000.0,0.0170557943,0.19,0.19,89378000,89955000,https://www.sec.gov/Archives/edgar/data/749251/000074925120000034/0000749251-20-000034-index.htm,https://www.sec.gov/Archives/edgar/data/749251/000074925120000034/it-20200930.htm,11.128219472353376,0.1898006220770212,2.729004900534808,2.5614021347535187,6.195204636487726,11.60803553447157,-30.45714829152588,11.60803553447157,31.263028933294542,11167781100.0,13377755100.0,164.58059862060836,11.22821133339634,45.78591997966488,48.781875483219984,10.764095236351125,10.764095236351125,13.45014377379054,93.32688097779452,54.8464210599681,58.43524131514461,0.0015190125816488,0.020499416844766,2.663788923983834,0.4040125415862522,15.41738347878864,0.7397811356611497,2.8701945117558454,14.378271634048572,0.0,0.0,0.0,0.3315514096869351,0.5496156624811676,0.061415340715747,0.0150610586174792,0.2775564655092549,0.0155848778123862,7.04075835578346,0.0237350006756607,0.0055061832581388,-50.77016715522836,-656158000.0,-2722199000.0,-3937695000.0,4088248000.0,998691500.0,647165000.0,0.0,85.85985775443436,183.69096968465607,0.0,1.0482197659517063,0.4899533175446989,0.0,0.0163507960940835,0.1676027657812884,2020-11-03,0.51,bmo,696701758.0,2025-04-25,2020-09-30,0.7843137254901961,127.145625,393714.140625
2020-06-30,IT,USD,749251,2020-08-04,2020-08-04 06:58:57,2020,Q2,973135000.0,322551000.0,650584000.0,0.6685444466,322551000,0.0,0.0,494840000.0,-10399000.0,548776000.0,871327000.0,0.0,30296000.0,53936000.0,155744000.0,0.1600435705,99651000.0,0.1024020306,-40695000.0,58956000.0,0.0605835778,3879000.0,55077000.0,0.0565974916,0.62,0.61,89323000,89780000,https://www.sec.gov/Archives/edgar/data/749251/000074925120000026/0000749251-20-000026-index.htm,https://www.sec.gov/Archives/edgar/data/749251/000074925120000026/it-20200630.htm,10.894562430728929,0.6166049057913415,3.8418772320678887,3.603092148718695,3.9926222809354814,11.097018684997144,-31.254716030585627,11.097018684997144,31.432732890744823,10837559590.0,13258296590.0,49.19276462951867,11.136748333992715,31.580915440833643,33.673854287392146,10.933567243969296,10.933567243969296,13.624313779691407,85.12877921460858,38.6350026517624,41.19543184635796,0.0050820481809226,0.0296966302540072,2.801974134878367,0.40781939810528,15.543051417711116,0.6959278894130008,3.289246105096382,6.230695208526245,0.0,0.0,0.0,0.331455553443253,0.5554802773566017,0.062153231070496,0.0219178222959815,0.3954501631563334,0.0161108171014299,12.407889168533742,0.0212100950071324,0.0181933796010319,-52.34992946945355,-772137000.0,-2791765000.0,-4051890000.0,4022920000.0,1098542000.0,538970000.0,0.0,96.97185899181513,173.3508189402606,0.0,0.9281043071227132,0.5191783952922392,0.0,0.0555649155232093,0.2387850833491933,2020-08-04,0.79,bmo,656866125.0,2025-04-25,2020-06-30,0.5189873417721518,115.54984126984128,613587.9841269841
2020-03-31,IT,USD,749251,2020-05-07,2020-05-07 06:17:49,2020,Q1,1018891000.0,341278000.0,677613000.0,0.665049549,341278000,496639000.0,0.0,496639000.0,-1515000.0,551335000.0,892613000.0,0.0,26349000.0,54696000.0,180974000.0,0.1776186069,124718000.0,0.1224056351,-27864000.0,96854000.0,0.0950582545,21757000.0,75097000.0,0.0737046455,0.84,0.83,89219000,90066000,https://www.sec.gov/Archives/edgar/data/749251/000074925120000015/0000749251-20-000015-index.htm,https://www.sec.gov/Archives/edgar/data/749251/000074925120000015/it-20200331.htm,11.420112307916476,0.8417153296943476,0.6248556921731918,0.3498470056826461,2.5538282204463174,9.97853596207086,-32.52155930911577,9.97853596207086,33.89981954516415,8883535830.0,11653844830.0,29.57353765796237,8.718828441903991,159.34879244470753,284.61012494793835,9.978417713627811,9.978417713627811,11.437773844307191,64.39513316830042,209.0413250461892,373.365098837023,0.0084535033613974,0.0035135784441362,3.3676774030496195,0.4408833021143336,15.307773492324865,0.7005459349699527,4.733310562070667,0.7423598812202884,0.0,0.0,0.4874309420732934,0.3349504510295998,0.5575916284259654,0.4401155177671348,0.0240810842376662,0.4485885622348983,0.0246630895748416,13.74697968506468,0.0215096557804004,0.0249613598667787,-54.033302883914864,-757720000.0,-2901541000.0,-4137453000.0,4058693000.0,1237288500.0,244831500.0,0.0,101.4542772484986,120.4300306494998,0.0,0.8870991193358669,0.7473219056294726,0.0,0.0843525876835809,0.2750086864905457,2020-05-07,0.33,bmo,271704266.0,2025-04-25,2020-03-31,2.636363636363636,137.005,1005019.5
2019-12-31,IT,USD,749251,2020-02-19,2020-02-19 16:53:40,2019,Q4,1203493000.0,450868000.0,752625000.0,0.6253671604,20000000,557519000.0,0.0,557519000.0,579000.0,611179000.0,1062047000.0,0.0,26136000.0,53660000.0,193404000.0,0.1607022226,136139000.0,0.1131198935,-25557000.0,110582000.0,0.0918842071,42881000.0,67701000.0,0.0562537547,0.76,0.75,89428000,90561000,https://www.sec.gov/Archives/edgar/data/749251/000074925120000008/0000749251-20-000008-index.htm,https://www.sec.gov/Archives/edgar/data/749251/000074925120000008/it-12312019x10k.htm,13.45767544840542,0.7570447734490316,0.9262758867468802,0.3300979558974817,3.1403587243368967,10.49551594578879,-32.69915462718612,10.49551594578879,34.874882587109184,13780854800.0,16592673800.0,50.88866781879145,11.450714545078368,166.36512102372183,466.8311246612466,14.682460661863022,14.682460661863022,13.787096227398084,85.79281607412463,200.30993903543188,562.082445799458,0.0049126850970086,0.0021421022446299,3.2949904804318804,0.4324608944898643,14.538577278649871,0.7067099498903217,5.208868992959902,1.223541749752589,0.0,0.0,0.4632507210262128,0.0166182935837599,0.5401558095639755,0.6436289008269451,0.044300216120908,-5.314493620414673,0.0092356166591745,13.37069364531001,0.01847655290922,0.0205873167581019,-55.21040390034441,-837793000.0,-2924220000.0,-4193960000.0,4072515000.0,1177166000.0,273150000.0,0.0,99.16225520214908,6.586295767275566,0.0,0.9076034002708876,13.664737081375966,0.0,0.0721303056809501,0.5961779308493984,2020-02-04,0.82,bmo,826126550.0,2025-04-25,2019-12-31,0.4390243902439024,152.68921875,496070.984375
2019-09-30,IT,USD,749251,2019-10-31,2019-10-31 06:31:26,2019,Q3,1000502000.0,365056000.0,635446000.0,0.6351271662,365056000,512159000.0,0.0,512159000.0,8024000.0,564557000.0,929613000.0,0.0,24073000.0,73534000.0,152209000.0,0.1521326294,69147000.0,0.0691123056,-16049000.0,53098000.0,0.0530713582,11710000.0,41388000.0,0.0413672336,0.46,0.46,89846000,90887000,https://www.sec.gov/Archives/edgar/data/749251/000074925119000025/0000749251-19-000025-index.htm,https://www.sec.gov/Archives/edgar/data/749251/000074925119000025/it-09302019x10q.htm,11.13574338312223,0.4606548983816753,2.443325245419941,2.040168733165639,3.570854573381119,10.235925917681366,-32.90478151503684,10.235925917681366,33.196525165282814,12847079540.0,15498854540.0,77.60147591089205,12.840633541961935,58.52270395357206,70.08734016726586,13.969425057385529,13.969425057385529,15.491078018834544,101.8261373506166,70.60241769655116,84.55411885368873,0.0032215882116349,0.0142679119740236,3.216962410985835,0.4391199261904988,17.42193300001971,0.6752383903060346,2.872388152702197,5.304025321349183,0.0,0.0,0.5119020251833579,0.3648728338374136,0.5753038586125334,0.165003211508589,0.0362038256795088,0.4925884624799412,0.0129475003548218,10.300129212911214,0.0121921458173979,0.0144646324568626,-52.59688800836988,-820758000.0,-2956363000.0,-4111182000.0,4008147000.0,1070588000.0,502133500.0,0.0,92.50236381336568,126.54894043653576,0.0,0.972948109537887,0.7111873057928522,0.0,0.0450037350881904,0.4031565122543018,2019-10-31,0.45,bmo,614594085.0,2025-04-25,2019-09-30,0.5555555555555555,145.36453125,520025.609375
2019-06-30,IT,USD,749251,2019-07-30,2019-07-30 06:12:55,2019,Q2,1070882000.0,387999000.0,682883000.0,0.6376827699,387999000,514976000.0,0.0,514976000.0,-247000.0,567239000.0,955238000.0,0.0,24749000.0,73880000.0,191875000.0,0.1791747363,116002000.0,0.1083237929,-24996000.0,91006000.0,0.0849822856,-12400000.0,103406000.0,0.0965615259,1.15,1.13,90112000,91188000,https://www.sec.gov/Archives/edgar/data/749251/000074925119000015/0000749251-19-000015-index.htm,https://www.sec.gov/Archives/edgar/data/749251/000074925119000015/it-06302019x10q.htm,11.883900035511363,1.147527521306818,2.524436257102273,2.0869917436079546,2.4242387251420454,10.695601029829543,-32.62531072443182,10.695601029829543,32.99528364701705,14746828800.0,17476897800.0,35.65273968628513,13.77073178931012,64.82635461267265,78.41430159042449,15.300682920350862,15.300682920350862,16.320096705332613,91.08480938110748,76.8276074590517,92.93108054215874,0.0070120838454434,0.0127527757018512,3.0592611345483824,0.4381395679204878,14.228372638436484,0.6813058512556247,4.687138874297951,2.1998916890702667,0.0,0.0,0.4808895844733593,0.3623172300963131,0.5800805719056931,0.1732840400559165,0.0368098445953895,0.5335544125609096,0.0122515832743476,16.61787206953876,0.0296737686154897,0.036592145459847,-52.29873934659091,-791047000.0,-2939932000.0,-4074735000.0,4041668000.0,1145857500.0,474931500.0,0.0,93.52761555428144,113.88323165781355,0.0,0.962282631355719,0.790283158370709,0.0,0.1072896715300445,0.4374445134943182,2019-07-30,1.18,bmo,871476386.0,2025-04-25,2019-06-30,0.2288135593220339,156.36952380952383,370064.6349206349
2019-03-31,IT,USD,749251,2019-05-07,2019-05-07 06:07:50,2019,Q1,970444000.0,346645000.0,623799000.0,0.6427975236,346645000,518770000.0,0.0,518770000.0,-824000.0,572228000.0,918873000.0,0.0,24847000.0,74397000.0,122568000.0,0.1263009509,48799000.0,0.0502852303,-27746000.0,21053000.0,0.0216941936,258000.0,20795000.0,0.0214283359,0.23,0.23,89882000,91004000,https://www.sec.gov/Archives/edgar/data/749251/000074925119000009/0000749251-19-000009-index.htm,https://www.sec.gov/Archives/edgar/data/749251/000074925119000009/a03312019-10q.htm,10.796867003404463,0.2313588927705213,0.3960303509045192,0.1728488462651031,1.6607329609933024,9.533577356979151,-34.11021116575065,9.533577356979151,34.418715649407,13929912360.0,16849418360.0,167.4670877614811,14.354164032133744,391.3336431059669,896.6215473738414,16.256227247848923,16.256227247848923,17.36258698080466,137.46996246981269,473.3514540959658,1084.5403166838312,0.0014928306411828,0.0011152977562595,3.581265893100338,0.4570252469404699,23.819479798968736,0.667990570349073,1.96397955487584,1.7117576340466458,0.0,0.0,0.5345697433339791,0.3572024763922493,0.5842115962425583,0.5635464658950444,0.0206709506164188,0.2696345282739895,0.0327880846293037,7.0446967842972645,0.0109103429581667,0.0074483753623001,-53.67441478827797,-852905000.0,-3065894000.0,-4141765000.0,3975476000.0,1216988500.0,248204500.0,0.0,109.32862689655455,119.14520619077156,0.0,0.8232061679980388,0.7553807901922202,0.0,0.0242677941456207,0.2231815046394161,2019-05-07,0.53,bmo,886785034.0,2025-04-25,2019-03-31,0.0943396226415093,138.7883606557377,585688.3770491803
2018-12-31,IT,USD,749251,2019-02-22,2019-02-22 16:31:53,2018,Q4,1088878000.0,407842000.0,681036000.0,0.625447479,13200000,488056000.0,0.0,488056000.0,-1026000.0,540576000.0,948418000.0,0.0,24561000.0,52520000.0,188479000.0,0.1730946901,129606000.0,0.1190271086,-18640000.0,110966000.0,0.1019085701,26946000.0,84020000.0,0.0771619961,0.93,0.92,90400000,91701000,https://www.sec.gov/Archives/edgar/data/749251/000074925119000005/0000749251-19-000005-index.htm,https://www.sec.gov/Archives/edgar/data/749251/000074925119000005/it-12312018x10k.htm,12.045110619469028,0.929424778761062,0.4994137168141593,-0.1891039823008849,1.7297345132743362,9.411028761061948,-34.45734513274336,9.411028761061948,27.34095132743363,11556736000.0,13847429000.0,34.38686027136396,10.613435113942977,255.98015372007,-676.0301842644049,13.5840621940225,13.5840621940225,12.717153804191105,73.46934671767147,306.71869670188494,-810.0280198888564,0.0072702188576428,-0.0014792238915901,2.8763336651946445,0.3945934466547792,12.153571485417473,0.6912567461611981,5.276902406253817,0.5373363484884551,0.0,0.0,0.4482191760693117,0.0121225702052938,0.6394771630099554,1.3786519591556472,0.0571615920240835,1.1851104341203351,0.0093251952927692,14.028684000778185,0.0261960925399934,0.0375798437497903,-47.04657632743363,-809196000.0,-3114944000.0,-3538978000.0,3424170000.0,1117149500.0,318364500.0,0.0,103.7403823017822,8.277028849407369,0.0,0.8675503020433138,10.873466993708009,0.0,0.0987591051263756,0.6885176991150442,2019-02-05,1.25,bmo,1134248958.0,2025-04-25,2018-12-31,-0.04,144.26396825396824,740473.2222222222
2018-09-30,IT,USD,749251,2018-11-01,2018-11-01 06:08:07,2018,Q3,921674000.0,336112000.0,585562000.0,0.6353244206,336112000,447537000.0,0.0,447537000.0,-827000.0,515724000.0,851836000.0,0.0,26984000.0,68187000.0,138025000.0,0.1497546855,52724000.0,0.0572046081,-14771000.0,37953000.0,0.0411783342,26200000.0,11753000.0,0.0127517973,0.13,0.13,90854000,92148000,https://www.sec.gov/Archives/edgar/data/749251/000074925118000017/0000749251-18-000017-index.htm,https://www.sec.gov/Archives/edgar/data/749251/000074925118000017/a09302018-10q.htm,10.144561604332225,0.1293613930041605,2.7435666013604245,2.4738481519801,2.3223743588614703,10.363308164747837,-33.625784225240494,10.363308164747837,24.1898430448852,14379462580.0,16339225580.0,305.8679184038118,15.60146275147178,57.68768285833494,63.977249320383166,15.272150309915162,15.272150309915162,17.727770968910917,118.37873993841696,65.54988117016497,72.69664654140658,0.0008173462627419,0.0156305563403051,2.30552239503456,0.3651516943246529,14.19860894765441,0.6551214458464684,1.953898606581678,21.20854249978729,0.0,0.0,0.4855697350690157,0.364675579434811,0.6722805765089153,0.0983094229411387,0.0265874918897571,0.3593793538357751,0.0116288405661871,5.492155274322762,0.0044193005968962,0.0060326490890201,-44.66381502190328,-808256000.0,-3055037000.0,-3467929000.0,3434390000.0,1031585500.0,570445500.0,0.0,95.61546707404136,160.45214095301566,0.0,0.941270306511258,0.5609149212060325,0.0,0.0124826349798417,0.2697184493803244,2018-11-01,0.62,bmo,672298823.0,2025-04-25,2018-09-30,0.3709677419354838,144.9911111111111,475569.8412698413
2018-06-30,IT,USD,749251,2018-08-01,2018-08-01 06:07:21,2018,Q2,1001336000.0,367637000.0,633699000.0,0.6328535077,367637000,460803000.0,0.0,460803000.0,1120000.0,527641000.0,895278000.0,0.0,37604000.0,66838000.0,172896000.0,0.1726653191,86096000.0,0.0859811292,-11024000.0,75072000.0,0.0749718376,28802000.0,46270000.0,0.0462082658,0.51,0.5,91048000,92156000,https://www.sec.gov/Archives/edgar/data/749251/000074925118000013/0000749251-18-000013-index.htm,https://www.sec.gov/Archives/edgar/data/749251/000074925118000013/a06302018-10q.htm,10.99789122221246,0.5081934803620068,1.9113324839645025,1.664792197522186,1.5574751779281255,10.120288199630965,-35.47994464458308,10.120288199630965,27.11143572621035,12100279200.0,14389312200.0,65.37864274908148,12.08413479591266,69.53264338621906,79.82978307911543,13.132037090094547,13.132037090094547,14.370113728059312,83.22524639089394,82.68626675784236,94.93133609542409,0.0038238787085177,0.0125266531040044,2.638108943470598,0.3950695415864001,13.239363548028871,0.6398605460091559,2.289543665567493,3.761033066781932,0.0,0.0,0.460188188580057,0.3671464922863054,0.6747688136576078,0.1289886968963872,0.0224170508201043,0.3358418863520752,0.0143228646528238,10.757274322747037,0.0135260335461678,0.0231219707694714,-46.97200926983569,-905320000.0,-3230378000.0,-3623021000.0,3472391000.0,1109477000.0,537104000.0,0.0,97.42893494291626,132.6044440575894,0.0,0.9237502190979622,0.6787102848597855,0.0,0.0502153170282777,0.2465402864423161,2018-08-01,0.97,bmo,933250485.0,2025-04-25,2018-06-30,0.0618556701030928,128.01125,706726.296875
2018-03-31,IT,USD,749251,2018-05-08,2018-05-08 06:06:50,2018,Q1,963565000.0,357209000.0,606356000.0,0.6292839611,357209000,487745000.0,0.0,487745000.0,899000.0,555801000.0,913010000.0,0.0,35059000.0,68056000.0,59299000.0,0.0615412556,-8711000.0,-0.0090403865,-34160000.0,-42871000.0,-0.0444920685,-23284000.0,-19587000.0,-0.0203276375,-0.22,-0.22,89031818,91005000,https://www.sec.gov/Archives/edgar/data/749251/000074925118000008/0000749251-18-000008-index.htm,https://www.sec.gov/Archives/edgar/data/749251/000074925118000008/a03312018-10q.htm,10.822703856277538,-0.2200000004492776,0.0305958034014311,-0.167973656339355,2.1338326484583297,11.092337797707332,-36.13137496529612,11.092337797707332,33.81761787679097,10471922433.16,13257728433.16,-133.65909063613623,10.86789415676161,3844.3180738472834,-700.2288487569375,10.603716019567202,10.603716019567202,13.759039019848167,223.57423283967688,4867.007501160058,-886.5080864700769,-0.0018704302027654,-0.0014281045429293,3.0132365166656374,0.4303359292254493,46.97897097758816,0.7252876463970751,-0.248466870133204,-0.1390718333588604,0.0,0.0,0.506187958259173,0.370716038876464,0.6080109870849402,6.490088105726873,0.0183474908283302,0.2597713647584342,0.0321286057505202,,-0.0008807242953108,-0.0072260354200061,-54.88212090648312,-875194000.0,-3216842000.0,-3616795000.0,3552305000.0,1155903500.0,290769000.0,0.0,106.0092053987017,134.17472684058913,0.0,0.8489828752277605,0.6707671565221637,0.0,-0.0198335107045468,0.1985694597407861,2018-05-08,0.58,bmo,776233333.0,2025-04-25,2018-03-31,0.2413793103448276,124.89868852459016,748738.5901639344
2017-12-31,IT,USD,749251,2018-02-22,2018-02-22 16:07:49,2017,Q4,1014509000.0,398378000.0,616131000.0,0.6073194028,9900000,465371000.0,0.0,465371000.0,1795000.0,536891000.0,935269000.0,0.0,36312000.0,71520000.0,132301000.0,0.1304088973,62894000.0,0.0619945215,-34517000.0,28377000.0,0.0279711663,-78930000.0,107307000.0,0.105772349,1.18,1.16,90785000,92152000,https://www.sec.gov/Archives/edgar/data/749251/000074925118000004/0000749251-18-000004-index.htm,https://www.sec.gov/Archives/edgar/data/749251/000074925118000004/it-12312017x10k.htm,11.174852673899874,1.1819904169190945,0.2450845403976427,-0.1420498981109214,5.936090763892714,10.832901911108664,-36.3039158451286,10.832901911108664,37.79255383598612,11180172750.0,14035949750.0,26.047165492465545,11.020279514523777,502.4796741573034,-866.9488794975186,11.36814502803862,11.36814502803862,13.835214621062995,106.09103294759676,630.829202247191,-1088.3956071650125,0.0095979733407965,-0.0011534705490127,3.4517598491049504,0.4660997342779033,21.58545286883697,0.9171054193230672,1.7320445031945362,0.2073490079864314,0.0,0.0,0.4587154968561146,0.009758415154523,0.5875620419836245,1.5795955056179776,0.0346433594970572,0.4914149888143176,0.0108554975855315,16.973470197428313,0.0491357627496622,0.035723072037051,-53.73319105579115,-233977000.0,-3295851000.0,-3711100000.0,4266846000.0,1025563000.0,299559500.0,0.0,104.40111423358492,11.069888397451669,0.0,0.8620597649813951,8.130163265306123,0.0,0.1091111529134234,0.3871344385085642,2018-02-06,1.32,bmo,1144564102.0,2025-04-25,2017-12-31,-0.1136363636363637,121.43523809523808,538650.4285714285
2017-09-30,IT,USD,749251,2017-11-02,2017-11-02 06:06:52,2017,Q3,828085000.0,332207000.0,495878000.0,0.5988249998,332207000,421163000.0,0.0,421163000.0,1171000.0,489727000.0,821934000.0,0.0,38762000.0,68564000.0,41939000.0,0.050645767,-24349000.0,-0.0294039863,-37591000.0,-61940000.0,-0.0747990846,-13760000.0,-48180000.0,-0.058182433,-0.53,-0.53,90624000,90624000,https://www.sec.gov/Archives/edgar/data/749251/000074925117000019/0000749251-17-000019-index.htm,https://www.sec.gov/Archives/edgar/data/749251/000074925117000019/it-09302017x10q.htm,9.137590483757062,-0.5316472457627118,1.6502140713276836,1.2751257944915255,6.951977401129944,9.52738788841808,-42.44020347810734,9.52738788841808,37.30349576271186,11274531840.0,13986345840.0,-58.50213698630137,13.61518665354402,75.39021885803315,97.56684441444482,13.05814368608193,13.05814368608193,16.88998815339005,333.49259257493026,93.52349958876354,121.03417222669331,-0.0042733481694615,0.0102493834457963,3.8705018473262993,0.4766218088817615,64.66091227735521,0.7301601306992045,-0.6281667612610289,-3.103964300539643,0.0,0.0,0.5085987549587301,0.4011750001509507,0.6716845715576656,0.2272967388615102,0.0410489261368096,0.4957703751239717,0.0173375921553946,,-0.0038269622723999,-0.0209297991599409,-53.65415066649011,-669752000.0,-3846101000.0,-4335799000.0,4255780000.0,880338000.0,533568000.0,0.0,95.02100629766268,149.0357217036366,0.0,0.9471589862778986,0.6038820691523107,0.0,-0.0558019944174841,0.3750882768361582,2017-11-02,0.52,bmo,662480000.0,2025-04-25,2017-09-30,0.25,123.5884126984127,525071.9047619047
2017-06-30,IT,USD,749251,2017-08-08,2017-08-08 06:11:27,2017,Q2,843731000.0,352004000.0,491727000.0,0.5828006794,352004000,408226000.0,0.0,408226000.0,-407000.0,491783000.0,843787000.0,0.0,43956000.0,83557000.0,-18967000.0,-0.0224799136,-98388000.0,-0.1166106259,-44363000.0,-142751000.0,-0.1691901803,-50470000.0,-92281000.0,-0.109372537,-1.03,-1.03,89297000,89297000,https://www.sec.gov/Archives/edgar/data/749251/000074925117000015/0000749251-17-000015-index.htm,https://www.sec.gov/Archives/edgar/data/749251/000074925117000015/it-06302017x10q.htm,9.448592897857711,-1.0334165761447751,1.257858606672117,0.9115199838740384,6.599124270692185,9.559951622114964,-43.80431593446588,9.559951622114964,38.76771896032341,11029072470.0,13857675470.0,-29.87904462998884,13.07178765507016,98.19068641329024,135.4989492112635,12.91952144551498,12.91952144551498,16.424281518635677,-730.6203126482839,123.37344506467954,170.25007948793552,-0.0083670680604386,0.0073801310329045,4.003730928046387,0.4886261922458504,-149.13286233985343,0.7843346448850153,-2.2383292383292384,-1.21718446917567,0.0,0.0,0.4838343026391112,0.4171993206365535,0.6812503189829943,0.2753398680590796,0.0366550476395912,0.3701305695513242,0.0367380124707993,,-0.0126482896231628,-0.0413887042533743,-54.72899705477228,-483933000.0,-3911594000.0,-4381238000.0,4478465000.0,801440000.0,424343000.0,0.0,94.55071580871156,132.19034442790422,0.0,0.9518701072774716,0.6808364135028442,0.0,-0.1080985152429203,0.3463386227980783,2017-08-08,0.83,bmo,795762500.0,2025-04-25,2017-06-30,0.0602409638554217,116.064126984127,855471.9206349206
2017-03-31,IT,USD,749251,2017-05-04,2017-05-04 06:04:01,2017,Q1,625169000.0,237609000.0,387560000.0,0.6199283714,237609000,304244000.0,0.0,304244000.0,889000.0,320774000.0,558383000.0,0.0,5906000.0,16530000.0,83316000.0,0.1332695639,53514000.0,0.085599254,-5017000.0,48497000.0,0.0775742239,12064000.0,36433000.0,0.0582770419,0.44,0.43,82835000,84095000,https://www.sec.gov/Archives/edgar/data/749251/000074925117000009/0000749251-17-000009-index.htm,https://www.sec.gov/Archives/edgar/data/749251/000074925117000009/it-03312017x10q.htm,7.547160016901068,0.4398261604394278,-0.3573972354680992,-0.4865696867266252,14.82333554656848,1.2412265346773708,-10.064851813846804,1.2412265346773708,19.733240779863586,8945351650.0,9346157650.0,61.38220603573683,14.308693569258873,-302.1567860158757,-221.9414874085101,87.00265179882703,87.00265179882703,14.94980981142699,112.17722466272984,-315.69524235770984,-231.8858119340032,0.0040728415634728,-0.0045056920708086,15.840736454088333,0.4839678483344724,4.81067261990494,1.479706275214982,9.060954961056552,-0.8125874893640381,0.0,0.0,0.4866588074584632,0.380071628631618,0.2782928713636228,-0.3614254348927546,0.0171153720034102,0.647307924984876,0.0361118353597187,3.504752169856008,0.0208916353624414,0.0150006525961179,-18.074808353956666,705339000.0,-833722000.0,-1086788000.0,1768297000.0,679750000.0,186339000.0,0.0,103.1462372574456,125.62743835460778,0.0,0.8725475828591447,0.7164040051979533,0.0,0.3543480163786144,0.1291724512585259,2017-05-04,0.61,bmo,625200000.0,2025-04-25,2017-03-31,-0.0163934426229508,103.06709677419354,743073.9677419355
2016-12-31,IT,USD,749251,2017-02-22,2017-02-22 16:10:20,2016,Q4,703217000.0,279063000.0,424154000.0,0.603162324,8800000,289862000.0,0.0,289862000.0,3320000.0,305827000.0,584890000.0,0.0,5822000.0,15965000.0,127972000.0,0.181980811,108687000.0,0.1545568438,-2502000.0,106185000.0,0.1509989093,39700000.0,66485000.0,0.0945440739,0.8,0.79,82637000,83939000,https://www.sec.gov/Archives/edgar/data/749251/000074925117000005/0000749251-17-000005-index.htm,https://www.sec.gov/Archives/edgar/data/749251/000074925117000005/it-12312016x10k.htm,8.509711146338807,0.8045427592966831,1.008858017595024,0.8517129131018794,5.738748986531457,0.736691796652831,-9.128792187518908,0.736691796652831,8.473359391071796,8352121589.999999,8572279589.999999,31.40603741445439,11.877018886062196,100.18258093535968,118.66674608925447,137.1944148953645,137.1944148953645,12.190091522247045,66.98558739411746,102.82334668761769,121.79474574826308,0.0079602528870751,0.0084269606520419,11.406271559512469,0.2933218154591555,1.720360703903979,0.919840383386669,18.66832703538303,1.253952019252463,0.0,0.0,0.4121942444508594,0.0125139181788836,0.3443762712079194,0.1557653324377166,0.0184665615307934,0.8134043219542749,0.0149783068384296,3.651814774010552,0.0726204028139943,0.0428360375521638,-16.33607524474509,-117053000.0,-754376000.0,-963261000.0,819807000.0,601607500.0,194685500.0,0.0,82.29489617003001,13.225723223788178,0.0,1.093627967086202,6.804920871028311,0.0,1.092102237261408,0.1571451044931447,2017-02-02,0.98,bmo,710449484.0,2025-04-25,2016-12-31,-0.010204081632653,96.63603174603176,343175.8253968254
2016-09-30,IT,USD,749251,2016-11-03,2016-11-03 06:15:22,2016,Q3,574059000.0,223122000.0,350937000.0,0.6113256651,223122000,269902000.0,0.0,269902000.0,1954000.0,285654000.0,508776000.0,0.0,5932000.0,15752000.0,81035000.0,0.1411614486,48726000.0,0.0848797772,-3978000.0,44748000.0,0.0779501759,14264000.0,30484000.0,0.0531025557,0.37,0.36,82638000,83803000,https://www.sec.gov/Archives/edgar/data/749251/000074925116000049/0000749251-16-000049-index.htm,https://www.sec.gov/Archives/edgar/data/749251/000074925116000049/it-09302016x10q.htm,6.946671023016046,0.3688859846559694,1.560408044725187,1.4207628451801837,5.635833393838186,-0.1270359882862605,-10.10664585299741,-0.1270359882862605,8.982998136450544,7309331100.0,7580002100.0,59.94399603070464,12.732717542970322,56.68389130586511,62.25528792511647,-696.2593922651934,-696.2593922651934,13.204221343102365,93.5398543839082,58.78294597088772,64.56065633810015,0.0041705594647367,0.0160628925401942,-70.14717088969327,0.3233051182312292,3.3401739988893686,0.8790234961451195,8.214093054619015,3.304774596991209,0.0,0.0,0.4701642165700738,0.3886743348680188,0.3620672245295775,0.0894927451938363,0.0201024633356501,0.7326053834433722,0.0165854032425238,,0.0368692341175198,0.0209793915535995,-16.969826230063653,-171475000.0,-835193000.0,-1042289000.0,772009000.0,586998500.0,317872500.0,0.0,87.8275229549576,140.51765401887755,0.0,1.0247357203294525,0.640488916701592,0.0,-2.90379119832349,0.1396451995450035,2016-11-03,0.5,bmo,494913793.0,2025-04-25,2016-09-30,0.1599999999999999,93.79984375,325287.28125
2016-06-30,IT,USD,749251,2016-08-04,2016-08-04 06:11:35,2016,Q2,609998000.0,231422000.0,378576000.0,0.6206184283,231422000,272009000.0,0.0,272009000.0,1248000.0,287244000.0,518666000.0,0.0,7356000.0,15235000.0,106567000.0,0.1747005728,83299000.0,0.1365561854,-6108000.0,77191000.0,0.1265430378,29280000.0,47911000.0,0.0785428805,0.63,0.62,82559000,83711000,https://www.sec.gov/Archives/edgar/data/749251/000074925116000042/0000749251-16-000042-index.htm,https://www.sec.gov/Archives/edgar/data/749251/000074925116000042/it-06302016x10q.htm,7.388631160745649,0.5803243740839884,1.7530977846146392,1.5256604367785462,5.390726631863274,-0.6398817815138265,-10.838878862389322,-0.6398817815138265,10.094247750093873,8042072190.0,8423034190.0,41.963600164889066,13.183768127108614,55.564498942888335,63.84775907651024,-152.23124460513364,-152.23124460513364,13.808298043600145,79.03979834282657,58.196651719706495,66.87229919734513,0.0059575441339081,0.0156622568194081,-15.635931702884834,0.3584324030894055,3.574859008886428,0.8892874417639041,11.32395323545405,3.020892905595792,0.0,0.0,0.4459178554683786,0.3793815717428582,0.3653770132708706,0.1297345475147512,0.0307820681379283,1.232490974729242,0.0182164531686989,,0.0523682446429088,0.0327596133201869,-17.58681367264623,-153585000.0,-894847000.0,-1123693000.0,805689000.0,608336000.0,267340000.0,0.0,90.56021495152444,111.76322907934424,0.0,0.993813895518862,0.8052737983805583,0.0,-0.9069243582948436,0.2274373478360929,2016-08-04,0.68,bmo,584225352.0,2025-04-25,2016-06-30,0.0441176470588234,95.02875,401997.109375
2016-03-31,IT,USD,749251,2016-05-05,2016-05-05 06:13:33,2016,Q1,557266000.0,212041000.0,345225000.0,0.6194976905,212041000,257411000.0,0.0,257411000.0,1884000.0,272428000.0,484469000.0,0.0,6006000.0,15017000.0,87814000.0,0.1575800426,64429000.0,0.1156162407,-4122000.0,60307000.0,0.1082194141,20140000.0,40167000.0,0.0720786841,0.55,0.54,82451000,83464000,https://www.sec.gov/Archives/edgar/data/749251/000074925116000039/0000749251-16-000039-index.htm,https://www.sec.gov/Archives/edgar/data/749251/000074925116000039/it-03312016x10q.htm,6.758753684006258,0.4871620720185322,0.1040618064062291,0.0244993996434245,4.899188608992008,-1.3665085929824987,-11.17338783034772,-1.3665085929824987,10.86713320638925,7366996850.0,7853053850.0,45.85229697263923,13.219892923666617,858.6243414918414,3647.028143564357,-65.38561152036921,-65.38561152036921,14.092110141296974,89.42826713280343,915.2743414918416,3887.6504207920793,0.0054522895581257,0.0002741958549907,-7.899174580633709,0.4024401438113071,5.535074133964971,0.9133016424725686,10.727439227439229,0.213608185824184,0.0,0.0,0.4619176479455054,0.3805023094895436,0.3656268186111835,0.7645687645687645,0.0117717571141968,0.4368382499833522,0.0278053927567804,,0.0438873837019349,0.0286309573875097,-17.80546324483633,-111947000.0,-921257000.0,-1144902000.0,805268000.0,591820000.0,139433500.0,0.0,97.36630262747056,104.96427577685448,0.0,0.9243444351003604,0.8574345827082415,0.0,-0.3565012869441732,0.0795624067628045,2016-05-05,0.44,bmo,401986885.0,2025-04-25,2016-03-31,0.3863636363636363,84.53655737704918,402116.0327868852
2015-12-31,IT,USD,749251,2016-02-24,2016-02-24 16:23:37,2015,Q4,643768000.0,257217000.0,386551000.0,0.6004507835,8200000,0.0,0.0,258809000.0,1059000.0,274018000.0,531235000.0,1766000.0,6013000.0,15209000.0,119655000.0,0.1858666476,101621000.0,0.1578534503,-4954000.0,96667000.0,0.1501581315,30904000.0,65763000.0,0.1021532602,0.8,0.78,82677000,83890000,https://www.sec.gov/Archives/edgar/data/749251/000074925116000034/0000749251-16-000034-index.htm,https://www.sec.gov/Archives/edgar/data/749251/000074925116000034/it-12312015x10k.htm,7.78654281118086,0.7954207336986102,0.9585979171958344,0.8369074833387762,4.511242546294616,-1.6014127266349771,-11.421592462232544,-1.6014127266349771,10.051320197878493,7498803900.0,7950827900.0,28.50692600702523,11.648301717388874,94.617355590885,108.37518101542064,-56.6374916918429,-56.6374916918429,12.350455288240484,66.44793698549998,100.32084058848764,114.90798057606985,0.0087697986074819,0.0092272048879688,-6.231117824773414,0.3793651129404429,3.777727633613305,0.8621109912262409,16.900216198237153,1.2051457506500616,0.0,0.0,0.0,0.0127375079221085,0.3733426342929508,0.1269462740050975,0.0156283008785773,0.661516207508712,0.0142427085533919,,0.0780113933789202,0.048256398854403,-18.125207131366643,-182495000.0,-944303000.0,-1166089000.0,738141000.0,531532500.0,160773500.0,0.0,81.19178026866821,11.046314979181004,0.0,1.1084865943594893,8.147513462147609,0.0,-0.4966993957703927,0.1216904338570581,2016-02-04,0.88,bmo,615808695.0,2025-04-25,2015-12-31,0.0454545454545455,88.55390625,379644.078125
2015-09-30,IT,USD,749251,2015-11-05,2015-11-05 17:03:17,2015,Q3,500166000.0,193602000.0,306564000.0,0.6129245091,0,0.0,0.0,236355000.0,5367000.0,247602000.0,441204000.0,0.0,6049000.0,12188000.0,71150000.0,0.1422527721,52474000.0,0.1049131688,-682000.0,51792000.0,0.1035496215,21426000.0,30366000.0,0.0607118437,0.37,0.36,82989000,84113000,https://www.sec.gov/Archives/edgar/data/749251/000074925115000028/0000749251-15-000028-index.htm,https://www.sec.gov/Archives/edgar/data/749251/000074925115000028/it-09302015x10qa.htm,6.02689513067997,0.3659039149766837,1.4086686187326032,1.258612587210353,4.473412138958175,-1.92301389340756,-11.805335646892962,-1.92301389340756,10.194712552265964,6965266770.000001,7434022770.000001,57.34428941908714,13.925910137834242,59.581081656744,66.68453887468766,-43.64503048455721,-43.64503048455721,14.863110987152268,104.48380562192553,63.59083324779307,71.17234655484391,0.0043596320144964,0.0149959798309347,-5.263520668717769,0.4016175625447636,6.58827828531272,0.859362804631204,8.674822284675153,3.8498320490021736,0.0,0.0,0.0,0.0,0.3921145260291211,0.1065233011701909,0.0248977339523278,1.0217426977354775,0.0191696356809539,,0.0351031342793785,0.0238835693690037,-18.293514803166683,-173701000.0,-979713000.0,-1189732000.0,755980000.0,504958500.0,276130500.0,0.0,86.78554719833015,134.80196485573495,0.0,1.0370390336345277,0.6676460546870959,0.0,-0.1902762721741473,0.1500560315222499,2015-11-05,0.42,bmo,466821599.0,2025-04-25,2015-09-30,0.0714285714285715,87.09703125,276325.5
2015-06-30,IT,USD,749251,2015-07-30,2015-07-30 06:08:50,2015,Q2,547936000.0,210495000.0,337441000.0,0.6158401711,0,0.0,0.0,237991000.0,-468000.0,248538000.0,459033000.0,0.0,5240000.0,9606000.0,95299000.0,0.1739235969,85220000.0,0.1555291129,-5708000.0,79512000.0,0.1451118379,28357000.0,51155000.0,0.0933594434,0.61,0.61,83203000,84271000,https://www.sec.gov/Archives/edgar/data/749251/000074925115000021/0000749251-15-000021-index.htm,https://www.sec.gov/Archives/edgar/data/749251/000074925115000021/it-06302015x10q.htm,6.585531771690925,0.6148215809526099,1.7275819381512685,1.583572707714866,4.2976935927791065,-2.0450584714493467,-9.377870990228718,-2.0450584714493467,8.656418638751006,7137153340.0,7494572340.0,34.88003782621445,13.025523674297729,49.653216502017536,54.16865268143111,-41.94501096059475,-41.94501096059475,13.677824307948374,78.64271755212542,52.13978252400167,56.881345648841055,0.0071674234198252,0.0184608615961164,-4.2020510710822485,0.3841939905611865,3.750501054575599,0.8850562879819347,16.263358778625953,2.8098915062066268,0.0,0.0,0.0,0.0,0.3278340754814918,0.0833588423542507,0.0218675173742918,1.2473454091193004,0.0194603019330724,,0.0810432675846397,0.0408936732519163,-15.35884222924654,-138452000.0,-780267000.0,-965126000.0,578772000.0,526999500.0,251276000.0,0.0,86.66221967529054,112.1430912848286,0.0,1.0385148261516446,0.8025460950725168,0.0,-0.3006376539037936,0.1440092304364025,2015-07-30,0.63,bmo,531041538.0,2025-04-25,2015-06-30,0.0317460317460317,85.73063492063491,486352.68253968254
2015-03-31,IT,USD,749251,2015-03-31,2015-03-31 00:00:00,2015,Q1,471186000.0,177762000.0,293424000.0,0.6227349709,0,0.0,0.0,229522000.0,-962000.0,239650000.0,417412000.0,0.0,3480000.0,10128000.0,63902000.0,0.1356194794,48682000.0,0.1033180103,-4442000.0,44240000.0,0.0938907353,15889000.0,28351000.0,0.0601694448,0.33,0.32,86539000,87773000,,,5.444782121355689,0.327609517096338,0.0654387039369532,-0.0689746819353124,3.254636637816476,-1.6121401911276996,-8.642103560244514,-1.6121401911276996,7.72460971353956,7256295149.999999,7639642149.999999,63.98623637614193,15.4000652608524,1281.3517835069752,-1215.6634528396714,-52.01160572849842,-52.01160572849842,16.21364418722118,119.55247331851896,1349.0450556242272,-1279.8864382643658,0.0039070902456331,-0.0008225960874813,-4.766580892103245,0.3716391802701509,5.998982817439204,0.7043191145966408,13.989080459770117,0.1997460407040316,0.0,0.0,0.0,0.0,0.3399889346529784,2.054034963800106,0.0246866417932621,1.1484992101105844,0.0355040260109595,,0.0477291520502879,0.024005845873511,-14.472573059545407,-420083000.0,-747879000.0,-928235000.0,292657000.0,539245500.0,128535000.0,0.0,100.54322496848378,121.64647112431228,0.0,0.8951373901942308,0.7398488354670618,0.0,-0.2032140374015324,0.1344133858722656,2015-05-07,0.37,bmo,471200000.0,2025-04-25,2015-03-31,0.0,82.51081967213115,482581.39344262297
2014-12-31,IT,USD,749251,2015-02-27,2015-02-27 16:06:39,2014,Q4,583979000.0,235875000.0,348104000.0,0.5960899279,8200000,0.0,0.0,235888000.0,-251000.0,246412000.0,482287000.0,1413000.0,3301000.0,10524000.0,107526000.0,0.184126484,95840000.0,0.1641154905,-3552000.0,92288000.0,0.15803308,33144000.0,59144000.0,0.1012776144,0.67,0.66,87647000,88956000,https://www.sec.gov/Archives/edgar/data/749251/000074925115000009/0000749251-15-000009-index.htm,https://www.sec.gov/Archives/edgar/data/749251/000074925115000009/it-12312014x10k.htm,6.662852122719546,0.6747977683206499,0.812007256380709,0.664027291293484,4.167877965018769,1.8388649925268403,-5.204775976359716,1.8388649925268403,4.658470911725444,7380753869.999999,7420451869.999999,31.19823595800081,12.638731649596988,103.70596979064211,126.8170768041237,45.79455280416452,45.79455280416452,12.706710121425598,69.01076827929988,104.26376099480116,127.49917302405495,0.0080132735817676,0.0078853733676936,2.5128590130978896,0.2126708784252483,0.3691944273943046,0.902437258170962,29.033626173886702,1.203334235087245,0.0,0.0,0.0,0.014041600810988,0.3241807838996067,0.1822397077420261,0.0222097027461603,1.2324211326491827,0.0161307170292082,5.283880661691917,0.0866132964347139,0.0459550410762418,-10.996357547890971,-118560000.0,-456183000.0,-646522000.0,596784000.0,501015000.0,141664000.0,0.0,85.08804254947523,6.4109379968203495,0.0,1.0577279404173467,14.038507320557075,0.0,0.3669642801744731,0.1479799650872248,2015-02-05,0.8,bmo,648888888.0,2025-04-25,2014-12-31,-0.1,81.245625,350056.265625
2014-09-30,IT,USD,749251,2014-11-07,2014-11-07 12:30:22,2014,Q3,470940000.0,188059000.0,282881000.0,0.6006731218,0,0.0,0.0,217025000.0,-287000.0,227475000.0,415534000.0,0.0,2656000.0,10450000.0,59554000.0,0.1264577229,49391000.0,0.1048774791,-2943000.0,46448000.0,0.0986282754,12602000.0,33846000.0,0.0718690279,0.38,0.38,88513000,89708000,https://www.sec.gov/Archives/edgar/data/749251/000074925114000032/0000749251-14-000032-index.htm,https://www.sec.gov/Archives/edgar/data/749251/000074925114000032/it-09302014x10qa.htm,5.3205743789047935,0.3823845084902783,1.387943014020539,1.3160326731666534,3.855026945194491,1.7231706077073423,-5.357450318032379,1.7231706077073423,4.210183814806864,6503050110.0,6531830110.0,48.03411119482361,13.808659510765702,52.9344499434274,55.82688142781107,42.63652111484826,42.63652111484826,13.869771329681065,109.67911660006044,53.16871747075726,56.07394974503374,0.0052046346602732,0.0179125176693433,2.425863640237866,0.2091632734165351,0.4832588910904389,0.7059046032297376,18.59600903614458,3.629705135023341,0.0,0.0,0.0,0.0,0.3542926239419589,0.0518107300713872,0.0135155221471949,0.6090909090909091,0.018703019492929,3.8503972888708495,0.0549405683170314,0.029631614058864,-10.594689480641264,-399638000.0,-474204000.0,-657196000.0,320714000.0,471569500.0,258970500.0,0.0,85.98350108294049,127.55220436139722,0.0,1.046712437461521,0.7055934505451625,0.0,0.221907515587813,0.0719103408538858,2014-11-06,0.4,bmo,428127272.0,2025-04-25,2014-09-30,0.0999999999999999,72.66359375,349180.578125
2014-06-30,IT,USD,749251,2014-08-05,2014-08-05 07:06:25,2014,Q2,519820000.0,203178000.0,316642000.0,0.6091377785,203178000,0.0,0.0,218537000.0,175000.0,228237000.0,431415000.0,0.0,2680000.0,9700000.0,98105000.0,0.1887287907,81761000.0,0.1572871379,-2505000.0,79256000.0,0.1524681621,26216000.0,53040000.0,0.1020353199,0.59,0.58,89521000,90744000,https://www.sec.gov/Archives/edgar/data/749251/000074925114000020/0000749251-14-000020-index.htm,https://www.sec.gov/Archives/edgar/data/749251/000074925114000020/it-06302014x10q.htm,5.806682230984909,0.5924866791032272,1.5224137353246725,1.4110879011628557,3.551401347169938,2.206286793042973,-4.88865182471152,2.206286793042973,4.218898359044247,6313020920.0,6370095920.0,29.755943250377072,12.144628756107885,46.32117956092979,49.97562514843021,31.96320633490119,31.96320633490119,12.25442637836174,64.93140940828704,46.73996184550363,50.42744668387137,0.0084016829141126,0.0200097546960132,1.8986476565624857,0.2087034340897859,0.5817746292237909,0.7222105788868178,30.50783582089552,2.569532428355958,0.0,0.0,0.0,0.3908622215382247,0.353485736929043,0.0731245597558112,0.0191720210842214,1.0274226804123712,0.0132064945558077,5.423273876643624,0.0784453349368724,0.0456587200063357,-10.18154399526368,-373779000.0,-437637000.0,-627530000.0,357198000.0,495106500.0,231488000.0,0.0,85.39386710784503,111.36712636210612,0.0,1.0539398559657431,0.8081379392637671,0.0,0.268544724544198,0.1113258341618167,2014-08-05,0.56,bmo,501875862.0,2025-04-25,2014-06-30,0.0357142857142855,69.69571428571429,465897.6349206349
2014-03-31,IT,USD,749251,2014-05-01,2014-05-01 07:08:41,2014,Q1,446702000.0,170821000.0,275881000.0,0.6175951753,170821000,0.0,0.0,204617000.0,-229000.0,213355000.0,384176000.0,0.0,2250000.0,8738000.0,71264000.0,0.1595336488,59170000.0,0.1324596711,-2479000.0,56691000.0,0.1269101101,18955000.0,37736000.0,0.0844768996,0.41,0.4,91669000,93209000,https://www.sec.gov/Archives/edgar/data/749251/000074925114000013/0000749251-14-000013-index.htm,https://www.sec.gov/Archives/edgar/data/749251/000074925114000013/it-03312014x10q.htm,4.872988687560681,0.4116549760551549,0.179668153901537,0.0794707043820702,3.090292247106438,2.5823669942946905,-4.228256008028887,2.5823669942946905,3.897173526492053,6365495360.0,6437211360.0,42.1712380750477,14.24998177756088,386.490307225258,873.7811063829787,26.890058676174263,26.890058676174263,14.410527286647474,90.32907723394702,390.8446484517304,883.6254440631434,0.0059282110607021,0.0011444513879906,1.4996430427123684,0.2019669877846952,1.0063426133812303,0.7466069171441181,26.29777777777777,0.4364532541869833,0.0,0.0,0.0,0.382404824692972,0.355190523140012,0.5576806314511232,0.0205618063048743,1.0511558709086748,0.0307856244207547,4.890653844021786,0.0551941871914852,0.0332948058479429,-9.435668001178152,-320953000.0,-387600000.0,-575322000.0,397578000.0,493960000.0,114616000.0,0.0,100.13326557749907,111.46457402778348,0.0,0.8988022060495335,0.8074314263971147,0.0,0.1594099432670251,0.1001974495194667,2014-05-01,0.37,bmo,413197500.0,2025-04-25,2014-03-31,0.0810810810810811,69.17819672131148,505683.37704918033
2013-12-31,IT,USD,749251,2014-02-26,2014-02-26 16:15:58,2013,Q4,520707000.0,210108000.0,310599000.0,0.5964947658,8200000,212805000.0,0.0,212805000.0,-152000.0,221783000.0,431891000.0,0.0,2133000.0,8978000.0,99134000.0,0.1903834594,88757000.0,0.1704547855,-2285000.0,86472000.0,0.1660665211,25054000.0,61418000.0,0.1179511702,0.67,0.65,92205000,93946000,https://www.sec.gov/Archives/edgar/data/749251/000074925114000007/0000749251-14-000007-index.htm,https://www.sec.gov/Archives/edgar/data/749251/000074925114000007/it-12312013x10k.htm,5.647275093541565,0.6661027059270105,0.7980586736077219,0.7034217233338756,4.59834065397755,3.9186161271080735,-1.778580337291904,3.9186161271080735,2.24643999783092,6551165250.0,6332175250.0,26.6663081262822,12.581288997459223,89.02854182238228,101.006263587166,18.13140090668556,18.13140090668556,12.160726185743616,63.87490921379143,86.05252768906706,97.62986247089842,0.0093751260510487,0.0099003761201108,0.567370390461535,0.1149372442646315,-2.209030201545383,0.9353051883616412,41.61134552273793,1.1981015337523202,0.0,0.0,0.4086847305682466,0.0157478197911685,0.2945252867544077,0.1185839505333967,0.0167579848167971,0.9719313878369348,0.0147607003554782,7.663518651997135,0.0910458336012677,0.0488113857735052,-6.833509571064476,-75041000.0,-163994000.0,-337384000.0,542028000.0,441548500.0,121246000.0,0.0,84.85207611958357,7.569392883659831,0.0,1.0606693921450003,11.88998924792032,0.0,0.1699841689822759,0.0946369502738463,2014-02-06,0.68,bmo,544732307.0,2025-04-25,2013-12-31,-0.0441176470588235,63.14828125,380656.65625
2013-09-30,IT,USD,749251,2013-11-07,2013-11-07 07:08:02,2013,Q3,410705000.0,161735000.0,248970000.0,0.6062015315,161735000,181546000.0,0.0,181546000.0,5000.0,190155000.0,351890000.0,0.0,2124000.0,8609000.0,67424000.0,0.1641664942,58743000.0,0.1430296685,-2119000.0,56624000.0,0.1378702475,18430000.0,38194000.0,0.0929961895,0.41,0.4,92689000,94355000,https://www.sec.gov/Archives/edgar/data/749251/000074925113000009/0000749251-13-000009-index.htm,https://www.sec.gov/Archives/edgar/data/749251/000074925113000009/it-9302013x10q.htm,4.431000442339436,0.4120661567176256,1.0977893816957784,1.010001186764341,4.04061970676132,3.470044989157289,-2.2058173030240917,3.470044989157289,2.2346125214426737,5561340000.0,5391819000.0,36.40192176781694,13.540960056488233,54.6552927186422,59.40587079131773,17.29084210362678,17.29084210362678,13.128203942002168,79.968838989084,52.98928778512673,57.595058537002224,0.006867769278627,0.016833353112739,0.6373684455982713,0.1258905992269703,-2.514253084954912,0.8957483431402318,27.656779661016948,2.6641095460019897,0.0,0.0,0.4420350373138871,0.3937984684871136,0.3230721236454478,0.0799681581869822,0.0198122740166299,0.9451736554768264,0.018200411487564,5.672079186875323,0.0610147860173411,0.0346491180323466,-6.884436125106539,-108838000.0,-204455000.0,-371608000.0,507450000.0,412092500.0,214575500.0,0.0,85.93920210369973,125.10520295545184,0.0,1.0472519850882516,0.7193945405455896,0.0,0.1187495142008798,0.0877881949314373,2013-11-07,0.39,bmo,400432500.0,2025-04-25,2013-09-30,0.0256410256410256,58.8875,500693.75
2013-06-30,IT,USD,749251,2013-08-02,2013-08-02 07:23:02,2013,Q2,446047000.0,177904000.0,268143000.0,0.6011541385,177904000,185629000.0,0.0,185629000.0,-280000.0,194050000.0,371954000.0,0.0,2144000.0,8421000.0,82128000.0,0.1841240945,73987000.0,0.1658726547,-2424000.0,71563000.0,0.1604382498,25049000.0,46514000.0,0.1042804906,0.5,0.49,93574000,95188000,https://www.sec.gov/Archives/edgar/data/749251/000144530513001817/0001445305-13-001817-index.htm,https://www.sec.gov/Archives/edgar/data/749251/000144530513001817/it-6302013x10q.htm,4.7667835082394685,0.4970825229230342,1.2890653386624489,1.182336973945754,3.5625601128518607,3.5126637741252917,-2.0976339581507686,3.5126637741252917,2.213691837476222,5399219800.0,5270856800.0,29.019326439351595,12.10459839433961,44.7611135521418,48.80165407281536,16.426280370192337,16.426280370192337,11.81681930379534,64.17856029612312,43.69694668512639,47.64142593730793,0.008614948404212,0.0204911087338952,0.6236803835786476,0.1270303949653826,-1.5629626923826223,0.9098557408064324,34.50886194029851,2.593262243625575,0.0,0.0,0.4161646642618379,0.398845861534771,0.3253081106738373,0.0827951551528315,0.0223900171954973,1.1859636622728893,0.0162135380352294,6.267925083152104,0.0728411882348871,0.0427200730339297,-6.708292367537991,-91482000.0,-196284000.0,-361735000.0,522911000.0,436708000.0,192603000.0,0.0,87.16792176609191,103.36867074377191,0.0,1.032489913451278,0.8706699946165517,0.0,0.1415115578623278,0.1067283647166948,2013-08-02,0.52,bmo,473306122.0,2025-04-25,2013-06-30,-0.0576923076923077,56.75984375,414454.90625
2013-03-31,IT,USD,749251,2013-05-02,2013-05-02 07:08:36,2013,Q1,406754000.0,163737000.0,243017000.0,0.5974544811,163737000,180478000.0,0.0,180478000.0,211000.0,188912000.0,352649000.0,0.0,2436000.0,8434000.0,62650000.0,0.1540242997,54005000.0,0.1327706673,-2225000.0,51780000.0,0.1273005305,15105000.0,36675000.0,0.0901650629,0.39,0.38,93595000,95537000,https://www.sec.gov/Archives/edgar/data/749251/000093041313002718/0000930413-13-002718-index.htm,https://www.sec.gov/Archives/edgar/data/749251/000093041313002718/c73618_10q.htm,4.345894545648806,0.3918478551204658,0.2104065388108339,0.1073241091938671,2.874758267001442,3.4099791655537155,-2.2206848656445324,3.4099791655537155,2.2163149740904964,5099055600.0,5034992600.0,34.75838854805726,12.535969160721224,258.9273142741076,507.6212643106022,15.97663720363332,15.97663720363332,12.37847101687998,80.3670007980846,255.6742294216219,501.24366351418615,0.0071925083538998,0.001969972635717,0.6423171041211692,0.1307902602726179,-1.0225538707102952,0.8973922460649867,22.16954022988505,0.5369597818677573,0.0,0.0,0.4437030736022264,0.4025455189131514,0.3362279450936107,0.4899202762402884,0.0237194963048919,1.1439411904197296,0.0303426641163946,5.483096114023831,0.0588654318940043,0.0352511022277158,-6.9247422405043,-100052000.0,-207845000.0,-373198000.0,515458000.0,452686500.0,104110000.0,0.0,97.667017411015,99.42065629637771,0.0,0.9214983971636026,0.905244476879188,0.0,0.1149120965543604,0.1030824296169667,2013-05-02,0.4,bmo,428210526.0,2025-04-25,2013-03-31,-0.05,50.7855,494570.26666666666
2012-12-31,IT,USD,749251,2013-02-22,2013-02-22 06:04:18,2012,Q4,474749000.0,200214000.0,274535000.0,0.5782739932,7400000,186216000.0,0.0,186216000.0,550000.0,194580000.0,394794000.0,0.0,2302000.0,8364000.0,85693000.0,0.1805016967,79661000.0,0.1677960354,-1752000.0,77909000.0,0.1641056643,19086000.0,58823000.0,0.1239033679,0.63,0.61,93488000,95716000,https://www.sec.gov/Archives/edgar/data/749251/000093041313001003/0000930413-13-001003-index.htm,https://www.sec.gov/Archives/edgar/data/749251/000093041313001003/c72276_10k.htm,5.078181156939928,0.6292037480746192,0.7601296423070341,0.6153303097723772,3.2073849050145475,3.280346140681157,-2.403024987164128,3.280346140681157,2.2174182782817047,4302317760.0,4207465760.0,18.28501504513541,9.062299783675163,60.54230415265329,74.78909988526927,14.029007313979385,14.029007313979385,8.86250578726864,49.0992935245586,59.20754485456567,73.14024545422939,0.0136723978286531,0.0133709324157404,0.6684644556253729,0.1264435380258894,-1.1068815422496587,0.8667906542056075,34.60512597741095,1.2080818727368543,0.0,0.0,0.3922409525875778,0.0155871839645791,0.3277212962374721,0.1904929428816683,0.0285140147741227,1.6184839789574366,0.0176029859989173,6.814700063151765,0.0937906682161608,0.0539685306665443,-7.132209481430772,-142534000.0,-224654000.0,-387138000.0,477882000.0,417459500.0,116697000.0,0.0,87.95620422581196,12.291647936707722,0.0,1.0232365163114698,7.322045055588063,0.0,0.1918101691378113,0.1447993325346568,2013-02-07,0.59,bmo,459136065.0,2025-04-25,2012-12-31,0.0338983050847458,46.33951612903226,433133.5483870968
2012-09-30,IT,USD,749251,2012-11-06,2012-11-06 07:00:56,2012,Q3,374406000.0,151143000.0,223263000.0,0.5963125591,151143000,164888000.0,0.0,164888000.0,-748000.0,172551000.0,323694000.0,0.0,2209000.0,7663000.0,57627000.0,0.1539158026,49768000.0,0.1329252202,-2957000.0,46811000.0,0.1250273767,15436000.0,31375000.0,0.0837994049,0.34,0.33,93522000,95611000,https://www.sec.gov/Archives/edgar/data/749251/000093041312005974/0000930413-12-005974-index.htm,https://www.sec.gov/Archives/edgar/data/749251/000093041312005974/c71463_10-q.htm,4.003400269455315,0.3354825602532024,1.168698274202861,1.060082119715147,2.730812001454203,2.7957592865849747,-2.896398708325314,2.7957592865849747,2.162154359402066,4283307599.999999,4227916599.999999,34.129941035856575,11.440274995593018,39.18890017292016,43.20420007867582,16.381953990017784,16.381953990017784,11.292331319476716,73.36693910840404,38.68211603033879,42.64549076567716,0.0073249467304192,0.0231458978103743,0.7649207350888264,0.1352129739552769,-0.9611987436444722,0.8070839607675977,22.529651425984607,3.483633466135458,0.0,0.0,0.4403989252308991,0.4036874409063957,0.3598977249065002,0.0929377212966266,0.0271309754651367,1.3255904998042545,0.024623002836493,4.593842713305699,0.0565127354354669,0.0331377283202683,-7.314629178161288,-186915000.0,-270877000.0,-435705000.0,425771000.0,380182500.0,103025000.0,0.0,89.16948446339,122.69506361525175,0.0,1.009313898601163,0.7335258432419316,0.0,0.1199969403170596,0.1086161544877141,2012-11-02,0.35,bmo,397090909.0,2025-04-25,2012-09-30,-0.057142857142857,47.36857142857143,483548.1904761905
2012-06-30,IT,USD,749251,2012-08-03,2012-08-03 07:13:33,2012,Q2,397482000.0,161247000.0,236235000.0,0.5943287998,161247000,165221000.0,0.0,165221000.0,7110000.0,172331000.0,333578000.0,0.0,2153000.0,7110000.0,69756000.0,0.1754947394,62722000.0,0.1577983406,-2229000.0,60493000.0,0.1521905394,19009000.0,41484000.0,0.1043669902,0.44,0.43,93350000,95423000,https://www.sec.gov/Archives/edgar/data/749251/000093041312004293/0000930413-12-004293-index.htm,https://www.sec.gov/Archives/edgar/data/749251/000093041312004293/c70375_10-q.htm,4.257975361542582,0.4443920728441349,0.865270487412962,0.7203963577932512,1.6125441885377612,2.303063738618104,-3.3643599357257634,2.303063738618104,2.1664809855382967,4018717499.999999,4068274499.999999,24.218478811107897,10.110438963273808,49.75322818268481,59.75876964713229,18.69249177872562,18.69249177872562,10.23511630715353,58.32149922587303,50.366762408230464,60.49568766821811,0.0103226962333132,0.0167339455933391,0.9306808191970828,0.1449792227459305,0.7104335110958198,0.7555949918369099,29.13237343241988,1.9470880339407963,0.0,0.0,0.4156691372187923,0.4056712002052923,0.3833405187248889,0.1674321864979634,0.0340241822271197,1.9021097046413504,0.0197820278654127,4.798741871123608,0.0793815416980238,0.0487438620733413,-7.740037493304767,-222007000.0,-314063000.0,-478774000.0,384842000.0,386769500.0,0.0,0.0,88.17320029586244,0.0,0.0,1.0207183100761656,0.0,0.0,0.1929569144754896,0.1448741296197107,2012-08-03,0.41,bmo,379011627.0,2025-04-25,2012-06-30,0.048780487804878,42.50492063492064,514146.5238095238
2012-03-31,IT,USD,749251,2012-05-03,2012-05-03 07:09:59,2012,Q1,369171000.0,146463000.0,222708000.0,0.6032651535,146463000,162518000.0,0.0,162518000.0,6634000.0,169152000.0,315615000.0,0.0,2195000.0,6634000.0,59212000.0,0.1603917968,53556000.0,0.1450709834,-3173000.0,50383000.0,0.1364760504,16162000.0,34221000.0,0.0926968803,0.37,0.36,93416000,96199000,https://www.sec.gov/Archives/edgar/data/749251/000093041312002776/0000930413-12-002776-index.htm,https://www.sec.gov/Archives/edgar/data/749251/000093041312002776/c69384_10-q.htm,3.951903314207416,0.3663291085038965,0.199955039821872,0.1237582426993234,1.4878072278838743,1.8388819902372184,-3.698220861522651,1.8388819902372184,2.5957865890211527,3983258240.0,4084566240.0,29.09951667104994,10.789737655449642,213.2479383264629,344.5427073782545,23.188002398402617,23.188002398402617,11.064157910561772,68.98206849962845,218.671569141817,353.3056171611452,0.008591207985551,0.0029023978118978,1.3988333983385823,0.1780148579691935,1.7109369722353578,0.7428994173768347,24.399088838268792,0.5458344291516904,0.0,0.0,0.4402241779554732,0.3967348464532696,0.3831942559458546,0.3810696504095508,0.019281037784658,1.072957491709376,0.029631254892719,3.8931747973688657,0.0674770885026135,0.0411016653975407,-8.039182259998288,-234232000.0,-345473000.0,-501247000.0,352685000.0,402579000.0,13786500.0,0.0,93.64562763597355,0.0,0.0,0.9610699642043604,0.0,0.0,0.1992129513741333,0.0761967971225485,2012-05-03,0.35,bmo,358944444.0,2025-04-25,2012-03-31,0.0285714285714286,38.93451612903226,422633.5
2011-12-31,IT,USD,749251,2012-02-23,2012-02-23 16:24:35,2011,Q4,427694000.0,180282000.0,247412000.0,0.578479006,0,170816000.0,0.0,170816000.0,7133000.0,177949000.0,358231000.0,1249000.0,3353000.0,7133000.0,77428000.0,0.1810359743,69463000.0,0.1624128466,-2521000.0,66942000.0,0.1565184454,21918000.0,45024000.0,0.1052715259,0.48,0.46,94691000,97037000,https://www.sec.gov/Archives/edgar/data/749251/000093041312001031/0000930413-12-001031-index.htm,https://www.sec.gov/Archives/edgar/data/749251/000093041312001031/c67980_10-k.htm,4.516733374871952,0.4754834144744485,0.8353592210452947,0.642796041862479,1.507418867685419,1.919760061674288,-3.5254248027795674,1.919760061674288,2.1475430611145727,3292406070.0000005,3349667070.0000005,18.281394756130062,7.698041286527284,41.62281222740548,54.09180787618907,18.111638373014127,18.111638373014127,7.831924389867523,43.26170209743246,42.34670952326773,55.03256395090937,0.0136751053918449,0.0184870877728639,1.1002068388857105,0.1449409800329306,0.739538668182053,0.7662106722452795,20.716671637339697,1.7568630063965884,0.0,0.0,0.3993883477439477,0.0,0.3736650935738967,0.2305154169985208,0.0426332845445575,2.556287676994252,0.0189738457869411,4.531921949313865,0.0918348055772898,0.0520953136895987,-7.810396447392043,-215352000.0,-333826000.0,-492303000.0,368390000.0,385160000.0,13786500.0,0.0,88.5983202944161,13.76493493526808,0.0,1.015820612636064,6.538352736372539,0.0,0.2476785635699511,0.1925631791828156,2012-02-07,0.47,bmo,436997826.0,2025-04-25,2011-12-31,-0.0212765957446807,37.05095238095238,471597.2698412698
2011-09-30,IT,USD,749251,2011-11-01,2011-11-01 07:17:50,2011,Q3,345784000.0,142696000.0,203088000.0,0.5873261921,142696000,148461000.0,0.0,148461000.0,7377000.0,155838000.0,298534000.0,0.0,2282000.0,7377000.0,47250000.0,0.1366459987,47250000.0,0.1366459987,-2823000.0,44427000.0,0.1284819425,13963000.0,30464000.0,0.0881012424,0.32,0.31,96057000,98259000,https://www.sec.gov/Archives/edgar/data/749251/000093041311006905/0000930413-11-006905-index.htm,https://www.sec.gov/Archives/edgar/data/749251/000093041311006905/c66978_10-q.htm,3.599779297708652,0.3171450284726776,1.1717209573482412,1.0232674349604922,1.6334363971391983,2.020331678066148,-3.3725600424747806,2.020331678066148,2.2099586703728,3349507589.9999995,3402604589.9999995,27.487424418986343,9.686704966106008,29.75964523064894,34.07711298986692,17.259542271483557,17.259542271483557,9.840260364852044,72.01279555555554,30.231400508209536,34.61730954706385,0.0090950682097125,0.0293452089177084,1.0821005116789562,0.1609897342212811,1.1237460317460315,0.7593673756009645,20.70552147239264,3.694590336134454,0.0,0.0,0.4293460657520301,0.4126738079263355,0.3971271765237103,0.1266969933897221,0.0412396177960807,1.9330351091229496,0.0224330796103926,3.796920899913794,0.0620163443092591,0.0387382598810283,-7.198806437844197,-200806000.0,-323958000.0,-476678000.0,374328000.0,354925500.0,0.0,0.0,90.91175415866552,0.0,0.0,0.9899709980617658,0.0,0.0,0.1569767142275605,0.1484535223877489,2011-11-01,0.29,bmo,323490322.0,2025-04-25,2011-09-30,0.0689655172413793,36.5246875,553860.8125
2011-06-30,IT,USD,749251,2011-08-02,2011-08-02 07:12:31,2011,Q2,365543000.0,152461000.0,213082000.0,0.5829191094,152461000,152758000.0,0.0,152758000.0,8756000.0,161514000.0,313975000.0,0.0,2797000.0,8756000.0,59753000.0,0.1634636691,51568000.0,0.1410723225,-3368000.0,48200000.0,0.1318586322,15977000.0,32223000.0,0.088151052,0.33,0.32,96886000,99340000,https://www.sec.gov/Archives/edgar/data/749251/000093041311005035/0000930413-11-005035-index.htm,https://www.sec.gov/Archives/edgar/data/749251/000093041311005035/c66427_10-q.htm,3.7729186879425294,0.3325867514398365,0.9142290939867472,0.8548293871147534,1.293695683586896,2.227556096856099,-3.1866833185393144,2.227556096856099,2.299578886526433,3903536940.0,3998195940.0,30.285331440275577,10.678735306106258,44.06991668171965,47.13221212011447,18.08708658644512,18.08708658644512,10.93768979299289,66.9120536207387,45.138592169436414,48.27514688303691,0.0082548213313436,0.0212169120653947,1.019372715099227,0.1697567540039445,1.5841715060331698,0.7826305063881797,18.43689667500894,2.7488439934208486,0.0,0.0,0.4178933805325228,0.4170808906202553,0.4047649177605689,0.064972453034682,0.0157437018353517,0.6572635906806761,0.0214229242524135,4.082799533754488,0.0624987062085627,0.0417716694667413,-7.063858555415643,-173758000.0,-308745000.0,-454544000.0,403728000.0,352799500.0,0.0,0.0,88.77412506873335,0.0,0.0,1.013808921578416,0.0,0.0,0.1493056681756472,0.0593997068719938,2011-08-02,0.31,bmo,354078125.0,2025-04-25,2011-06-30,0.032258064516129,39.45095238095238,503652.7619047619
2011-03-31,IT,USD,749251,2011-05-05,2011-05-05 07:15:56,2011,Q1,329567000.0,133316000.0,196251000.0,0.5954813437,133316000,141672000.0,0.0,141672000.0,8798000.0,150470000.0,283786000.0,0.0,2784000.0,8798000.0,54197000.0,0.1644491105,45781000.0,0.1389125732,-3166000.0,42615000.0,0.1293060288,13424000.0,29191000.0,0.0885737953,0.3,0.29,96442000,99451000,https://www.sec.gov/Archives/edgar/data/749251/000093041311003679/0000930413-11-003679-index.htm,https://www.sec.gov/Archives/edgar/data/749251/000093041311003679/c65508_10-q.htm,3.417255967317144,0.3026793305821115,-0.2557288318367516,-0.2941457041537919,1.130244084527488,2.177785612077725,-3.2735219095414863,2.177785612077725,2.6746749341573173,4018738140.0,4164902140.0,34.417612791613855,12.193994362299623,-162.94603819486682,-141.66448604060915,19.13411484073704,19.13411484073704,12.637497504301098,76.84746646493349,-168.87248672099906,-146.81691130851664,0.0072637228361437,-0.0070589321851161,1.2149073941817836,0.2000722925196844,2.6969020425484804,0.7858019071227643,16.444324712643677,-0.8448836970299065,0.0,0.0,0.4298731365701056,0.4045186562975055,0.4122202585280866,-0.1502250334509183,0.0112420236249381,0.4211184360081836,0.0278001134822357,3.8511479525381,0.0546504576662149,0.0389400764901505,-7.232997552933369,-167978000.0,-315705000.0,-449104000.0,403200000.0,354926500.0,8895500.0,0.0,94.22408796997271,0.0,0.0,0.9551697653861202,0.0,0.0,0.1389849069180593,0.0384168723170402,2011-05-05,0.29,bmo,329600000.0,2025-04-25,2011-03-31,0.0,37.09177419354839,597301.4193548387
2010-12-31,IT,USD,749251,2011-02-15,2011-02-15 17:16:56,2010,Q4,382304000.0,164959000.0,217345000.0,0.568513539,0,154796000.0,0.0,154796000.0,8662000.0,163458000.0,328417000.0,1156000.0,7203000.0,8662000.0,62592000.0,0.1637231104,53074000.0,0.1388266929,-6347000.0,46727000.0,0.1222247217,10033000.0,36694000.0,0.0959812087,0.38,0.38,95894000,96442000,https://www.sec.gov/Archives/edgar/data/749251/000095012311014318/0000950123-11-014318-index.htm,https://www.sec.gov/Archives/edgar/data/749251/000095012311014318/y88686e10vk.htm,3.9867353536196215,0.3826516778943417,0.8251194026737856,0.7262289611445971,1.2532692347800696,1.950653846956014,-3.51213840281978,1.950653846956014,2.370940830500344,3183680800.0000005,3283655800.0000005,21.690745080939664,8.327615719427472,40.23660077852485,45.71561005729384,17.01993413737063,17.01993413737063,8.58912226918892,52.46126981083845,41.50012385622568,47.1511868008788,0.0115256529486247,0.021874366299536,1.1769523565135571,0.1712399409485259,1.5972488496932515,0.7657035919285164,7.368318756073858,2.156319834305336,0.0,0.0,0.4049029044948523,0.0,0.4074559486270843,0.1198498559223497,0.0248048673307106,1.0947818055876242,0.0244203565748723,4.098105875815967,0.0809816971887072,0.0481669289808862,-7.349860262373037,-190050000.0,-336793000.0,-477500000.0,381413000.0,332402500.0,8895500.0,0.0,85.88353770821126,9.706593759661493,0.0,1.0479307490310237,9.272047664549492,0.0,0.1961658540757848,0.0988904415291884,2011-02-07,0.38,amc,372497435.0,2025-04-25,2010-12-31,0.0263157894736842,32.0303125,411562.921875
2010-09-30,IT,USD,749251,2010-11-03,2010-11-03 16:24:50,2010,Q3,296122000.0,125897000.0,170225000.0,0.5748475291,125897000,127488000.0,0.0,127488000.0,8725000.0,136213000.0,262110000.0,0.0,3005000.0,8725000.0,41115000.0,0.1388448005,32763000.0,0.1106402091,-3378000.0,29385000.0,0.0992327487,9310000.0,20075000.0,0.0677930042,0.21,0.2,95473000,98797000,https://www.sec.gov/Archives/edgar/data/749251/000095012310100123/0000950123-10-100123-index.htm,https://www.sec.gov/Archives/edgar/data/749251/000095012310100123/y87451e10vq.htm,3.101630827563814,0.2102688718276371,0.6785478616991191,0.6312255821017461,1.554491845862181,1.6153572214133838,-3.891623809872948,1.6153572214133838,3.1737245084997854,2810725120.0,2962313120.0,35.00280348692404,9.491780820067405,43.38676998595311,46.63942786028375,18.225070968662266,18.225070968662266,10.003691451496342,72.04944959260611,45.72670484540697,49.154785032771926,0.0071422850484931,0.0214410863485647,1.945235146508627,0.2426452211428104,3.686926912319105,0.6166294829395165,10.902828618968384,3.2270485678704857,0.0,0.0,0.4305252564821256,0.425152470941031,0.4252503087660439,0.0697405183458623,0.0152572250626431,0.5178223495702006,0.0245304300254624,2.764477375973156,0.0401487256520227,0.0282505752140781,-7.423541210604045,-355529000.0,-371545000.0,-510302000.0,214511000.0,292042500.0,0.0,0.0,91.17468475830908,0.0,0.0,0.9871161083646958,0.0,0.0,0.1301686518872023,0.047322279597373,2010-11-03,0.23,amc,296100000.0,2025-04-25,2010-09-30,0.0,26.74078125,738995.171875
2010-06-30,IT,USD,749251,2010-08-09,2010-08-09 16:30:25,2010,Q2,314195000.0,138336000.0,175859000.0,0.5597129171,138336000,130322000.0,0.0,130322000.0,8977000.0,139299000.0,277635000.0,0.0,3180000.0,8977000.0,42564000.0,0.1354700107,34230000.0,0.1089450819,-3823000.0,30407000.0,0.096777479,10294000.0,20113000.0,0.064014386,0.21,0.2,95657000,98855000,https://www.sec.gov/Archives/edgar/data/749251/000095012310075062/0000950123-10-075062-index.htm,https://www.sec.gov/Archives/edgar/data/749251/000095012310075062/y85823e10vq.htm,3.2846001860815206,0.2102616640705855,0.727160584170526,0.6824069331047388,1.27919545877458,1.1183812998525984,-4.343414491359754,1.1183812998525984,3.765328203895167,2224025250.0,2458661250.0,27.644126311340923,7.07848708604529,31.9736802380747,34.07057998988924,20.788974210373805,20.788974210373805,7.825271726157323,57.763867352692415,35.34692271198137,37.66504664736431,0.0090435124331434,0.0293508358324618,3.337041156840934,0.3040184080165481,5.512545813363405,0.5803577831161149,10.764150943396226,3.458360264505544,0.0,0.0,0.4147806298636197,0.4402870828625535,0.4449219984143354,0.0615457603726386,0.0136252963923677,0.4768853737328729,0.0218813157434077,2.300203479342581,0.0403219087167145,0.0308570569427994,-7.650799209676239,-374529000.0,-415478000.0,-549323000.0,193135000.0,293631500.0,0.0,0.0,81.37882525183406,0.0,0.0,1.1059387957676576,0.0,0.0,0.1880053467438143,0.0447536510657871,2010-08-09,0.22,bmo,288016666.0,2025-04-25,2010-06-30,0.0909090909090908,24.115714285714287,700875.8571428572
2010-03-31,IT,USD,749251,2010-05-05,2010-05-05 08:40:10,2010,Q1,295833000.0,123046000.0,172787000.0,0.5840693905,123046000,130568000.0,0.0,130568000.0,9510000.0,140078000.0,263124000.0,0.0,3384000.0,9510000.0,40460000.0,0.1367663513,29198000.0,0.098697576,-1632000.0,27566000.0,0.0931809501,8163000.0,19403000.0,0.0655876795,0.2,0.19,95693000,99649000,https://www.sec.gov/Archives/edgar/data/749251/000095012310044105/0000950123-10-044105-index.htm,https://www.sec.gov/Archives/edgar/data/749251/000095012310044105/y84364e10vq.htm,3.091480045562371,0.2027630025184705,-0.0832453784498343,-0.1189010690437127,1.106799870418944,1.2117082754224446,-4.336628593523037,1.2117082754224446,3.870544344936411,2128212320.0,2389299320.0,27.42117610678761,7.1939652439045,-267.161978408235,-187.04625769027948,18.354252794259693,18.354252794259693,8.07651384395926,59.05336925358379,-299.9371478784836,-209.9929091228687,0.009117041480147,-0.0053462710900949,3.1651028011591005,0.3107991263749897,6.4529658922392485,0.6054389237286023,8.628250591016549,-0.4105550688037932,0.0,0.0,0.4413571170221037,0.4159306094992783,0.449631487084899,-0.4283203615365302,0.0115335341222919,0.3587802313354364,0.0309600348845463,2.3511733628712888,0.0365446472706523,0.0298558217544507,-7.645159520550092,-348182000.0,-414985000.0,-530603000.0,230845000.0,310381500.0,7156000.0,0.0,92.23058279502288,0.0,0.0,0.9758151501657514,0.0,0.0,0.1673364840623706,0.0356556905938783,2010-05-05,0.19,bmo,234175000.0,2025-04-25,2010-03-31,0.263157894736842,22.37,651604.8360655737
2009-12-31,IT,USD,749251,2010-02-19,2010-02-19 15:12:52,2009,Q4,328827000.0,146499000.0,182328000.0,0.5544800153,0,131023000.0,0.0,131023000.0,6627000.0,137650000.0,284149000.0,830000.0,3757000.0,6627000.0,48787000.0,0.1483667704,41744000.0,0.1269482129,-3341000.0,38403000.0,0.116787855,12687000.0,25716000.0,0.0782052569,0.27,0.27,95492000,95963000,https://www.sec.gov/Archives/edgar/data/749251/000095012310014517/0000950123-10-014517-index.htm,https://www.sec.gov/Archives/edgar/data/749251/000095012310014517/y81529e10vk.htm,3.4435031206802664,0.2693000460771583,0.4638817911448079,0.4218154400368617,1.2207724207263435,1.1784756838269177,-4.4526243036065845,1.1784756838269177,3.484658400703724,1722675680.0,1935101680.0,16.747119303157568,5.23885106758265,38.8892177799851,42.76751936444886,15.3079102501444,15.3079102501444,5.884862496084567,39.66428925738414,43.684711831501005,48.04125322740814,0.0149279404699089,0.0233822306007129,2.9235349002532547,0.2707197277333024,4.35415172074528,0.6210663201855322,11.110992813414958,1.7225462746927982,0.0,0.0,0.3984557229181302,0.0,0.4424704121440426,0.090683341987042,0.0122161501336569,0.606156631960163,0.0200378922655378,2.6722050836334565,0.053539417574695,0.0379541704425034,-7.832818455996314,-340348000.0,-425190000.0,-544919000.0,249843000.0,284324000.0,7156000.0,0.0,86.92662098915234,8.792414965289865,0.0,1.0353560160958193,10.23609558412521,0.0,0.2285155729328653,0.0420663511079462,2010-02-09,0.26,bmo,305314285.0,2025-04-25,2009-12-31,0.0769230769230769,18.8309375,456464.046875
2009-09-30,IT,USD,749251,2009-10-30,2009-10-30 08:32:28,2009,Q3,267469000.0,118120000.0,149349000.0,0.558378728,118120000,115049000.0,0.0,115049000.0,6779000.0,121828000.0,239948000.0,0.0,4914000.0,6779000.0,34173000.0,0.127764339,27521000.0,0.1028941672,-5041000.0,22480000.0,0.0840471232,2413000.0,20067000.0,0.075025517,0.21,0.21,94872000,97657000,https://www.sec.gov/Archives/edgar/data/749251/000095012309055250/0000950123-09-055250-index.htm,https://www.sec.gov/Archives/edgar/data/749251/000095012309055250/y80080e10vq.htm,2.819261742136774,0.2115165696939033,0.5808457711442786,0.5526077240914073,1.1887385108356523,0.7886837001433511,-3.50407918036934,0.7886837001433511,2.845033308036091,1733311440.0,1885533440.0,21.59405292270893,6.480419936516007,31.454132762312632,33.0614271272436,23.165180156099645,23.165180156099645,7.049540096235452,55.17611681737044,34.21648168983414,35.96493104697961,0.0115772616143351,0.0302467281932899,3.5416443921736342,0.2658400545724489,4.454452345418898,0.6545548822264579,5.6005291005291005,2.7461005631135698,0.0,0.0,0.4301395675760555,0.4416212719978764,0.4085540307371293,0.0486153957826733,0.0100161140169514,0.3951910311255347,0.0236513390336824,1.937380343047249,0.0584048721506024,0.0340362666793311,-6.545139767265368,-240502000.0,-332439000.0,-466309000.0,219123000.0,251639000.0,0.0,0.0,84.47521021127682,0.0,0.0,1.0654013144791874,0.0,0.0,0.268189351010371,0.0282380470528712,2009-10-30,0.14,bmo,178333333.0,2025-04-25,2009-09-30,0.4999999999999998,16.83734375,339352.640625
2009-06-30,IT,USD,749251,2009-08-04,2009-08-04 08:35:42,2009,Q2,269971000.0,117100000.0,152871000.0,0.5662497083,117100000,115367000.0,0.0,115367000.0,6743000.0,122110000.0,239210000.0,0.0,4011000.0,6743000.0,36372000.0,0.1347255816,30761000.0,0.1139418678,-5143000.0,25618000.0,0.0948916736,8433000.0,17185000.0,0.0636549852,0.18,0.18,94370000,96523000,https://www.sec.gov/Archives/edgar/data/749251/000095012309029255/0000950123-09-029255-index.htm,https://www.sec.gov/Archives/edgar/data/749251/000095012309029255/y78569e10vq.htm,2.860771431599025,0.1821023630391014,0.5055314188831196,0.4640987601992158,1.027487549009219,0.3826533856098336,-3.890643212885451,0.3826533856098336,3.3963229839991524,1440086200.0,1659622200.0,20.949755600814665,5.334225527927074,30.186056553545605,32.88093248396009,39.87943285979341,39.87943285979341,6.1474091661697,45.62911580336522,34.78781310918733,37.89351325433249,0.0119333134363762,0.0304127627915606,8.764642352745701,0.3255476194394615,6.035851754096558,0.6587021125834919,7.669159810521067,2.776083794006401,0.0,0.0,0.427331083708991,0.4337502916979971,0.4147990964896401,0.0819586224243821,0.0144830370669442,0.5798605961738099,0.0234358505172777,1.2521369450864477,0.0480367762361726,0.0302054533278728,-6.887379463812652,-225902000.0,-367160000.0,-500108000.0,232993000.0,255633500.0,0.0,0.0,84.08503135521963,0.0,0.0,1.0703450846059914,0.0,0.0,0.4758937719808369,0.0414326586839037,2009-08-04,0.17,bmo,255000000.0,2025-04-25,2009-06-30,0.0588235294117645,13.952222222222222,493777.1111111111
2009-03-31,IT,USD,749251,2009-05-08,2009-05-08 08:20:30,2009,Q1,273533000.0,116644000.0,156889000.0,0.573565164,116644000,115564000.0,0.0,115564000.0,6874000.0,122438000.0,239082000.0,0.0,4180000.0,6874000.0,40079000.0,0.1465234542,34451000.0,0.1259482402,-5426000.0,29025000.0,0.1061115112,9029000.0,19996000.0,0.0731026969,0.21,0.21,93898000,95763000,https://www.sec.gov/Archives/edgar/data/749251/000095012309008363/0000950123-09-008363-index.htm,https://www.sec.gov/Archives/edgar/data/749251/000095012309008363/y77008e10vq.htm,2.913086540714392,0.2129544825235894,0.1579053866962022,0.1095976485122153,0.7482906984174317,0.0476261475217789,-4.202453726383949,0.0476261475217789,3.6441670749110737,1033816980.0,1301553980.0,12.925297309461891,3.779496367897109,69.72529709314088,100.45835973180448,231.17553220035776,231.17553220035776,4.75830696844622,32.474711943910776,87.78269238551292,126.4749761927898,0.0193419148522787,0.0099543731618724,75.5813953488372,0.3562803905592021,6.6802315427031616,0.6518753828624159,8.241866028708134,0.741498299659932,0.0,0.0,0.4224865007147218,0.4264348360161297,0.420657516514861,0.305928373912457,0.016583008265913,0.659877800407332,0.024947629719266,0.477702350844208,0.0560901495323136,0.0363816985282478,-7.238458220622378,-223339000.0,-394602000.0,-526009000.0,233535000.0,288775000.0,6065000.0,0.0,85.23106901178286,0.0,0.0,1.0559529646115065,0.0,0.0,4.471377459749553,0.0483077381839868,2009-05-08,0.12,bmo,253872815.0,2025-04-25,2009-03-31,0.75,12.285245901639344,821433.8360655737
2008-12-31,IT,USD,749251,2009-02-20,2009-02-20 11:26:21,2008,Q4,347321000.0,152381000.0,194940000.0,0.5612675306,0,131879000.0,0.0,131879000.0,7280000.0,139159000.0,291540000.0,0.0,4463000.0,6408000.0,65695000.0,0.1891477912,55781000.0,0.1606035915,-4468000.0,51313000.0,0.1477394111,17672000.0,33646000.0,0.0968729216,0.36,0.36,93809000,93898000,https://www.sec.gov/Archives/edgar/data/749251/000095012309003157/0000950123-09-003157-index.htm,https://www.sec.gov/Archives/edgar/data/749251/000095012309003157/y74719e10vk.htm,3.702427272436547,0.3586649468601093,0.500271828928994,0.4357577631144133,1.5022972209489494,-0.227227664723001,-4.499227153045017,-0.227227664723001,4.484782909955335,1672614469.9999998,1947935470.0,12.428033570112346,4.815759686284445,35.640623694864686,40.91722858261167,-78.46755817226496,-78.46755817226496,5.608458659280608,29.65119826470812,41.50725484764543,47.65241621410049,0.0201158130600173,0.0244395829004157,-19.5275849127416,0.3808099243869303,4.190897328563818,0.6997951815287308,12.498543580551198,1.3948166201034298,0.0,0.0,0.3797035019477659,0.0,0.3666314446075942,0.1289580225868314,0.0174248029920448,0.9444444444444444,0.0595875285398809,,0.076441846404277,0.048599405182338,-7.83047202294023,-237885000.0,-422068000.0,-559857000.0,224736000.0,311086500.0,102959000.0,25544500.0,82.5345717650243,7.164279011162809,0.0,1.0904521350910958,12.56232481450948,0.0,-1.578438731469319,0.0645140658145806,2009-02-05,0.32,bmo,317531428.0,2025-04-25,2008-12-31,0.0937499999999999,16.9375,954087.453125
2008-09-30,IT,USD,749251,2008-10-30,2008-10-30 08:16:03,2008,Q3,297706000.0,124343000.0,173363000.0,0.5823295466,124343000,131854000.0,0.0,131854000.0,6827000.0,138681000.0,263024000.0,0.0,5857000.0,7251000.0,34682000.0,0.1164974841,34682000.0,0.1164974841,-5857000.0,28825000.0,0.096823712,10044000.0,18781000.0,0.0630857289,0.2,0.19,94539000,98552000,https://www.sec.gov/Archives/edgar/data/749251/000095012308013900/0000950123-08-013900-index.htm,https://www.sec.gov/Archives/edgar/data/749251/000095012308013900/y72164e10vq.htm,3.149028443287955,0.1986587545880536,0.5878526322470091,0.5317276467912714,1.53556733200055,-0.1582204169707739,-4.538507917367435,-0.1582204169707739,4.552163657326606,2144144520.0,2423473520.0,28.54140514349609,7.202221386199808,38.5810979757085,42.65341502715391,-143.3443321299639,-143.3443321299639,8.14049270085252,69.87698287296004,43.60726081871345,48.21010006166823,0.0087592043469159,0.0234447816045534,-28.37946249498596,0.3805754982894274,8.054004959344905,0.6822141378661482,5.921461499060952,2.9591076087535275,0.0,0.0,0.4429000423236347,0.4176704534003345,0.3712587949249428,0.0954745838956365,0.0178229528460964,0.73176113639498,0.0,,0.0463278351246433,0.0267799597323857,-7.741905457007161,-253323000.0,-429066000.0,-586547000.0,225215000.0,308460500.0,187137000.0,46369500.0,91.80056834595204,140.26459068865958,36.9784386736688,0.9803860871627006,0.6416444774702252,2.43385073107714,-1.2555822970985426,0.0561249854557378,2008-10-30,0.12,bmo,188021052.0,2025-04-25,2008-09-30,0.5833333333333334,24.01859375,744171.109375
2008-06-30,IT,USD,749251,2008-07-30,2008-07-30 08:40:00,2008,Q2,343939000.0,152153000.0,191786000.0,0.5576163215,152153000,137746000.0,0.0,137746000.0,6465000.0,144211000.0,296364000.0,0.0,5338000.0,6729000.0,47575000.0,0.138323947,47575000.0,0.138323947,-5110000.0,42465000.0,0.1234666612,12337000.0,29900000.0,0.0869340203,0.32,0.3,94845000,98895000,https://www.sec.gov/Archives/edgar/data/749251/000095012308008504/0000950123-08-008504-index.htm,https://www.sec.gov/Archives/edgar/data/749251/000095012308008504/y64152qe10vq.htm,3.6263271653750855,0.3152511993252148,0.7130370604670778,0.6554272760820286,1.4433760345827402,-0.4387579735357689,-4.870747008276662,-0.4387579735357689,5.009099056355105,1965188400.0,2298041400.0,16.431341137123745,5.713770174362314,29.05879813095168,31.61296570362267,-47.22421300523862,-47.22421300523862,6.6815377145365895,48.30355018392012,33.98062045306678,36.96739913776462,0.0152148262222594,0.0316325905444994,-11.288268371221225,0.4190735330196043,6.996384655806621,0.6701020705383648,8.91251405020607,2.261806020066889,0.0,0.0,0.4004954366908085,0.4423836785011296,0.3750045721167785,0.0807949370083397,0.0158865380198232,0.8120077277455788,0.0,,0.0658757847558343,0.0426793496180983,-8.117167483789341,-266160000.0,-461966000.0,-621904000.0,220712000.0,320251000.0,167266000.0,43869500.0,81.97183221443338,106.75924891392216,24.636385743297865,1.097938127875017,0.8430182950478153,3.65313325330132,-0.7185081943576681,0.0576097843850492,2008-07-30,0.23,bmo,263656666.0,2025-04-25,2008-06-30,0.3043478260869564,21.89109375,588707.625
2008-03-31,IT,USD,749251,2008-05-08,2008-05-08 08:27:21,2008,Q1,290099000.0,125960000.0,164139000.0,0.5658033982,125960000,130886000.0,0.0,130886000.0,6923000.0,137809000.0,263769000.0,0.0,4192000.0,7107000.0,26330000.0,0.0907621191,26330000.0,0.0907621191,-4192000.0,22138000.0,0.0763118797,7545000.0,14593000.0,0.0503035171,0.22,0.21,97790000,101363000,https://www.sec.gov/Archives/edgar/data/749251/000095012308005299/0000950123-08-005299-index.htm,https://www.sec.gov/Archives/edgar/data/749251/000095012308005299/y57560qe10vq.htm,2.966550772062583,0.1492279374169138,0.1453829634931997,0.0685857449636977,0.9810307802433786,-0.180089988751406,-4.472911340627876,-0.180089988751406,4.3480110440740365,1891258600.0,2216323600.0,32.40009936270815,6.519355806121359,133.0279665189562,281.98279409572086,-107.39075577763896,-107.39075577763896,7.639887073033688,84.17484238511204,155.89249490047126,330.449321604294,0.0077160257195922,0.0035463156651343,-23.905513599454885,0.3841938454153628,12.345803266236231,0.5970393926089135,6.281011450381679,0.6599053100631266,0.0,0.0,0.4511770119855635,0.4341966018497133,0.3830941931974875,0.5282408384328621,0.0258877141941199,1.0567046573800478,0.0228611611898007,,0.0353143493395597,0.0215870865051493,-7.659272420492893,-351511000.0,-437406000.0,-592602000.0,132656000.0,341084500.0,82655000.0,42735500.0,101.52351438646808,110.06779930136553,32.93116862496031,0.8864941343283126,0.8176778364903989,2.73297316062401,-0.8286298336267106,0.076797218529502,2008-05-08,0.09,bmo,186492857.0,2025-04-25,2008-03-31,0.5555555555555558,17.592622950819674,831005.2950819673
2007-12-31,IT,USD,749251,2008-02-28,2008-02-28 15:28:55,2007,Q4,348391000.0,150140000.0,198251000.0,0.5690474209,0,123495000.0,0.0,123495000.0,6753000.0,130248000.0,280388000.0,0.0,4156000.0,6960000.0,74963000.0,0.2151691634,68003000.0,0.1951916094,-4156000.0,63847000.0,0.1832624838,25028000.0,38819000.0,0.111423659,0.4,0.4,97790000,97790000,https://www.sec.gov/Archives/edgar/data/749251/000095012308002262/0000950123-08-002262-index.htm,https://www.sec.gov/Archives/edgar/data/749251/000095012308002262/y46746e10vk.htm,3.5626444421720014,0.396962879640045,0.6732794764290827,0.6161468452807035,1.12429696287964,0.1789344513753962,-4.114203906329891,0.1789344513753962,4.0715410573678295,1717192399.9999998,2001247400.0,11.058968546330403,4.928922962992729,26.081294046172538,28.499699600019916,98.13649559949708,98.13649559949708,5.7442568837886165,26.6964689246695,30.39561664641555,33.21407066868039,0.0226060865398658,0.0350880891389922,22.51685906960796,0.3476848951209396,3.789269372890626,0.6367378529061246,16.362608277189604,1.6960766634895283,0.0,0.0,0.3544724174849522,0.0,0.3704750222818365,0.0848572296476306,0.0160365795901731,0.8027298850574712,0.0695798685959166,1.2641924455587252,0.0837472494566206,0.0544152938669776,-7.361504243787708,-318222000.0,-402328000.0,-557922000.0,168155000.0,334885000.0,95296000.0,49475500.0,91.68818941935928,6.752098041827628,23.607166644465167,0.9815877112412164,13.329190340909092,3.812401604794069,2.218482112241399,0.0571326311483791,2008-02-07,0.36,bmo,333924324.0,2025-04-25,2007-12-31,0.0277777777777778,21.00546875,874134.265625
2007-09-30,IT,USD,749251,2007-10-30,2007-10-30 08:33:13,2007,Q3,273119000.0,127211000.0,145908000.0,0.5342286696,127211000,115564000.0,0.0,115564000.0,6764000.0,122328000.0,249539000.0,0.0,4617000.0,7006000.0,23580000.0,0.0863359927,23580000.0,0.0863359927,-4920000.0,18660000.0,0.068321867,6166000.0,12494000.0,0.0457456274,0.12,0.11,104728000,109197000,https://www.sec.gov/Archives/edgar/data/749251/000095012307014431/0000950123-07-014431-index.htm,https://www.sec.gov/Archives/edgar/data/749251/000095012307014431/y41500e10vq.htm,2.607889007715224,0.119299518753342,0.3705026353983653,0.3117313421434573,1.1239401115270031,0.68033381712627,-3.320019479031396,0.68033381712627,3.5484015736001835,2646476560.0,2895768560.0,52.95494957579638,9.689829561473204,68.2046430596361,81.06339204214783,37.14353066666666,37.14353066666666,10.602589201044234,122.80613061916878,74.62936343487449,88.6993769718504,0.0047209940147741,0.0123360246198439,5.150877192982456,0.3318018013131034,10.572179813401188,0.6749905901262448,5.107212475633529,3.105650712341924,0.0,0.0,0.4231269153738846,0.4657713304457032,0.3787684819027884,0.1586258440286583,0.0225359641767874,0.8785326862689123,0.0,1.351361787950486,0.0300915195761981,0.0181827972168415,-6.218074440455275,-255590000.0,-347699000.0,-504014000.0,230453000.0,309176000.0,178616500.0,62680500.0,103.74950113320568,126.87204722862018,42.14423281005573,0.8674740506409524,0.7093761152748037,2.1355235105507897,0.1753543859649123,0.0587712932549079,2007-10-30,0.11,bmo,268300000.0,2025-04-25,2007-09-30,0.0,23.087619047619047,865215.5714285715
2007-06-30,IT,USD,749251,2007-07-31,2007-07-31 13:30:14,2007,Q2,303491000.0,144211000.0,159280000.0,0.5248261069,144211000,120523000.0,0.0,120523000.0,15692000.0,136215000.0,280426000.0,0.0,3584000.0,6829000.0,23065000.0,0.0759989588,23065000.0,0.0759989588,-3584000.0,19481000.0,0.0641897124,5433000.0,14048000.0,0.0462880283,0.13,0.13,104259000,109571000,https://www.sec.gov/Archives/edgar/data/749251/000095012307010520/0000950123-07-010520-index.htm,https://www.sec.gov/Archives/edgar/data/749251/000095012307010520/y37498e10vq.htm,2.9109333486797304,0.134741365253839,0.4212106388896882,0.3478069039603295,0.9863704812054594,0.7717415283093066,-3.2141877439837327,0.7717415283093066,3.487315243767924,2563728810.0,2820890810.0,45.62444493878131,8.447462395919484,58.37934213822157,70.70014919199161,31.86299958986341,31.86299958986341,9.294808775219035,122.3017910253631,64.23524558806785,77.79192570735205,0.0054795187171142,0.0141442417226648,4.474217322678068,0.3334861811663679,11.149447214394105,0.6888408577214703,6.435546875,3.1260677676537587,0.0,0.0,0.3971221551874685,0.475173893130274,0.3849625522809065,0.1742684731868382,0.0252165632588775,1.1206618831454094,0.0,1.5295992647809116,0.0317161124813056,0.021158665895508,-6.097113918222887,-232930000.0,-335108000.0,-483386000.0,243292000.0,306628000.0,159823500.0,61438000.0,90.00504133565741,111.02793822939998,41.05983593484547,0.9999439882968488,0.810606784519828,2.191923030155642,0.1745939026360597,0.0734037349293586,2007-07-31,0.22,bmo,378917647.0,2025-04-25,2007-06-30,-0.2272727272727272,26.06031746031746,625466.0952380953
2007-03-31,IT,USD,749251,2007-05-03,2007-05-03 10:00:29,2007,Q1,264197000.0,123713000.0,140484000.0,0.5317395731,123713000,115746000.0,0.0,115746000.0,6264000.0,122010000.0,245723000.0,0.0,6301000.0,6957000.0,26427000.0,0.1000276309,18474000.0,0.0699250938,-5305000.0,12173000.0,0.0460754664,3981000.0,8192000.0,0.0310071651,0.08,0.08,103521000,108263000,https://www.sec.gov/Archives/edgar/data/749251/000095012307006627/0000950123-07-006627-index.htm,https://www.sec.gov/Archives/edgar/data/749251/000095012307006627/y34345e10vq.htm,2.5521101998628297,0.0791337023405879,-0.0021444924218274,-0.0482897189942137,0.8799567237565324,0.342230078921185,-3.660677543686788,0.342230078921185,3.973116565720965,2479327950.0,2793233950.0,75.66308441162109,9.384391003682858,-11168.14391891892,-495.9647829565913,69.98215959128373,69.98215959128373,10.57254226959428,105.69621788322549,-12582.13490990991,-558.7585417083417,0.003304121183323,-0.0020162721918252,11.431635994128936,0.3830033515157476,11.878230597494984,0.6519164844797629,2.9319155689573084,-0.027099609375,0.0,0.0,0.4381048989958251,0.4682604268784278,0.3918786267107483,-21.51801801801802,0.0180812045556913,0.6866465430501653,0.0210676124255763,0.780604571431824,0.0236887903292676,0.0127393487567782,-6.472667381497474,-266845000.0,-378957000.0,-522237000.0,206297000.0,319065500.0,77537500.0,49055500.0,105.51717089898828,103.11592152805282,41.52805283195784,0.85294174619368,0.8728041088738694,2.1672097260177985,0.2312295359602574,0.0461452265723862,2007-05-03,0.07,bmo,231175000.0,2025-04-25,2007-03-31,0.1428571428571427,21.82196721311476,550200.1967213114
2006-12-31,IT,USD,749251,2007-03-01,2007-03-01 15:46:17,2006,Q4,303939000.0,146439000.0,157500000.0,0.5181960854,0,110112000.0,0.0,110112000.0,7766000.0,117878000.0,264317000.0,0.0,3626000.0,7337000.0,46959000.0,0.1545013967,41072000.0,0.1351323785,-3626000.0,37446000.0,0.1232023531,14876000.0,22570000.0,0.0742583216,0.22,0.22,103521000,103521000,https://www.sec.gov/Archives/edgar/data/749251/000095012307003019/0000950123-07-003019-index.htm,https://www.sec.gov/Archives/edgar/data/749251/000095012307003019/y30787e10vk.htm,2.93601298287304,0.2180233962191246,0.3046918016634306,0.2312574260295012,0.6549492373528076,0.2542286106200674,-3.750012074844717,0.2542286106200674,3.6091807459356073,2048680590.0,2350879590.0,22.69251871953921,6.7404334093354255,64.95087787711621,85.57563032581453,77.84332358081922,77.84332358081922,7.734708576391974,50.06238612406568,74.53172246528439,98.19881328320804,0.01101684670132,0.0116855697842092,14.058819059199028,0.3558400566266555,6.435379799399477,0.6021187162808518,11.32708218422504,1.3975188303057156,0.0,0.0,0.3622832213042748,0.0,0.3986591561974354,0.2410119840213049,0.0250115977219113,1.0361183044841216,0.0548136303666196,1.1167475833095728,0.0542991285032279,0.0360964063524557,-6.55783126128998,-319850000.0,-388205000.0,-529442000.0,154388000.0,306631000.0,102668500.0,42454500.0,97.23816292084923,8.194333476737754,25.214799336242397,0.9255625291199604,10.9831995799895,3.5693323908645525,0.8575879626111407,0.0734343756339293,2007-02-06,0.22,bmo,334289999.0,2025-04-25,2006-12-31,-0.0909090909090908,19.2968253968254,567528.5714285715
2006-09-30,IT,USD,749251,2006-10-31,2006-10-31 09:46:24,2006,Q3,241360000.0,116259000.0,125101000.0,0.5183170368,116259000,99814000.0,0.0,99814000.0,9324000.0,109138000.0,225397000.0,0.0,4930000.0,9527000.0,15963000.0,0.0661377196,15963000.0,0.0661377196,-4389000.0,11574000.0,0.0479532648,1966000.0,9608000.0,0.039807756,0.08,0.08,113523000,116255000,https://www.sec.gov/Archives/edgar/data/749251/000095012306013246/0000950123-06-013246-index.htm,https://www.sec.gov/Archives/edgar/data/749251/000095012306013246/y26389e10vq.htm,2.1260889863728054,0.084634831708112,0.3677052227301956,0.321291720620491,0.8184508866044766,1.6443540075579397,-2.009152330364772,1.6443540075579397,1.9813606053398871,1996869570.0,2123956570.0,51.95851295795171,8.273407234007292,47.83723187121194,54.74775374239184,10.697209919002317,10.697209919002317,8.799952643354326,133.05497525527784,50.881742328055005,58.23207133848769,0.0048115310806203,0.0182655895747863,1.1785377560641124,0.2170487876345332,7.961348117521769,0.7384407458309082,3.2379310344827585,4.344608659450458,0.0,0.0,0.4135482267152801,0.4816829632084852,0.4091932000588005,0.1262247562465563,0.021830460722572,0.5530597249921276,0.0,1.7695526428196704,0.0287941461037747,0.0160443524146683,-4.39040326629846,-160436000.0,-228085000.0,-373978000.0,311803000.0,285277000.0,189036000.0,40131000.0,106.22766821345706,148.63675070317134,33.97053131370475,0.84723689706858,0.6055030103539509,2.649355088646826,0.0514699580011999,0.0464135021097046,2006-10-31,0.07,bmo,168980000.0,2025-04-25,2006-09-30,0.4285714285714285,15.13111111111111,524706.3492063492
2006-06-30,IT,USD,749251,2006-08-01,2006-08-01 08:51:54,2006,Q2,284093000.0,137283000.0,146810000.0,0.5167673966,137283000,106701000.0,0.0,106701000.0,9514000.0,116215000.0,253498000.0,0.0,4306000.0,9716000.0,30595000.0,0.1076936074,30595000.0,0.1076936074,-4306000.0,26289000.0,0.0925365989,8045000.0,18244000.0,0.0642184074,0.16,0.16,113525000,115743000,https://www.sec.gov/Archives/edgar/data/749251/000095012306009689/0000950123-06-009689-index.htm,https://www.sec.gov/Archives/edgar/data/749251/000095012306009689/y23293e10vq.htm,2.5024708214049767,0.1607046905967848,0.2367231887249504,0.1951288262497247,0.6083858181017398,1.5435983263598327,-2.129434045364458,1.5435983263598327,2.0639154371283857,1612055000.0,1772988000.0,22.090207739530804,5.674391836476084,59.98567388553992,72.7724358974359,9.199284397701398,9.199284397701398,6.240871827183352,57.95025330936428,65.97410136191114,80.03737811484291,0.0113172317321679,0.0137414666373045,1.3125082031762698,0.2335608690089098,5.260107860761562,0.7212579140542673,7.105202043660009,1.4730322297741725,0.0,0.0,0.3755847556961981,0.4832326034080389,0.423436716174801,0.1757088635856218,0.0166213176671019,0.486002470152326,0.0,2.3625047211541963,0.0462329939186609,0.0321325600195852,-4.474818321955516,-163206000.0,-241744000.0,-387214000.0,311442000.0,281425000.0,179098500.0,38879000.0,90.50117391136,121.98247415921854,23.850003277900395,0.9944622385578016,0.7378109078401445,3.773584387025839,0.1041104332989037,0.0415943624752257,2006-08-01,0.15,bmo,236750000.0,2025-04-25,2006-06-30,0.2,14.421111111111111,671719.0476190476
2006-03-31,IT,USD,749251,2006-05-03,2006-05-03 10:55:11,2006,Q1,230929000.0,105349000.0,125580000.0,0.5438035067,105349000,99467000.0,0.0,99467000.0,10493000.0,109960000.0,215309000.0,0.0,5057000.0,9244000.0,15620000.0,0.0676398374,15620000.0,0.0676398374,-5057000.0,10563000.0,0.0457413318,2793000.0,7770000.0,0.0336467053,0.07,0.07,113769000,115798000,https://www.sec.gov/Archives/edgar/data/749251/000095012306005636/0000950123-06-005636-index.htm,https://www.sec.gov/Archives/edgar/data/749251/000095012306005636/y20431e10vq.htm,2.0298060104246325,0.0682962845766421,0.0536613664530759,0.0227214794891402,0.5769585739524826,1.3581995095324737,-2.303958020198824,1.3581995095324737,2.18328367129886,1587077550.0,1764770550.0,51.064271235521225,6.872577935209523,259.96356265356263,613.956499032882,10.270950550410625,10.270950550410625,7.642048205292536,112.98146927016646,289.0697051597052,682.6965377176016,0.0048957910090782,0.0016287798916946,1.5747568291688507,0.2484313072881677,11.375992317541613,0.7046907420712996,3.08878781886494,0.7857142857142857,0.0,0.0,0.4307254610724508,0.4561964932944758,0.4253694314726824,0.5765765765765766,0.0152427802484746,0.3807875378623972,0.0110250336683569,1.4446797412696442,0.0254129057432758,0.0138050380393647,-4.665126264623931,-175911000.0,-262119000.0,-405184000.0,298659000.0,295185000.0,207582500.0,38608000.0,108.0234617566438,147.05037541884593,35.349362594803935,0.8331523405790565,0.612035159676754,2.546014790468365,0.050284427359388,0.0309398869639356,2006-05-02,0.03333,bmo,69269999.0,2025-04-25,2006-03-31,2.0003000300030007,13.875645161290322,458666.12903225806
2005-12-31,IT,USD,749251,2006-03-13,2006-03-13 14:20:30,2005,Q4,289300000.0,138712000.0,150588000.0,0.5205254062,0,80169000.0,0.0,80169000.0,40677000.0,120846000.0,259558000.0,0.0,4189000.0,10359000.0,40101000.0,0.1386138956,29742000.0,0.102806775,-4189000.0,25553000.0,0.0883269962,10743000.0,14810000.0,0.0511925337,0.13,0.13,113267000,113769000,https://www.sec.gov/Archives/edgar/data/749251/000095012306003019/0000950123-06-003019-index.htm,https://www.sec.gov/Archives/edgar/data/749251/000095012306003019/y18453e10vk.htm,2.554141983101874,0.1307529995497364,-0.0042201170685195,-0.1022539662920356,0.6204984682211059,1.294181005941713,-2.41234428386026,1.294181005941713,1.626148834170588,1461144300.0,1570862300.0,24.664826130992573,5.050619771863118,-3056.787238493724,-126.15647556553272,9.967693808497286,9.967693808497286,5.429873142067058,39.17264656741728,-3286.32280334728,-135.62962355379037,0.010135891437964,-0.0079266640536461,1.2279313449941331,0.1753331573507939,2.736041495224558,0.7189514723819481,7.100023872045834,-0.0322754895340985,0.0,0.0,0.277113722779122,0.0,0.4089421858395097,-23.230125523012557,0.0383823021085378,1.071918138816488,0.0035603180089872,1.951257566535341,0.0382624798034975,0.0244071260238303,-4.916981556852393,-180649000.0,-273239000.0,-417910000.0,300948000.0,275969500.0,236217500.0,44738000.0,97.43363290701694,157.68815964011765,23.25263856047061,0.9237056785708584,0.5707467206504386,3.870528489313019,0.101031462329795,0.0980338492235161,2006-02-07,0.16,bmo,289300000.0,2025-04-25,2005-12-31,0.0,12.71111111111111,402947.6190476191
2005-09-30,IT,USD,749251,2005-11-09,2005-11-09 11:40:04,2005,Q3,225311000.0,112104000.0,113207000.0,0.5024477278,112104000,100310000.0,0.0,100310000.0,11711000.0,112021000.0,224125000.0,0.0,3259000.0,10893000.0,1186000.0,0.0052638353,1186000.0,0.0052638353,-3259000.0,-2073000.0,-0.009200616,-352000.0,-1721000.0,-0.007638331,-0.0153,-0.0153,112542000,112542000,https://www.sec.gov/Archives/edgar/data/749251/000095012305013338/0000950123-05-013338-index.htm,https://www.sec.gov/Archives/edgar/data/749251/000095012305013338/y14479e10vq.htm,2.0020170247552027,-0.0152920687387819,0.1211014554566295,0.0857457660251284,0.7149242060741767,1.1007001830427752,-2.7186739172931,1.1007001830427752,2.2503509800785486,1315615980.0,1485156980.0,-191.1121411969785,5.839111184096649,96.5306317411402,136.3332621761658,10.620512452068615,10.620512452068615,6.591586651339704,1252.240286677909,108.97035585883044,153.90227772020725,-0.0013081324840703,0.007334967153561,2.0181634712411705,0.2599879573578152,142.95193929173692,0.6419949591189027,0.3639153114452286,-7.919233004067403,0.0,0.0,0.4452068474242269,0.4975522721926581,0.4470128943627331,0.2919509868662411,0.0176600343525171,0.3652804553382906,0.000554788714266,,0.0024487478350777,-0.0032365259157149,-4.899255389099181,-223572000.0,-305965000.0,-436786000.0,262358000.0,237783500.0,219862000.0,48076000.0,95.3657832950899,184.167469492614,43.06197816313424,0.9437347116576752,0.4886856525093832,2.090010813229427,-0.0138930373360242,0.0353556894315011,2005-10-27,0.03,bmo,112650000.0,2025-04-25,2005-09-30,1.0,10.914375,386203.125
2005-06-30,IT,USD,749251,2005-08-09,2005-08-09 15:32:27,2005,Q2,274569000.0,140517000.0,134052000.0,0.488227003,140517000,102727000.0,0.0,102727000.0,26187000.0,128914000.0,269431000.0,0.0,5639000.0,9571000.0,14931000.0,0.0543797734,5138000.0,0.0187129647,-5639000.0,-501000.0,-0.0018246779,318000.0,-819000.0,-0.0029828568,-0.0073,-0.0073,111880000,111880000,https://www.sec.gov/Archives/edgar/data/749251/000095012305009644/0000950123-05-009644-index.htm,https://www.sec.gov/Archives/edgar/data/749251/000095012305009644/y11442e10vq.htm,2.454138362531284,-0.0073203432248838,-0.0054880228816589,-0.0341794780121558,0.6299606721487307,1.072273864855202,-2.819753307114766,1.072273864855202,2.285564890954594,1188165600.0,1367755600.0,-362.687912087912,4.327384373326924,-1935.1231270358303,-310.71276150627614,9.904186186086058,9.904186186086058,4.981464040004516,91.60509008103944,-2227.614983713355,-357.67667364016734,-0.0006892978554504,-0.0032184065924817,2.0845072770618343,0.2632191106737049,12.027995445716964,0.6440464490196378,0.9111544600106402,0.7496947496947497,0.0,0.0,0.3741391052886524,0.511772996951586,0.4583361840754911,-5.228013029315961,0.0116910503370737,0.3353881517082854,0.0004443327542439,,0.0199533086483555,-0.0015915119363395,-5.01184081158384,-209699000.0,-315474000.0,-450659000.0,284482000.0,235053500.0,179412000.0,41182000.0,77.62737235449013,134.71145840005124,27.229872542112343,1.159384857045135,0.668094615476049,3.3051935832902104,-0.0068269342980511,0.0286914551304969,2005-07-28,0.14,bmo,320366666.0,2025-04-25,2005-06-30,-0.1428571428571429,9.6184375,308740.625
2005-03-31,IT,USD,749251,2005-05-10,2005-05-10 17:20:02,2005,Q1,199824000.0,95278000.0,104546000.0,0.5231904076,95278000,91546000.0,0.0,91546000.0,23786000.0,115332000.0,210610000.0,0.0,6755000.0,6329000.0,-4457000.0,-0.0223046281,-10786000.0,-0.0539775002,-6755000.0,-17541000.0,-0.0877822484,-2834000.0,-14707000.0,-0.0735997678,-0.13,-0.13,111324000,111324000,https://www.sec.gov/Archives/edgar/data/749251/000095012305006055/0000950123-05-006055-index.htm,https://www.sec.gov/Archives/edgar/data/749251/000095012305006055/y08943e10vq.htm,1.794976824404441,-0.1321098774747583,0.1310139772196471,0.0945169056088534,1.4257572491107038,1.0376289030218102,-1.0306672415651612,1.0376289030218102,1.6775807552728972,1065370680.0,1086649680.0,-18.10992520568437,5.331545159740572,73.04564141241,101.25172780840144,9.222950490420992,9.222950490420992,5.4380338698054285,-243.80742203275747,74.50460610215976,103.27406196540582,-0.0138045848980938,0.0098763746717715,1.5582661691757638,0.2170971220158191,-4.774287637424276,0.8882943989214922,-1.596743153219837,-0.991704630448086,0.0,0.0,0.4581331571783169,0.4768095924413484,0.2777046080070243,0.278573877271169,0.0203328929457922,0.6419655553799969,0.0013762110657378,,-0.0260676615660557,-0.0245578764041003,-3.2338040314756924,-58333000.0,-114738000.0,-249739000.0,233251000.0,245486500.0,165000500.0,38451000.0,105.07026183041076,140.27278070488464,37.64247780180104,0.8565696747312289,0.6416070141886477,2.3909159347553324,-0.1273190030559331,0.0364970716107937,2005-05-03,0.07,bmo,466200000.0,2025-04-25,2005-03-31,-0.5714285714285715,10.271803278688523,464540.98360655736
2004-12-31,IT,USD,749251,2005-03-16,2005-03-16 16:39:36,2004,Q4,255409000.0,124441000.0,130968000.0,0.512777545,0,110105000.0,0.0,110105000.0,5638000.0,115743000.0,240184000.0,0.0,2440000.0,5638000.0,20863000.0,0.0816846705,15225000.0,0.0596102722,-2440000.0,12785000.0,0.0500569675,7548000.0,5237000.0,0.0205043675,0.047,0.047,110280000,111324000,https://www.sec.gov/Archives/edgar/data/749251/000095012305003248/0000950123-05-003248-index.htm,https://www.sec.gov/Archives/edgar/data/749251/000095012305003248/y06583e10vk.htm,2.316004715270221,0.0474882118244468,0.0174737033006891,-0.0375498730504171,1.4519949220166848,1.1792528110264782,-0.9235491476242292,1.1792528110264782,1.745012694958288,1374088800.0,1403962800.0,65.59522627458469,5.379954504344013,713.0715101193566,-331.82535619415603,10.566012549212598,10.566012549212598,5.496919842292167,67.29438719263769,728.5743642968345,-339.03955566288334,0.003811252955413,-0.003013633471141,1.4609990157480317,0.2206239244583682,1.4319129559507262,0.9218572254619254,6.239754098360656,0.3679587550124117,0.0,0.0,0.4310928745658923,0.0,0.269273822158538,3.148936170212766,0.0237579725068419,1.0762681802057468,0.0050859601658516,1.1225033024020443,0.0167648963538419,0.0083219846908534,-3.257410681900617,-41353000.0,-101849000.0,-243301000.0,254039000.0,236638000.0,161027500.0,34376000.0,90.80341726407448,131.26847260950973,26.797277424643003,0.9911521252362344,0.6856177893356546,3.3585501457411207,0.0402697465551181,0.0550235763511062,2005-02-03,0.17,bmo,300481176.0,2025-04-25,2004-12-31,-0.1764705882352941,12.050625,252385.9375
2004-09-30,IT,USD,749251,2004-11-08,2004-11-08 17:13:20,2004,Q3,201888000.0,100196000.0,101692000.0,0.5037050246,0,89423000.0,0.0,89423000.0,6792000.0,96215000.0,196411000.0,0.0,2975000.0,6792000.0,12274000.0,0.060796085,5477000.0,0.0271289032,-2975000.0,2502000.0,0.01239301,2342000.0,160000.0,0.0007925186,0.0013,0.0013,121767000,124318000,https://www.sec.gov/Archives/edgar/data/749251/000095012304013195/0000950123-04-013195-index.htm,https://www.sec.gov/Archives/edgar/data/749251/000095012304013195/y68446e10vq.txt,1.6579861538840572,0.0013139849055983,0.0407910189131702,-0.0400108403754711,1.286399434986491,0.8487274877429846,-1.039164962592492,0.8487274877429846,1.6669130388364664,1423456230.0,1466815230.0,2224.150359375,7.050722331193533,286.5826917656533,-292.17081896551724,13.773561206421086,13.773561206421086,7.26548992510699,119.50588479713215,295.31210589893294,-301.0704495073892,0.0001124024726773,-0.0034226552930257,1.935227921468451,0.2517972025330798,3.5325892129705068,0.8967973826282775,1.8410084033613443,31.04375,0.0,0.0,0.4429337058170867,0.0,0.28941948154956,1.9808737668612848,0.0487349421461404,1.448616018845701,0.0,0.1584056183563778,0.0009899374851857,0.0002834833728142,-2.9298722149679306,-49587000.0,-126536000.0,-260048000.0,245207000.0,214836500.0,142347000.0,28272500.0,96.10690085592012,126.25024951095853,28.47419058645055,0.9364572075310664,0.7128698782665613,3.160757097791798,0.0015481823371747,0.0808018592886414,2004-10-27,0.05,bmo,201888000.0,2025-04-25,2004-09-30,0.0,12.21265625,353660.9375
2004-06-30,IT,USD,749251,2004-08-03,2004-08-03 08:31:08,2004,Q2,227857000.0,114386000.0,113471000.0,0.4979921618,0,81588000.0,0.0,81588000.0,16097000.0,97685000.0,212071000.0,0.0,0.0,7034000.0,22820000.0,0.100150533,15786000.0,0.0692802942,66000.0,15852000.0,0.0695699496,4824000.0,11028000.0,0.0483987764,0.08,0.08,132129000,135335000,https://www.sec.gov/Archives/edgar/data/749251/000095012304009147/0000950123-04-009147-index.htm,https://www.sec.gov/Archives/edgar/data/749251/000095012304009147/y99641e10vq.txt,1.7245040831308798,0.0834638875644256,0.1257256166322306,0.078862323940997,2.2023704107349635,3.2222146538609997,1.4803638868075897,3.2222146538609997,0.0,1746745380.0,1455748380.0,39.59796381936888,7.66597199120501,105.14961353238624,167.63391362763917,4.102768257278954,4.102768257278954,6.388868369196469,63.79265468886941,87.63233686491692,139.70713819577736,0.0063134559428461,0.005965380025794,0.0,0.0,-12.751840490797546,1.2649926010244736,0.0,1.506347479143997,0.0,0.0,0.3580666821734684,0.0,0.2514638284946959,0.3727425957139417,0.0271749386676731,0.8802957065680979,0.0,2.4599019564835776,0.0230722368137246,0.0160972021112616,-0.1930310529860969,116398000.0,195599000.0,66159000.0,407935000.0,224892500.0,147471500.0,25610500.0,84.56066743615513,113.41151889217213,19.54828388089452,1.0643246172099063,0.7935701847496549,4.603984705172067,0.0259026466360382,0.0468632926912335,2004-07-23,0.09,bmo,227856999.0,2025-04-25,2004-06-30,0.3333333333333333,12.4,397800.0
2004-03-31,IT,USD,749251,2004-05-04,2004-05-04 16:53:32,2004,Q1,208667000.0,95476000.0,113191000.0,0.5424480153,0,87634000.0,0.0,87634000.0,19386000.0,107020000.0,202496000.0,0.0,2848000.0,8873000.0,15044000.0,0.0720957315,6171000.0,0.0295734352,-2848000.0,3323000.0,0.0159248947,2859000.0,464000.0,0.0022236386,0.0036,0.0035,130311000,133180000,https://www.sec.gov/Archives/edgar/data/749251/000095012304005693/0000950123-04-005693-index.htm,https://www.sec.gov/Archives/edgar/data/749251/000095012304005693/y96971e10vq.txt,1.6012999670020185,0.0035607124494478,0.18950817659292,0.1664479591131984,2.0162687723983392,3.0183560865928434,1.2445687624222053,3.0183560865928434,0.0218554074483351,1518123150.0,1255381150.0,817.9542834051724,7.275338937158248,61.474920024296416,69.99184647302904,3.859716900781797,3.859716900781797,6.016193983715681,83.4472979260835,50.83543834784369,57.87833794375288,0.0003056405536006,0.0142873784646522,0.0,0.0,-17.46490295134273,1.1761786335185902,2.1667837078651684,53.22198275862069,0.0,0.0,0.4199705751268768,0.0,0.2533495843709445,0.1216845515286495,0.0144009354617644,0.3386678688155077,0.0,0.4917506554382533,0.0019375965861373,0.0006811429108289,-0.5089574172556423,82388000.0,162181000.0,31000000.0,375528000.0,250910500.0,163205500.0,26009000.0,101.6591507042321,142.15279232477272,24.863211697180443,0.8853113504936381,0.6331215766369146,3.619805884137094,0.0011796860102968,0.0230602174797215,2004-04-29,0.06,bmo,172150275.0,2025-04-25,2004-03-31,0.5,11.438387096774193,417670.96774193546
2003-12-31,IT,USD,749251,2004-03-12,2004-03-12 16:23:50,2003,Q4,243942000.0,110515000.0,133427000.0,0.5469619828,0,0.0,0.0,89880000.0,32712000.0,122592000.0,233107000.0,0.0,949000.0,8422000.0,19257000.0,0.0789408958,10835000.0,0.0444162957,-949000.0,9886000.0,0.0405260267,3009000.0,6877000.0,0.0281911274,0.0881,0.0881,78026000,78026000,https://www.sec.gov/Archives/edgar/data/749251/000114544304000310/0001145443-04-000310-index.htm,https://www.sec.gov/Archives/edgar/data/749251/000114544304000310/d13921.txt,3.1264193986619846,0.0881372875708097,0.2615666572680901,0.1010176095147771,2.9472483531130647,4.8156511931920125,1.8503319406351728,4.8156511931920125,0.0121626124625124,882474060.0,652512060.0,32.080633270321364,3.617556878274344,43.23945612229898,111.96067749302208,2.3485920275931083,2.3485920275931083,2.674865582802469,33.88440878641533,31.971780097016023,82.7850875412332,0.0077928636225295,0.0089317072957362,0.0,0.0,-11.94173547281508,1.1187947053038587,11.417281348788196,2.9677184818961755,0.0,0.0,0.0,0.0,0.2522414484815712,0.6137978342887942,0.0513523706454813,1.4874139159344573,0.0,3.090285547686369,0.0176874084370996,0.010026359835076,-1.2706469638325686,58344000.0,144374000.0,7959000.0,356257000.0,243734500.0,155082500.0,25185500.0,98.18309270236368,143.01054155544497,20.882052210107226,0.9166547673623376,0.6293242373682443,4.309921222993526,0.0183022573759933,0.160549047753313,2004-02-05,0.17,bmo,229592470.0,2025-04-25,2003-12-31,0.0588235294117645,12.33953125,545378.171875
2003-09-30,IT,USD,749251,2003-11-14,2003-11-14 09:52:15,2003,Q3,196904000.0,94378000.0,102526000.0,0.5206902856,0,0.0,0.0,79169000.0,9366000.0,88535000.0,182913000.0,0.0,5820000.0,9366000.0,23357000.0,0.1186212571,13991000.0,0.0710549303,-5820000.0,8171000.0,0.0414973794,2697000.0,5474000.0,0.0278003494,0.07,0.07,78026000,128934000,https://www.sec.gov/Archives/edgar/data/749251/000095012303012707/0000950123-03-012707-index.htm,https://www.sec.gov/Archives/edgar/data/749251/000095012303012707/y91529e10vq.txt,2.523569066721349,0.0701561018122164,0.483864352908005,0.3988157793555994,2.6521544100684387,-0.1977674108630456,-3.1170122779586293,-0.1977674108630456,4.786161023248661,859846520.0,1020534520.0,39.26957069784435,4.366831146142283,22.774978015574508,27.63180538595025,-55.722021903959565,-55.722021903959565,5.182903953195466,43.69287665367984,27.031162790697675,32.79563339546243,0.0063662524330504,0.0361901796148456,-23.823796254293303,0.4390296623427495,6.879650640065077,1.0917918470922916,2.403951890034364,6.896967482645232,0.0,0.0,0.0,0.0,0.27201865868601,0.1757694548921968,0.0337017023524153,0.7085201793721974,0.0,,0.0233669989932763,0.0089799386791911,-5.991300976597544,40043000.0,-243208000.0,-376509000.0,329271000.0,223716500.0,133891000.0,22841500.0,101.1722971600374,128.31422577295555,23.58187289410668,0.8895715776586084,0.701403133267933,3.816490759836629,-0.3547404575205755,0.0850485735524056,2003-10-30,0.07,bmo,196904000.0,2025-04-25,2003-09-30,0.0,9.93671875,353660.9375
2003-06-30,IT,USD,749251,2003-08-14,2003-08-14 14:58:15,2003,Q2,213318000.0,103440000.0,109878000.0,0.5150901471,0,0.0,0.0,80730000.0,9302000.0,90032000.0,193472000.0,0.0,90000.0,9302000.0,29148000.0,0.1366410711,19846000.0,0.0930348119,-90000.0,19756000.0,0.0926129066,6902000.0,12854000.0,0.060257456,0.16,0.13,79234000,127959000,https://www.sec.gov/Archives/edgar/data/749251/000095012303009476/0000950123-03-009476-index.htm,https://www.sec.gov/Archives/edgar/data/749251/000095012303009476/y89241e10vq.txt,2.6922533255925485,0.1622283363202665,0.5609713001994093,0.4800969280864275,2.10370547997072,-0.4017088623570689,-3.2849029457051264,-0.4017088623570689,4.572418406239746,600593720.0,796109720.0,11.681066594056324,2.815485425514959,13.512277717782576,15.788478443743427,-18.869387036978857,-18.869387036978857,3.732032552339699,27.31267050912584,17.91103581713463,20.928226077812827,0.0214021551873702,0.0633373256050695,-11.379590939080712,0.4528650323393752,6.70769864141622,1.0356902708906055,220.51111111111112,3.457911934028318,0.0,0.0,0.0,0.0,0.28563051466681,0.1441684665226781,0.0300396591004978,0.688884110943883,0.0,,0.0340765459408738,0.0224975146669653,-6.11986647146427,15021000.0,-260276000.0,-395736000.0,306928000.0,242008000.0,137018500.0,27474000.0,95.38688718251623,115.91589327146173,18.23143851508121,0.9435259149173324,0.7764250221428249,4.9365276319557125,-0.4038455496559741,0.0808743721129818,2003-07-31,0.1,bmo,213318000.0,2025-04-25,2003-06-30,0.0,7.597460317460317,202692.0634920635
2003-03-31,IT,USD,749251,2003-05-15,2003-05-15 10:40:47,2003,Q1,204282000.0,102333000.0,101949000.0,0.4990601228,0,0.0,0.0,83504000.0,15656000.0,99160000.0,201493000.0,0.0,5046000.0,10230000.0,13019000.0,0.0637305294,2789000.0,0.0136526958,-5046000.0,-2257000.0,-0.0110484526,-745000.0,-1512000.0,-0.0074015332,-0.0188,-0.0188,80492000,80492000,https://www.sec.gov/Archives/edgar/data/749251/000095012303006023/0000950123-03-006023-index.htm,https://www.sec.gov/Archives/edgar/data/749251/000095012303006023/y86589e10vq.txt,2.537916811608607,-0.0187844754758236,0.4189981613079561,0.3772921532574665,1.6825398797396014,-0.4291730855240272,-3.230855240272325,-0.4291730855240272,4.495490235054415,559419400.0,780793400.0,-92.49659391534392,2.738466433655437,16.587184961157565,18.420738252823604,-16.1939325517441,-16.1939325517441,3.8221350877708256,59.97337737153392,23.15108225108225,25.71021107049952,-0.0027028022267372,0.05428664075647,-10.328701693443335,0.4400078430792225,17.0039173515631,1.0192278118017424,0.5527150217994451,-22.30555555555556,0.0,0.0,0.0,0.0,0.2781000510540062,0.0995374488525173,0.016433165917702,0.3281524926686217,0.0,,0.0050670543396785,-0.0025828802189298,-6.206523629677483,8502000.0,-260058000.0,-394777000.0,298836000.0,270499000.0,146400500.0,37759000.0,113.63556260463476,123.84069654950017,29.89710064202164,0.7920055829100919,0.7267400984298101,3.010325351532624,0.0437689969604863,0.0417060080504894,2003-05-06,0.04,bmo,204282000.0,2025-04-25,2003-03-31,0.0,7.96672131147541,215413.11475409835
2002-12-31,IT,USD,749251,2002-12-31,2002-12-31 00:00:00,2002,Q4,229814000.0,108600000.0,121214000.0,0.5274439329,0,0.0,0.0,90306000.0,43794000.0,134100000.0,242700000.0,0.0,7136000.0,17362000.0,4476000.0,0.0194766202,-12886000.0,-0.0560714317,-7136000.0,-20022000.0,-0.0871226296,-5604000.0,-14418000.0,-0.0627376922,-0.18,-0.18,81379000,81379000,,,2.823996362697993,-0.1771710146352253,0.0141682743705378,0.0141682743705378,1.3474852234605978,-0.3526831246390346,-3.131213212253776,-0.3526831246390346,4.407463842023127,748686800.0,990568800.0,-12.981807462893604,3.257794564299825,649.3380745880312,649.3380745880312,-26.08573917285112,-26.08573917285112,4.310306595768752,221.30670241286865,859.1229835212489,859.1229835212489,-0.0192577189820897,0.0015400298228845,-12.248318873906832,0.424870347339809,54.03976764968722,1.003031381790306,-1.805773542600897,-0.0799694825912054,0.0,0.0,0.0,0.0,0.2732815810433368,0.0,0.0,0.0,0.0,,-0.0251113863674688,-0.0239784862187733,-6.30855626144337,1388000.0,-254815000.0,-396839000.0,298508000.0,273955500.0,137979500.0,40277500.0,110.8553874002454,125.9585635359116,34.4121546961326,0.8118685262905027,0.7145206921507994,2.6153549754358925,0.5023518344308561,0.0,2003-02-06,0.11,bmo,229814000.0,2025-04-25,2002-12-31,0.0,8.545625,190725.0
2002-09-30,IT,USD,749251,2002-12-27,2002-12-27 10:58:22,2002,Q3,220527000.0,93503000.0,127024000.0,0.5760020315,0,0.0,0.0,85745000.0,12158000.0,97903000.0,191406000.0,0.0,5491000.0,12158000.0,41279000.0,0.1871834288,29121000.0,0.1320518576,-5491000.0,23630000.0,0.1071524122,8034000.0,15596000.0,0.070721499,0.19,0.19,82128000,83719000,https://www.sec.gov/Archives/edgar/data/749251/000095012302012279/0000950123-02-012279-index.htm,https://www.sec.gov/Archives/edgar/data/749251/000095012302012279/y67368e10vk.txt,2.685162185856224,0.1898986947204363,0.3988895382817066,0.3265877654393142,1.5194939606467952,-0.059541203974284,-2.801090979933762,-0.059541203974284,4.283447788817456,665236800.0,886743800.0,10.66358040523211,3.016577561931192,20.306373626373627,24.80190888076952,-136.040245398773,-136.040245398773,4.021021462224581,21.48171709585988,27.067881562881563,33.060316158377454,0.0234442832988193,0.0403194772147301,-70.81799591002044,0.4198339091956113,5.366094139877419,1.0404511800833216,5.303405572755418,2.1005385996409336,0.0,0.0,0.0,0.0,0.2729684185003334,0.1812576312576312,0.026926408104223,0.4884026978121401,0.0,,0.0495992507891969,0.0260066834308278,-5.927323811611144,17691000.0,-230048000.0,-374707000.0,319010000.0,261472000.0,127001000.0,38353000.0,108.08594865934784,119.32462060040854,37.56874110991091,0.8326706765895266,0.7542450128661198,2.3956086187901926,-3.189366053169734,0.0723017728423923,2002-10-30,0.12,bmo,165395250.0,2025-04-25,2002-09-30,0.25,8.89390625,201335.9375
2002-06-30,IT,USD,749251,2002-08-09,2002-08-09 15:26:46,2002,Q2,236157000.0,106045000.0,130112000.0,0.5509555084,0,0.0,0.0,84412000.0,11022000.0,95434000.0,201479000.0,0.0,5953000.0,11022000.0,45700000.0,0.1935153309,34678000.0,0.14684299,-7362000.0,27316000.0,0.1156688135,9061000.0,18255000.0,0.0773002706,0.22,0.16,83719000,132299000,https://www.sec.gov/Archives/edgar/data/749251/000115752302000740/0001157523-02-000740-index.htm,https://www.sec.gov/Archives/edgar/data/749251/000115752302000740/a4231362.txt,2.8208292024510566,0.2180508606170642,0.6854238583834016,0.6282325398057789,1.3127963783609455,-0.134186982644322,-2.812420119686093,-0.134186982644322,4.146501988795853,802028020.0,1033328020.0,10.983675979183786,3.396164500734681,13.976753045327014,15.249130525715373,-71.39291614740965,-71.39291614740965,4.375597674428453,22.61111641137856,18.007563564121778,19.64688696644168,0.0227610501687958,0.0655775093742984,-30.371016556880896,0.4233800366561728,5.061269146608315,1.0149358962465442,5.825298168990425,3.1434127636264035,0.0,0.0,0.0,0.0,0.2782332568525575,0.0834393461478138,0.0202746477978632,0.4344039194338595,0.0,,0.0618508274335404,0.0313849613511952,-5.910029384010798,6440000.0,-235453000.0,-379485000.0,311981000.0,274849000.0,135343000.0,39678000.0,98.3629111142164,110.35852704040738,31.974633410344666,0.91497901984107,0.8155237516630394,2.8147312541473126,-1.6249777461278263,0.0571913185776227,2002-07-18,0.14,bmo,194517647.0,2025-04-25,2002-06-30,0.2142857142857142,11.6559375,280050.0
2002-03-31,IT,USD,749251,2002-05-14,2002-05-14 08:28:44,2002,Q1,197728000.0,88341000.0,109387000.0,0.5532195744,0,0.0,0.0,86032000.0,10847000.0,96879000.0,185220000.0,0.0,19148000.0,10847000.0,23355000.0,0.1181168069,12508000.0,0.0632586179,-19148000.0,-6640000.0,-0.0335814857,-2324000.0,-4316000.0,-0.0218279657,-0.051,-0.051,84613000,84613000,https://www.sec.gov/Archives/edgar/data/749251/000095012302005061/0000950123-02-005061-index.htm,https://www.sec.gov/Archives/edgar/data/749251/000095012302005061/y60696e10-q.txt,2.336851311264226,-0.0510087102454705,0.5732570645172728,0.5277203266637515,0.9316180728729628,-0.1551652819306725,-2.73937810974673,-0.1551652819306725,4.1985274130452765,1099969000.0,1357291000.0,-63.71460843373495,5.56304114743486,22.67743531594681,24.634260503448893,-83.78162845608958,-83.78162845608958,6.864434981388574,58.11564975380004,27.982496649829915,30.39709307533817,-0.0039237469419592,0.040593871281827,-25.59996953309468,0.41101076741527,11.017854849068724,0.9448888231940368,0.6532274911217881,-11.238415199258572,0.0,0.0,0.0,0.0,0.2673914239769121,0.0794351097824966,0.0194863651076225,0.3552134230662856,0.0,,0.0236222851746931,-0.0072042958702158,-6.05709229078274,-26099000.0,-231787000.0,-383403000.0,278925000.0,303395500.0,151116000.0,53260500.0,132.72642215568862,143.29439331680646,42.4637484293816,0.6780865372414668,0.6280776094359879,2.119454907511816,0.3287379084469495,0.0455367378535213,2002-04-24,0.05,bmo,143642857.0,2025-04-25,2002-03-31,0.4000000000000001,12.021833333333332,249596.66666666663
2001-12-31,IT,USD,749251,2002-02-13,2002-02-13 00:00:00,2001,Q4,247206000.0,113640000.0,133566000.0,0.5403024198,0,0.0,0.0,89193000.0,10426000.0,99619000.0,213259000.0,0.0,4650000.0,10426000.0,44373000.0,0.1794980704,33947000.0,0.1373227187,-4650000.0,29297000.0,0.1185124957,10254000.0,19043000.0,0.0770329199,0.23,0.17,83883000,129578000,https://www.sec.gov/Archives/edgar/data/749251/000095012302001452/0000950123-02-001452-index.htm,https://www.sec.gov/Archives/edgar/data/749251/000095012302001452/y57529e10-q.htm,2.9470333679052967,0.2270185854106314,0.0823051154584361,0.021983000131135,0.3279091115005424,-0.1162810104550385,-2.76246676919042,-0.1162810104550385,4.003051869866361,980592270.0,1284299270.0,12.873395342120464,3.966700929589088,142.03248406720743,531.7745498915401,-100.53232212425672,-100.53232212425672,5.195259297913481,28.94325986523336,186.02248986095017,696.47465835141,0.0194198961001395,0.0018804961617737,-33.94894402296494,0.3992471720725435,6.844409888896401,0.9176362931305102,7.300430107526882,0.3625479178700835,0.0,0.0,0.0,0.0,0.2676252643458089,0.7329084588644265,0.0204687588488952,0.4853251486667945,0.0,,0.0645153984545708,0.0313498047530933,-6.471376798636196,-40143000.0,-231724000.0,-391916000.0,276367000.0,307750000.0,149665000.0,69077500.0,114.75231183709133,127.96647307286166,51.35163674762407,0.7842979244528766,0.7033092171631214,1.7526218383713756,-1.9523272503588271,0.0603221153273011,2002-01-22,0.13,bmo,171142615.0,2025-04-25,2001-12-31,0.3076923076923077,9.791875,197878.125
2001-09-30,IT,USD,749251,2001-12-28,2001-12-28 00:00:00,2001,Q3,224105000.0,94960000.0,129145000.0,0.576270052,0,91308000.0,0.0,91308000.0,30066000.0,121374000.0,216334000.0,0.0,22286000.0,14587000.0,22358000.0,0.0997657348,7771000.0,0.03467571,-22286000.0,-14515000.0,-0.0647687468,-8199000.0,-8066000.0,-0.0359920573,-0.0962,-0.0962,83883000,83883000,https://www.sec.gov/Archives/edgar/data/749251/000095012301509621/0000950123-01-509621-index.htm,https://www.sec.gov/Archives/edgar/data/749251/000095012301509621/y56014e10-k.txt,2.671637876566169,-0.0961577435237175,0.2453417259754658,0.0854404348914559,0.4813609432185305,-0.4115017345588498,-3.060822812727251,-0.4115017345588498,4.333249883766675,713005500.0,1017077500.0,-22.09910426481527,3.1815689074317843,34.64555393586006,99.48451234826288,-20.656049017903705,-20.656049017903705,4.538397179893353,45.49054029877449,49.42067541302235,141.91119017720106,-0.0113126757086726,0.010051815869583,-9.884697838808735,0.4066736432094321,13.600143125503177,0.8508229165481864,0.3486942475096473,-2.5514505331019093,0.0,0.0,0.4074340153053256,0.0,0.2648777952853509,0.6517492711370262,0.0598514089377747,0.9195173784876944,0.0,,0.0103570188489687,-0.013077829787165,-6.810140314485652,-78693000.0,-256751000.0,-424699000.0,243828000.0,290084000.0,131259500.0,54243000.0,120.602128466567,130.55591828138165,69.48557287278855,0.7462554860708743,0.6893597868618013,1.2952328991338744,0.2336751839619908,0.1599012910840098,2001-10-30,0.13,bmo,241343846.0,2025-04-25,2001-09-30,-0.0769230769230769,9.886949152542371,223974.57627118644
2001-06-30,IT,USD,749251,2001-08-13,2001-08-13 00:00:00,2001,Q2,247566000.0,112701000.0,134865000.0,0.5447638206,0,93180000.0,0.0,93180000.0,45144000.0,138324000.0,251025000.0,0.0,17315000.0,14060000.0,10601000.0,0.0428209043,-3459000.0,-0.0139720317,-17315000.0,-20774000.0,-0.0839129767,-10555000.0,-8454000.0,-0.0341484695,-0.0979,-0.0979,86341000,86341000,https://www.sec.gov/Archives/edgar/data/749251/000095012301505448/0000950123-01-505448-index.htm,https://www.sec.gov/Archives/edgar/data/749251/000095012301505448/y52412e10-q.txt,2.867305219999768,-0.0979140848496079,0.4627118055153403,0.2749794419800558,0.4551603525555646,-0.0606200993734147,-2.725761804936241,-0.0606200993734147,3.98068125224401,949751000.0,1236841000.0,-28.085846936361484,3.836354749844486,23.77289679857826,40.002990481004126,-181.4579671379442,-181.4579671379442,4.996005105709185,116.67210640505613,30.958949713398912,52.09506360037065,-0.0089012804408734,0.0249981310890959,-62.35785250286588,0.4111425616529296,27.081407414394867,0.8862444918419714,-0.1997689864279526,-4.72569198012775,0.0,0.0,0.376384479290371,0.0,0.289871119962612,0.4057220094615904,0.0654734495043745,1.1528449502133713,0.0,,-0.0050486818647125,-0.0149965941021201,-6.164996930774487,-52534000.0,-235345000.0,-389792000.0,280978000.0,296208500.0,117696500.0,39198000.0,101.74086910157293,99.63638299571431,28.086618574813,0.8846002672745853,0.9032844960246216,3.2043729208723097,1.61520825372564,0.1877323635352845,2001-07-19,0.11,bmo,171943750.0,2025-04-25,2001-06-30,0.4545454545454546,8.399841269841271,180571.42857142855
2001-03-31,IT,USD,749251,2001-05-15,2001-05-15 00:00:00,2001,Q1,224756000.0,114175000.0,110581000.0,0.4920046628,0,94833000.0,0.0,94833000.0,8752000.0,103585000.0,217760000.0,0.0,9190000.0,5560000.0,16000000.0,0.0711883109,6996000.0,0.0311270889,-4403000.0,-2194000.0,-0.0097616971,-812000.0,-53580000.0,-0.2383918561,-0.62,-0.62,86551000,86551000,https://www.sec.gov/Archives/edgar/data/749251/000095012301502602/0000950123-01-502602-index.htm,https://www.sec.gov/Archives/edgar/data/749251/000095012301502602/y49307e10-q.txt,2.5968041963697703,-0.6190569721898072,0.2894940555279546,0.2273457267969174,0.4098855010340724,0.1451283058543517,-2.581252671835103,0.1451283058543517,3.995066492588185,583353740.0,888500740.0,-2.7218819522209783,2.5954979622346013,23.28199792464879,29.646477613457336,46.44166388026432,46.44166388026432,3.9531791809784833,55.53129625,35.46059786079183,45.15427859937999,-0.0918482154584283,0.0337308199995426,26.79619457049598,0.4025717265564076,19.0716875,0.9002172335933616,0.7612622415669206,-0.4676371780515118,0.0,0.0,0.4219375678513588,0.0,0.2822309028193069,0.2146791187739463,0.0239326202637526,0.9674460431654676,0.0,,0.0120609412954932,-0.0892819947977158,-6.146968261487447,-48965000.0,-223410000.0,-381780000.0,286866000.0,326475500.0,133774000.0,21612500.0,125.15772660129208,87.20166411210862,34.072695423691705,0.7190926396954136,1.032090395480226,2.641411220358589,-4.265583950322426,0.0621483287310371,2001-04-17,-0.26531,bmo,681900000.0,2025-04-25,2001-03-31,1.3333458972522712,7.702550403225807,263250.0
2000-12-31,IT,USD,749251,2001-02-14,2001-02-14 00:00:00,2000,Q4,260095000.0,135075000.0,125020000.0,0.4806705242,0,93339000.0,0.0,93339000.0,19033000.0,112372000.0,247447000.0,0.0,1515000.0,19033000.0,40982000.0,0.1575655049,12648000.0,0.0486283858,15443000.0,11133000.0,0.042803591,7236000.0,3897000.0,0.014982987,0.05,0.04,86048000,86816000,https://www.sec.gov/Archives/edgar/data/749251/000095012301001450/0000950123-01-001450-index.htm,https://www.sec.gov/Archives/edgar/data/749251/000095012301001450/y45550e10-q.txt,3.0226733915953887,0.0452886760877649,-0.5383274451468948,-0.8003323726292302,0.4573726292301971,0.8086765526217925,-2.8116748791372257,0.8086765526217925,3.991074748977315,594269000.0,911858000.0,38.123492430074414,2.2848151636901903,-12.829087690514228,-8.629227351271291,8.540188258963857,8.540188258963857,3.505865164651377,22.2502074081304,-19.685203574975173,-13.24085556217056,0.0065576363565994,-0.1158852304259518,4.913544585758425,0.3593054941082386,7.749475379434874,0.8616583885466275,8.348514851485149,-11.88657942006672,0.0,0.0,0.3588650300851612,0.0,0.3273744907170473,-0.486701783169984,0.0866798669716834,1.1845216203436135,0.0,0.907765132155792,0.009975465812409,0.0060885012162941,-6.825783283748605,-74395000.0,-241939000.0,-418630000.0,334509000.0,332122500.0,174194000.0,0.0,117.78634729618024,104.55724597445864,0.0,0.7640953477714192,0.8607724807708239,0.0,0.0560034490191851,0.2620049274823354,2001-01-17,0.01,bmo,85933333.0,2025-04-25,2000-12-31,2.0,9.320436507936508,263066.6666666667
2000-09-30,IT,USD,749251,2000-12-29,2000-12-29 00:00:00,2000,Q3,219870000.0,99282000.0,120588000.0,0.5484513576,0,91851000.0,0.0,91851000.0,28304000.0,120155000.0,219437000.0,0.0,0.0,28304000.0,28737000.0,0.1306999591,433000.0,0.0019693455,6503000.0,6936000.0,0.0315459135,1293000.0,3914000.0,0.0178014281,0.0656,0.0656,84389000,86048000,https://www.sec.gov/Archives/edgar/data/749251/000095012300011900/0000950123-00-011900-index.htm,https://www.sec.gov/Archives/edgar/data/749251/000095012300011900/y43399e10-k.txt,2.6054343575584498,0.046380452428634,0.2257521714915451,-0.0179999763002287,1.150647596250696,0.8866084442285131,-2.848439962554361,0.8866084442285131,3.640924765076017,981022125.0,1226578125.0,62.66109638477261,4.461828012007096,51.49452128497192,-645.8341836734694,13.111763231756216,13.111763231756216,5.578651589575658,42.68288704457668,64.38392341609364,-807.4905365371956,0.003989716337947,-0.0015483850580841,4.106575781876503,0.306345685043845,8.544942060757908,0.8732061041408795,0.0,3.376041112883218,0.0,0.0,0.4177513985536908,0.0,0.3142652036711151,1.0797333473308488,0.0935552826670305,0.7267524024872809,0.0,0.9618883861099636,0.0008475906448166,0.0056908725035186,-6.969584306011447,-74471000.0,-240377000.0,-415277000.0,331985000.0,300709000.0,178151000.0,0.0,132.56201391731477,173.5646945065571,0.0,0.6789275248649834,0.5185386363042854,0.0,0.0523122159850307,0.2437521477917738,2000-10-31,0.05,bmo,263844000.0,2025-04-25,2000-09-30,-0.2,13.319444444444445,201336.50793650796
2000-06-30,IT,USD,749251,2000-08-14,2000-08-14 00:00:00,2000,Q2,222511000.0,111879000.0,110632000.0,0.4971978913,0,86515000.0,0.0,86515000.0,17731000.0,104246000.0,216125000.0,0.0,973000.0,17731000.0,30677000.0,0.1378673414,6386000.0,0.0286997047,13396000.0,5413000.0,0.0243268872,3031000.0,2382000.0,0.0107050887,0.03,0.03,86291000,88757000,https://www.sec.gov/Archives/edgar/data/749251/000095012300007617/0000950123-00-007617-index.htm,https://www.sec.gov/Archives/edgar/data/749251/000095012300007617/e10-q.txt,2.578611906224288,0.0276042692748954,0.2637007335643346,1.3627840678633925,1.3194075859591383,0.9750611303612196,-2.697511907383157,0.9750611303612196,3.9246155450742255,1035492000.0,1319874000.0,108.67884130982368,4.653666560304884,45.50613052076466,8.805503588557434,12.306920690761716,12.306920690761716,5.931724723721524,43.02487205398181,58.00369149637442,11.223800129256096,0.0023003557729079,0.113565338988616,4.013430157239806,0.3576704804231638,9.270202431789288,0.886357897872696,6.563206577595067,9.552896725440808,0.0,0.0,0.3888122384960743,0.0,0.3356649430266722,4.167919138650846,0.4262306133179933,5.348880491794033,0.0,0.7782073149517663,0.0065563669445807,0.0037977347516644,-6.234221993023606,-62561000.0,-232771000.0,-372039000.0,334068000.0,286641000.0,151231500.0,0.0,112.26955071884086,132.60156061459256,0.0,0.8016421142130425,0.6787250435278487,0.0,0.028310296057714,1.0990833342990578,2000-07-12,0.07,bmo,177015445.0,2025-04-25,2000-06-30,0.857142857142857,13.212301587301589,324700.0
2000-03-31,IT,USD,749251,2000-05-12,2000-05-12 00:00:00,2000,Q1,193393000.0,80634000.0,112759000.0,0.5830562637,0,80147000.0,0.0,80147000.0,10741000.0,90888000.0,171522000.0,0.0,4098000.0,10741000.0,32612000.0,0.1686307157,21871000.0,0.1130909599,-4098000.0,17773000.0,0.0919009478,14985000.0,2788000.0,0.0144162405,0.03,0.03,87040000,90512000,https://www.sec.gov/Archives/edgar/data/749251/000095012300004971/0000950123-00-004971-index.html,https://www.sec.gov/Archives/edgar/data/749251/000095012300004971/,2.221886488970588,0.03203125,0.3177734375,-0.6986098345588235,0.7983226102941177,0.8612821691176471,-2.8851792279411765,0.8612821691176471,4.183111213235295,1370880000.0,1661394000.0,122.92682926829268,7.088570941037163,49.56361401352182,-22.54477280576249,18.28668996611797,18.28668996611797,8.590765953266148,50.94425364896357,60.067030622943705,-27.322413537915043,0.0020337301587301,-0.0443561799719888,4.8021769869007285,0.3836194495060899,8.90819330307862,0.8433085766690681,5.336993655441679,10.05781818181818,0.0,0.0,0.4144255479774345,0.0,0.3474867598009441,3.19845258324596,0.4574415826839648,8.236290848151942,0.0,0.787863408713634,0.0077953653122804,0.0045530409675701,-6.573911420036764,-78082000.0,-251126000.0,-443229000.0,321968000.0,282456500.0,131613000.0,0.0,137.6170285377444,153.61187588362228,0.0,0.6539888337678763,0.5858922006016305,0.0,0.0371901928874423,1.0163832720588235,2000-04-11,0.13,bmo,193300000.0,2025-04-25,2000-03-31,0.0,15.436507936507937,428736.50793650793
1999-12-31,IT,USD,749251,2000-02-08,2000-02-08 00:00:00,1999,Q4,222900000.0,97400000.0,125500000.0,0.5630327501,0,79500000.0,0.0,79500000.0,8900000.0,88400000.0,185800000.0,0.0,11100000.0,8900000.0,46000000.0,0.2063705698,37100000.0,0.1664423508,-11100000.0,26000000.0,0.1166442351,9500000.0,16500000.0,0.0740242261,0.19,0.18,88537000,90672000,https://www.sec.gov/Archives/edgar/data/749251/000095012300000876/0000950123-00-000876-index.html,https://www.sec.gov/Archives/edgar/data/749251/000095012300000876/,2.517591515411636,0.1863627635903633,0.06889774896371,-0.40209178083739,0.7951477913188836,0.714955329410303,-2.096298722567966,0.714955329410303,3.626732326597919,1350189250.0,1589789250.0,20.45741287878788,6.057376626289816,221.3425,-37.92666432584269,21.33000394944708,21.33000394944708,7.132298115746972,34.56063586956522,260.62118852459014,-44.65700140449438,0.0122205090878926,-0.0263666741532714,4.897314375987362,0.3833312724125139,5.208695652173913,0.9037656903765692,3.3423423423423424,0.3696969696969697,0.0,0.0,0.3566621803499327,0.0,0.3077779151724991,6.836065573770492,0.1870794078061911,4.685393258426966,0.0,1.7314513126948328,0.0622040443044406,0.0294748124330117,-5.343528694218237,-41400000.0,-185600000.0,-356600000.0,273800000.0,275600000.0,110750000.0,0.0,108.69448183041725,116.05749486652977,0.0,0.8280089153046062,0.7754777070063694,0.0,0.2606635071090047,0.4709895298011001,2000-01-11,0.21,bmo,212285714.0,2025-04-25,1999-12-31,0.0476190476190476,13.1865234375,678285.9375
1999-09-30,IT,USD,749251,1999-12-22,1999-12-22 00:00:00,1999,Q3,186800000.0,74900000.0,111900000.0,0.5990364026,0,71900000.0,0.0,71900000.0,8300000.0,80200000.0,155100000.0,0.0,23500000.0,8300000.0,40000000.0,0.2141327623,31700000.0,0.1697002141,-23500000.0,8200000.0,0.0438972163,5200000.0,3000000.0,0.0160599572,0.0339,0.0339,88537000,88537000,https://www.sec.gov/Archives/edgar/data/749251/000095014699001839/0000950146-99-001839-index.html,https://www.sec.gov/Archives/edgar/data/749251/000095014699001839/,2.1098523781018104,0.0338841388346115,0.6742943628087692,0.3704665845917526,1.004099980798988,0.8414561143928527,-1.6783943436077573,0.8414561143928527,3.089103990422084,1416592000.0,1577692000.0,118.04933333333332,7.583468950749465,23.72850921273032,43.18878048780488,19.014657718120805,19.014657718120805,8.445888650963598,39.4423,26.427001675041875,48.10036585365854,0.0021177586771632,0.0231541615369845,3.355704697986577,0.311177495643515,4.0275,0.9125844594594594,1.348936170212766,19.9,0.0746875,35.26723833333333,0.3849036402569593,0.0,0.2776947971122728,0.4505862646566164,0.1440042826552462,3.240963855421686,0.0,0.8009496585770569,0.0351654365543048,0.0051697397897639,-4.839784496877012,-41400000.0,-148600000.0,-296700000.0,245300000.0,260100000.0,84950000.0,0.0,135.86723768736616,115.23364485981308,0.0,0.6624113475177305,0.781021897810219,0.0,0.0402684563758389,0.3038277782170166,1999-10-29,0.24,bmo,217933333.0,2025-04-25,1999-09-30,-0.1666666666666666,20.5751953125,356314.0625
1999-06-30,IT,USD,749251,1999-08-12,1999-08-12 00:00:00,1999,Q2,185700000.0,74400000.0,111300000.0,0.5993537964,0,63500000.0,0.0,63500000.0,8100000.0,71600000.0,146000000.0,0.0,0.0,8100000.0,47758000.0,0.2571782445,39700000.0,0.2137856758,1000000.0,40700000.0,0.2191707054,14300000.0,26400000.0,0.1421647819,0.25,0.25,104229000,106838000,https://www.sec.gov/Archives/edgar/data/749251/000095012399007553/0000950123-99-007553-index.html,https://www.sec.gov/Archives/edgar/data/749251/000095012399007553/,1.7816538583311747,0.2532884322021702,0.2782335050705657,0.0594844045323278,2.6931084439071657,5.118537067418856,3.121012386188105,5.118537067418856,0.0,2136694500.0,1925494500.0,20.233849431818182,11.506163166397416,73.67912068965518,344.6281451612903,4.005050609184631,4.005050609184631,10.368844911147011,40.317737342434775,66.39636206896552,310.56362903225806,0.0123555332781546,0.0029016782698696,0.0,0.0,-4.422295741027681,1.4981162540365984,0.0,1.0984848484848484,0.0,0.0,0.341949380721594,0.0,0.2299028268551236,0.7862068965517242,0.122778675282714,2.814814814814815,0.0,5.4009712230248335,0.0482235044032796,0.0378548895899053,0.8370990799105815,185100000.0,325300000.0,184600000.0,452000000.0,243250000.0,79900000.0,0.0,115.4442649434572,89.51612903225806,0.0,0.7795969773299748,1.0054054054054054,0.0,0.0494845360824742,0.2187491005382379,1999-07-15,0.27,bmo,192577777.0,2025-04-25,1999-06-30,-0.037037037037037,21.540674603174605,283969.84126984124
1999-03-31,IT,USD,749251,1999-05-17,1999-05-17 00:00:00,1999,Q1,171300000.0,60400000.0,110900000.0,0.6474022183,0,59100000.0,0.0,59100000.0,7800000.0,66900000.0,127300000.0,0.0,1800000.0,7800000.0,51800000.0,0.3023934618,44000000.0,0.2568593112,-1800000.0,42200000.0,0.2463514302,13400000.0,28800000.0,0.1681260946,0.28,0.27,102857143,106666667,https://www.sec.gov/Archives/edgar/data/749251/000095012399004834/0000950123-99-004834-index.html,https://www.sec.gov/Archives/edgar/data/749251/,1.665416664353588,0.2799999996111111,0.3305555550964506,0.1895833330700231,1.799583330833912,4.851388882150848,2.9098611070696374,4.851388882150848,0.0174999999756944,2320714288.9375,2135614288.9375,20.14508931369358,13.547660764375363,68.25630261580882,119.01098917628204,4.650730037950902,4.650730037950902,12.467100344060128,41.22807507601351,62.81218496875,109.51868148397436,0.0124099722819329,0.0084025853992254,0.0,0.0,-3.573359073359073,1.3861286254728875,24.444444444444443,1.1805555555555556,0.0,0.0,0.3450087565674256,0.0,0.2227800089245872,0.4264705882352941,0.0846468184471687,1.858974358974359,0.0,5.528449141947558,0.0600688858150777,0.0413377350366011,-0.2535069440923514,153100000.0,299300000.0,152200000.0,408900000.0,246150000.0,97050000.0,0.0,130.4553415061296,127.8476821192053,0.0,0.6898912605718889,0.703962703962704,0.0,0.0577154308617234,0.1409722220264274,1999-04-15,0.27,bmo,171300000.0,2025-04-25,1999-03-31,0.0,22.76844262295082,260644.262295082
1998-12-31,IT,USD,749251,1999-02-12,1999-02-12 00:00:00,1998,Q4,190400000.0,79400000.0,111000000.0,0.5829831933,0,57900000.0,0.0,57900000.0,7400000.0,65300000.0,144700000.0,0.0,0.0,7400000.0,53100000.0,0.2788865546,45700000.0,0.2400210084,2500000.0,48200000.0,0.2531512605,18100000.0,30100000.0,0.1580882353,0.3,0.29,100333333,103793103,https://www.sec.gov/Archives/edgar/data/749251/000095012399001078/0000950123-99-001078-index.html,https://www.sec.gov/Archives/edgar/data/749251/,1.8976744249092177,0.3000000009966777,0.0607973423946755,-0.1913621268816017,1.426245851914438,4.512956825624442,2.7159468528769,4.512956825624442,0.0,2132083326.25,1988983326.25,17.708333274501662,11.197916629464286,349.5218567622951,-111.04600657552083,4.708664589774735,4.708664589774735,10.446340999212184,37.45731311205273,326.06284036885245,-103.59288157552083,0.014117647105726,-0.0090052765591342,0.0,0.0,-2.694915254237288,1.324450194049159,0.0,0.2026578073089701,0.0,0.0,0.3040966386554621,0.0,0.2145917638657462,4.147540983606557,0.1328781512605042,3.418918918918919,0.0,5.51928063013371,0.0629023510700858,0.045612971662373,-0.6109634571792806,125400000.0,272500000.0,124500000.0,359500000.0,241600000.0,102250000.0,0.0,115.33613445378153,122.75818639798489,0.0,0.780327868852459,0.7331486611265005,0.0,0.0664752650176678,0.2521594692762773,1999-01-19,0.29,bmo,190400000.0,2025-04-25,1998-12-31,0.0,20.55859375,707064.0625
1998-09-30,IT,USD,749251,1998-12-24,1998-12-24 00:00:00,1998,Q3,168800000.0,66500000.0,102300000.0,0.606042654,0,60800000.0,0.0,60800000.0,7400000.0,68200000.0,134700000.0,0.0,0.0,7400000.0,41500000.0,0.2458530806,34100000.0,0.202014218,2500000.0,36600000.0,0.2168246445,17000000.0,19600000.0,0.1161137441,0.2,0.2,100333333,100333333,https://www.sec.gov/Archives/edgar/data/749251/000095014698002141/0000950146-98-002141-index.html,https://www.sec.gov/Archives/edgar/data/749251/,1.6823920321674153,0.1953488378583018,0.3538205991821282,0.0707641198364256,1.571760802563989,4.135215960582113,2.5823920351574485,4.135215960582113,0.0,2094458326.375,1936758326.375,26.71502967315051,12.407928473785544,58.99882609507043,294.9941304753521,5.048103944022656,5.048103944022656,11.473686767624407,46.66887533433735,54.55657257394366,272.7828628697183,0.0093580281608767,0.0033898979562359,0.0,0.0,-3.8,1.2321600771456125,0.0,1.8112244897959184,0.0,0.0,0.3601895734597156,0.0,0.1870572697802857,0.8,0.1682464454976303,3.8378378378378377,0.0,4.263298807770619,0.0436766376125145,0.0289469797666519,-0.8063122950375824,96300000.0,259100000.0,93100000.0,302900000.0,226450000.0,91500000.0,0.0,127.53554502369668,130.1954887218045,0.0,0.705685618729097,0.6912681912681913,0.0,0.0472402988671969,0.2830564793457026,1998-11-12,0.24,bmo,176034782.0,2025-04-25,1998-09-30,-0.0416666666666665,28.7109375,798429.6875
1998-06-30,IT,USD,749251,1998-08-14,1998-08-14 00:00:00,1998,Q2,161000000.0,62900000.0,98100000.0,0.6093167702,0,55600000.0,0.0,55600000.0,7100000.0,62700000.0,125600000.0,0.0,0.0,7100000.0,42500000.0,0.2639751553,35400000.0,0.2198757764,2300000.0,37700000.0,0.2341614907,14700000.0,23000000.0,0.1428571429,0.23,0.22,100000000,104545455,https://www.sec.gov/Archives/edgar/data/749251/000095012398007661/0000950123-98-007661-index.html,https://www.sec.gov/Archives/edgar/data/749251/,1.61,0.23,0.5,0.364,1.402,4.15,2.634,4.15,0.0,3500000000.0,3359800000.0,38.04347826086956,21.73913043478261,70.0,96.15384615384616,8.433734939759036,8.433734939759036,20.86832298136646,79.05411764705882,67.196,92.3021978021978,0.0065714285714285,0.0104,0.0,0.0,-3.2988235294117647,1.2798203760875666,0.0,2.1739130434782608,0.0,0.0,0.3453416149068323,0.0,0.1960429328850381,0.272,0.084472049689441,1.9154929577464788,0.0,4.634247511732622,0.0517909280003053,0.0369953353707576,-0.57825,99700000.0,263400000.0,97700000.0,301800000.0,228650000.0,84650000.0,0.0,119.45962732919254,124.19713831478538,0.0,0.7533926064576509,0.7246543778801844,0.0,0.0554216867469879,0.136,1998-07-16,0.22,bmo,161000000.0,2025-04-25,1998-06-30,0.0,33.04613095238095,778279.3650793651
1998-03-31,IT,USD,749251,1998-05-08,1998-05-08 00:00:00,1998,Q1,149600000.0,52200000.0,97400000.0,0.6510695187,0,50500000.0,0.0,50500000.0,6700000.0,57200000.0,109400000.0,0.0,0.0,6700000.0,46900000.0,0.3135026738,40200000.0,0.2687165775,-6700000.0,33500000.0,0.2239304813,13400000.0,20100000.0,0.1343582888,0.2,0.19,100500000,105789474,https://www.sec.gov/Archives/edgar/data/749251/000095012398004739/0000950123-98-004739-index.html,https://www.sec.gov/Archives/edgar/data/749251/,1.4885572139303482,0.2,0.2248756218905472,-0.0069651741293532,1.3800995024875622,3.764179104477612,2.3771144278606964,3.764179104477612,0.1114427860696517,3756187500.0,3628687500.0,46.71875,25.108205213903744,166.20298672566372,-5365.982142857143,9.929123711340209,9.929123711340209,24.255932486631018,77.37073560767591,160.5613938053097,-5183.839285714285,0.0053511705685618,-0.0001863591740295,0.0296061326989162,0.0149055097151982,-2.718550106609808,1.2816216216216216,0.0,1.1243781094527363,0.0,0.0,0.3375668449197861,0.0,0.1855203619909502,1.0309734513274336,0.1557486631016043,3.4776119402985075,0.0,4.115678069303922,0.0614365766683647,0.0328431372549019,-0.5144278606965174,104200000.0,238900000.0,101100000.0,292500000.0,229850000.0,80750000.0,0.0,146.55080213903744,142.24137931034485,0.0,0.6141215106732348,0.6327272727272727,0.0,0.0531324345757335,0.2318407960199004,1998-04-16,0.23,bmo,149600000.0,2025-04-25,1998-03-31,0.0,37.57069672131148,651562.2950819673
1997-12-31,IT,USD,749251,1998-02-10,1998-02-10 00:00:00,1997,Q4,162700000.0,66400000.0,96300000.0,0.5918869084,0,49000000.0,0.0,49000000.0,6100000.0,55100000.0,121500000.0,0.0,0.0,6100000.0,47300000.0,0.2907191149,41200000.0,0.2532267978,2100000.0,43300000.0,0.2661339889,17700000.0,25600000.0,0.1573448064,0.26,0.25,98461538,102400000,https://www.sec.gov/Archives/edgar/data/749251/000095012398001165/0000950123-98-001165-index.html,https://www.sec.gov/Archives/edgar/data/749251/,1.6524218827457275,0.26000000121875,-0.1046093754903564,-0.1492968756998291,1.4960156320125733,3.3982812659294432,2.013984384440552,3.3982812659294432,0.0,3667692290.5,3520392290.5,35.81730752441406,22.54266927166564,-356.08663014563103,-249.5028769047619,10.961423462343095,10.961423462343095,21.63732200676091,74.4268983192389,-341.7856592718447,-239.4824687414966,0.0069798658045302,-0.004007969817445,0.0,0.0,-3.1141649048625792,1.2996154983732624,0.0,-0.40234375,0.0,0.0,0.3011677934849416,0.0,0.2014484185634052,-0.4271844660194174,0.0270436385986478,0.7213114754098361,0.0,4.458693250143419,0.071959910077403,0.0473810845826392,-0.3313476578031921,101300000.0,198300000.0,97400000.0,282500000.0,210950000.0,82200000.0,0.0,119.53902888752305,107.07831325301206,0.0,0.7528921795465062,0.8405063291139241,0.0,0.0765092647937836,0.0446875002094726,1998-01-20,0.25,bmo,162700000.0,2025-04-25,1997-12-31,0.0,31.14501953125,613754.6875
1997-09-30,IT,USD,749251,1997-12-12,1997-12-12 00:00:00,1997,Q3,140400000.0,58500000.0,81900000.0,0.5833333333,0,49800000.0,0.0,49800000.0,5400000.0,55200000.0,113700000.0,0.0,0.0,5400000.0,32100000.0,0.2286324786,26700000.0,0.1901709402,1900000.0,28600000.0,0.2037037037,11200000.0,17400000.0,0.1239316239,0.18,0.18,98461538,98461538,https://www.sec.gov/Archives/edgar/data/749251/000095012397010331/0000950123-97-010331-index.html,https://www.sec.gov/Archives/edgar/data/749251/,1.425937506684082,0.1767187508283691,0.2467968761568603,0.1736718758140869,1.446250006779297,2.741171887849243,1.398515631555542,2.741171887849243,0.0,2953846140.0,2811446140.0,42.44031810344828,21.03879017094017,121.55745432098766,172.7395403508772,10.94422430529826,10.94422430529826,20.02454515669516,87.58399190031153,115.6973720164609,164.41205497076024,0.0058906250276123,0.0057890625271362,0.0,0.0,-4.43613707165109,1.1434712520150456,0.0,1.396551724137931,0.0,0.0,0.3547008547008547,0.0,0.2048659538199287,0.2962962962962963,0.0512820512820512,1.3333333333333333,0.0,3.301419485024224,0.0594802487881945,0.0339115182225687,-0.7987890662443238,53400000.0,137700000.0,50200000.0,229700000.0,184200000.0,76100000.0,0.0,131.92307692307693,131.3846153846154,0.0,0.6822157434402333,0.6850117096018735,0.0,0.0644683216005928,0.0731250003427734,1997-11-12,0.16,bmo,132141176.0,2025-04-25,1997-09-30,0.0625,30.0693359375,816010.9375
1997-06-30,IT,USD,749251,1997-08-14,1997-08-14 00:00:00,1997,Q2,126300000.0,48500000.0,77800000.0,0.6159936659,0,44500000.0,0.0,44500000.0,4600000.0,49100000.0,97600000.0,0.0,0.0,4500000.0,33300000.0,0.2636579572,28700000.0,0.2272367379,2300000.0,31000000.0,0.2454473476,12500000.0,18500000.0,0.1464766429,0.18,0.18,102777778,102777778,https://www.sec.gov/Archives/edgar/data/749251/000095012397006931/0000950123-97-006931-index.html,https://www.sec.gov/Archives/edgar/data/749251/,1.2288648622078595,0.1799999996108108,0.2111351346786267,0.1547027023682103,1.5742702668664426,2.393513508338349,1.4487567536243098,2.393513508338349,0.0,3693576396.875,3531776396.875,49.913194552364864,29.24446870051465,170.21089386520737,232.3004023191824,15.014538198678862,15.014538198678862,27.963391899247824,106.0593512575075,162.7546726670507,222.1243016902516,0.0050086956413443,0.0043047708485067,0.0,0.0,-4.858858858858859,1.2846128059001003,0.0,1.172972972972973,0.0,0.0,0.3523357086302454,0.0,0.1764171511627907,0.2672811059907834,0.0459224069675376,1.288888888888889,0.0,3.11347549979294,0.0679389899041599,0.0408118243988528,-0.2009189184844996,84900000.0,148900000.0,78800000.0,221000000.0,164900000.0,70050000.0,0.0,115.86698337292162,123.95876288659794,0.0,0.7767527675276753,0.7260479041916168,0.0,0.0752032520325203,0.0564324323104163,1997-07-17,0.17,bmo,119283333.0,2025-04-25,1997-06-30,0.0588235294117645,27.79150390625,624975.0
1997-03-31,IT,USD,749251,1997-05-12,1997-05-12 00:00:00,1997,Q1,119100000.0,45300000.0,73800000.0,0.6196473552,0,40100000.0,0.0,40100000.0,4200000.0,44300000.0,89600000.0,0.0,0.0,4200000.0,33700000.0,0.2829554996,29500000.0,0.247691016,1900000.0,31400000.0,0.2636439966,13200000.0,18200000.0,0.1528127624,0.18,0.18,101111111,101111111,https://www.sec.gov/Archives/edgar/data/749251/000095012397004159/0000950123-97-004159-index.html,https://www.sec.gov/Archives/edgar/data/749251/,1.1779120892064967,0.1800000001978021,0.3164835168313005,0.261098901385823,1.4192307707903635,2.0828571451459967,1.1472527485134645,2.0828571451459967,0.0,2186527775.375,2043027775.375,30.034722189217035,18.358755460747272,68.32899298046875,82.82302179450758,10.382373102445396,10.382373102445396,17.15388560348447,60.62396959569733,63.84461798046875,77.38741573390152,0.0083236994311122,0.0120739376363386,0.0,0.0,-4.258160237388724,1.2172236503856042,0.0,1.7582417582417582,0.0,0.0,0.3366918555835432,0.0,0.1805343511450381,0.175,0.0470193115029387,1.3333333333333333,0.0,2.904405523874231,0.0803511565538048,0.0423847228691197,-0.4401098905935273,67600000.0,116000000.0,65400000.0,198200000.0,154450000.0,74350000.0,0.0,126.34760705289672,145.6291390728477,0.0,0.7123205741626795,0.6180081855388813,0.0,0.0864197530864197,0.0553846154454776,1997-04-17,0.17,bmo,112483333.0,2025-04-25,1997-03-31,0.0588235294117645,31.69877049180328,707940.9836065574
1996-12-31,IT,USD,749251,1997-02-14,1997-02-14 00:00:00,1996,Q4,125400000.0,50500000.0,74900000.0,0.5972886762,0,39200000.0,0.0,39200000.0,4100000.0,43300000.0,93800000.0,0.0,0.0,4100000.0,35700000.0,0.2846889952,31600000.0,0.2519936204,1200000.0,32800000.0,0.2615629984,13800000.0,19000000.0,0.1515151515,0.19,0.19,100000000,100000000,https://www.sec.gov/Archives/edgar/data/749251/000095012397001195/0000950123-97-001195-index.html,https://www.sec.gov/Archives/edgar/data/749251/,1.254,0.19,0.092,0.063,1.237,1.824,0.906,1.824,0.0,3893750000.0,3770050000.0,51.23355263157895,31.050637958532697,423.23369565217394,618.0555555555555,21.347313596491222,21.347313596491222,30.06419457735247,105.60364145658264,409.7880434782609,598.4206349206349,0.0048796147672552,0.0016179775280898,0.0,0.0,-3.4649859943977592,1.191154970760234,0.0,0.4842105263157895,0.0,0.0,0.3125996810207336,0.0,0.2000435824798431,0.3152173913043478,0.0231259968102073,0.7073170731707317,0.0,2.792418306772823,0.0987850947046977,0.0517570144374829,-0.46525,52300000.0,90600000.0,49400000.0,177800000.0,142750000.0,67950000.0,0.0,101.69856459330144,134.37623762376236,0.0,0.884968242766408,0.669761273209549,0.0,0.1041666666666666,0.029,1997-01-16,0.17,bmo,110647058.0,2025-04-25,1996-12-31,0.1176470588235293,34.7880859375,427362.5
1996-09-30,IT,USD,749251,1996-12-17,1996-12-17 00:00:00,1996,Q3,110000000.0,42800000.0,67200000.0,0.6109090909,0,39300000.0,0.0,39300000.0,3900000.0,43200000.0,86000000.0,0.0,33700000.0,3900000.0,27900000.0,0.2536363636,24000000.0,0.2181818182,-33700000.0,-9700000.0,-0.0881818182,9700000.0,-19400000.0,-0.1763636364,-0.19,-0.19,100000000,100000000,https://www.sec.gov/Archives/edgar/data/749251/000095012396007400/0000950123-96-007400-index.html,https://www.sec.gov/Archives/edgar/data/749251/,1.1,-0.194,0.254,0.22,0.968,1.502,0.571,1.502,0.337,3400000000.0,3303200000.0,-43.81443298969072,30.90909090909091,133.85826771653544,154.54545454545453,22.63648468708389,22.63648468708389,30.029090909090908,118.39426523297492,130.04724409448818,150.14545454545456,-0.0057058823529411,0.0064705882352941,0.0,0.0,-3.469534050179212,1.064516129032258,0.712166172106825,-1.309278350515464,0.0,0.0,0.3572727272727273,0.0,0.2096374690385048,0.1338582677165354,0.0309090909090909,0.8717948717948718,0.0,,0.3143418467583497,-0.0552706552706552,-0.8925,18800000.0,57100000.0,16300000.0,144700000.0,121950000.0,54100000.0,0.0,117.65454545454546,127.2196261682243,0.0,0.7649513212795549,0.7074380165289256,0.0,-0.1291611185086551,0.034,1996-11-12,0.13,bmo,,2025-04-25,1996-09-30,0.0,33.052734375,460407.8125
1996-06-30,IT,USD,749251,1996-08-13,1996-08-13 00:00:00,1996,Q2,97400000.0,39000000.0,58400000.0,0.5995893224,0,34100000.0,0.0,34100000.0,3100000.0,37200000.0,76200000.0,0.0,0.0,3100000.0,24300000.0,0.249486653,21200000.0,0.2176591376,900000.0,22100000.0,0.226899384,9500000.0,12600000.0,0.1293634497,0.13,0.13,96923077,96923077,https://www.sec.gov/Archives/edgar/data/749251/000095012396004362/0000950123-96-004362-index.html,https://www.sec.gov/Archives/edgar/data/749251/,1.004920634123079,0.1299999998968254,0.111428571340136,0.0402380952061602,1.1132539673704334,1.2814285704115649,0.6015079360305493,1.2814285704115649,0.0237301587113252,3743653849.125,3638053849.125,74.27884621279762,38.43587114091376,346.6346156597222,959.9112433653846,30.14214049214976,30.14214049214976,37.351682229209445,149.71415016975308,336.85683788194444,932.8343202884616,0.003365695790209,0.0010417629826837,0.0185185185185185,0.0064281721632196,-4.345679012345679,1.0639509417433202,0.0,0.8571428571428571,0.0,0.0,0.3501026694045174,0.0,0.184181106763555,0.6388888888888888,0.0708418891170431,2.225806451612903,0.0,1.9360213236116697,0.0917062050686972,0.0431654676258992,-0.5223214281568878,14600000.0,58300000.0,9300000.0,110500000.0,98600000.0,51900000.0,0.0,92.49486652977411,110.07692307692308,0.0,0.973026973026973,0.8176100628930818,0.0,0.1014492753623188,0.0711904761339758,1996-07-18,0.11,bmo,,2025-04-25,1996-06-30,0.1818181818181818,35.49801587301587,402346.0317460318
1996-03-31,IT,USD,749251,1996-05-10,1996-05-10 00:00:00,1996,Q1,90800000.0,34100000.0,56700000.0,0.6244493392,0,0.0,0.0,34100000.0,2900000.0,37000000.0,71100000.0,0.0,0.0,2900000.0,22600000.0,0.2488986784,19700000.0,0.2169603524,800000.0,20500000.0,0.2257709251,8800000.0,11700000.0,0.1288546256,0.06,0.06,92169000,92169000,https://www.sec.gov/Archives/edgar/data/749251/000095012396002184/0000950123-96-002184-index.html,https://www.sec.gov/Archives/edgar/data/749251/,0.985146849808504,0.1269407284444878,0.2788356171814818,0.2495416029250615,0.7073961961180006,1.0719439290867865,0.3471883171131291,1.0719439290867865,0.0249541602925061,2926365750.0,2863465750.0,62.52918269230769,32.22869768722467,113.86637159533072,127.23329347826088,29.61908653846153,29.61908653846153,31.53596640969163,126.7020243362832,111.41890077821012,124.49851086956522,0.0039981331793539,0.0078595780448838,0.0232793522267206,0.0067686874632136,-2.7831858407079646,1.0136869118905047,0.0,2.1965811965811968,0.0,0.0,0.0,0.0,0.1965862271924661,0.1050583657587548,0.0297356828193832,0.9310344827586208,0.0,1.7497571895046664,0.1038173096412404,0.0428571428571428,-1.1172411548351395,3200000.0,32000000.0,-4000000.0,97700000.0,108800000.0,56500000.0,0.0,96.24449339207048,148.06451612903226,0.0,0.9351184346035016,0.6078431372549019,0.0,0.1184210526315789,0.0292940142564202,1996-04-17,0.1,bmo,,2025-04-25,1996-03-31,0.1999999999999999,27.04960317460317,578793.6507936508
1995-12-31,IT,USD,749251,1995-12-31,1995-12-31 00:00:00,1995,Q4,96500000.0,37100000.0,59400000.0,0.6155440415,0,0.0,0.0,37100000.0,3000000.0,40100000.0,77200000.0,0.0,0.0,3000000.0,22300000.0,0.2310880829,19300000.0,0.2,900000.0,20200000.0,0.2093264249,8700000.0,11500000.0,0.1191709845,0.06,0.06,89088000,89088000,,,1.0831986350574712,0.1290858477011494,0.0426544540229885,0.0134698275862068,0.5500179597701149,0.7868624281609196,0.0404094827586206,0.7868624281609196,0.0258171695402298,2076864000.0,2030164000.0,45.14921739130435,21.521906735751298,546.5431578947369,1730.72,29.62716119828816,29.62716119828816,21.037968911917098,91.03874439461885,534.2536842105263,1691.8033333333333,0.0055371945394594,0.0005777942128131,0.0328102710413694,0.007153965785381,-2.094170403587444,0.9101578308377176,0.0,0.3304347826086956,0.0,0.0,0.0,0.0,0.2068429237947122,0.6842105263157895,0.0269430051813471,0.8666666666666667,0.0,1.511750005845902,0.1432545470974738,0.0450980392156862,-1.257464529454023,-22200000.0,3600000.0,-26500000.0,68700000.0,109850000.0,48800000.0,0.0,112.38341968911917,138.03234501347708,0.0,0.8008298755186722,0.6520210896309314,0.0,0.1640513552068473,0.0291846264367816,1996-01-17,0.11,bmo,,2025-04-25,1995-12-31,0.1818181818181818,19.91121031746032,439288.8888888889
1995-09-30,IT,USD,749251,1995-09-30,1995-09-30 00:00:00,1995,Q3,64000000.0,22500000.0,41500000.0,0.6484375,0,0.0,0.0,29400000.0,2300000.0,31700000.0,54200000.0,0.0,0.0,2300000.0,12100000.0,0.1890625,9800000.0,0.153125,1000000.0,10800000.0,0.16875,4600000.0,6200000.0,0.096875,0.0671,0.0671,92372000,92372000,,,0.6928506473823236,0.0671199064651626,0.2295067769453947,0.145065604295674,0.6744468020612306,0.925605161737323,0.2944615251374875,0.925605161737323,0.072532802147837,1512591500.0,1456991500.0,60.99159274193548,23.6342421875,71.34865566037736,112.87996268656715,17.69112865497076,17.69112865497076,22.7654921875,120.41252066115702,68.7260141509434,108.73070895522388,0.0040989255856587,0.0088589682012625,0.0783625730994152,0.0222887558216899,-4.595041322314049,1.028328611898017,0.0,3.419354838709677,0.0,0.0,0.0,0.0,0.1939454424484364,0.3679245283018867,0.121875,3.391304347826087,0.0,1.1823057841727405,0.0589102191196432,0.025588113908378,-0.8487420430433464,6000000.0,27200000.0,2700000.0,84100000.0,82200000.0,35750000.0,0.0,139.5,162.8,0.0,0.6451612903225806,0.5528255528255528,0.0,0.0725146198830409,0.0844411726497206,1995-11-08,0.06,bmo,,2025-04-25,1995-09-30,0.1666666666666668,15.134920634920634,368806.3492063492
1995-06-30,IT,USD,749251,1995-06-30,1995-06-30 00:00:00,1995,Q2,58800000.0,20100000.0,38700000.0,0.6581632653,0,0.0,0.0,26500000.0,1900000.0,28400000.0,48500000.0,0.0,0.0,2000000.0,12300000.0,0.2091836735,10300000.0,0.175170068,600000.0,10900000.0,0.1853741497,4700000.0,6200000.0,0.1054421769,0.035,0.035,92372000,92372000,,,0.6365565322825099,0.0671199064651626,0.0801108561035811,0.0303122158229766,0.7025938596111376,0.8216775646299744,0.2468280431299528,0.8216775646299744,0.0844411726497206,1339394000.0,1282294000.0,54.007822580645154,22.778809523809525,180.9991891891892,478.355,17.646824769433465,17.646824769433465,21.807721088435372,104.25154471544715,173.28297297297297,457.9621428571429,0.0046289590665629,0.0020904976429639,0.1027667984189723,0.0329670329670329,-4.642276422764228,1.0625398851308232,0.0,1.1935483870967742,0.0,0.0,0.0,0.0,0.224429416737109,0.6216216216216216,0.0782312925170068,2.3,0.0,1.1139549940890547,0.0686032271233053,0.0337874659400544,-0.507729615034859,9800000.0,22800000.0,5800000.0,76400000.0,70800000.0,18050000.0,0.0,99.79591836734691,137.91044776119404,0.0,0.901840490797546,0.6525974025974026,0.0,0.0816864295125164,0.0497986402806045,1995-07-18,0.06,bmo,,2025-04-25,1995-06-30,0.1666666666666668,11.836309523809524,729384.126984127
1995-03-31,IT,USD,749251,1995-03-31,1995-03-31 00:00:00,1995,Q1,50700000.0,17300000.0,33400000.0,0.6587771203,0,0.0,0.0,20800000.0,2000000.0,22800000.0,40100000.0,0.0,0.0,1900000.0,12600000.0,0.2485207101,10600000.0,0.2090729783,500000.0,11100000.0,0.2189349112,5000000.0,6100000.0,0.1203155819,0.0175,0.0175,84468000,84468000,,,0.600227305014917,0.0722166974475541,0.2888667897902164,0.2687408249277833,0.7197992139034901,0.7304541364777194,0.0970781834540891,0.7304541364777194,0.5007813609887768,908031000.0,889531000.0,37.21438524590164,17.909881656804735,37.21438524590164,40.00136563876652,14.716871961102106,14.716871961102106,17.54499013806706,70.5976984126984,36.45618852459016,39.18638766519824,0.0067178323207027,0.02499914650491,0.6855753646677472,0.1822490305902628,-1.468253968253968,1.0103785103785103,0.0,4.066666666666666,0.0,0.0,0.0,0.0,0.2305040930633347,0.0696721311475409,0.0335305719921104,0.8947368421052632,0.0,1.0894481038121235,0.0537878598820426,0.0341545352743561,-0.6191693895913245,1700000.0,8200000.0,-4900000.0,64900000.0,81300000.0,23400000.0,0.0,135.6213017751479,27.57225433526012,0.0,0.6636125654450262,3.2641509433962264,0.0,0.0988654781199351,0.0201259648624331,1995-04-19,0.06,bmo,,2025-04-25,1995-03-31,0.1666666666666668,10.314732142857142,650406.3492063492
1994-12-31,IT,USD,749251,1994-12-31,1994-12-31 00:00:00,1994,Q4,55700000.0,19200000.0,36500000.0,0.6552962298,0,0.0,0.0,22000000.0,1900000.0,23900000.0,43100000.0,0.0,0.0,1900000.0,14500000.0,0.2603231598,12600000.0,0.2262118492,300000.0,12900000.0,0.2315978456,5800000.0,7100000.0,0.1274685817,0.02,0.02,83580000,83580000,,,0.6664273749700885,0.0849485522852357,0.0263220866235941,0.0215362526920315,0.5731036133046183,0.661641541038526,0.0119645848289064,0.661641541038526,0.0897343862167982,814905000.0,774505000.0,28.69383802816901,14.630251346499104,370.41136363636366,452.725,14.736075949367088,14.736075949367088,13.904937163375225,53.41413793103448,352.0477272727273,430.2805555555556,0.0087126720292549,0.0022088464299519,0.1356238698010849,0.0339366515837104,-2.786206896551724,0.9555555555555556,0.0,0.3098591549295774,0.0,0.0,0.0,0.0,0.2457013574660633,0.1818181818181818,0.0071813285457809,0.2105263157894736,0.0,1.1245548223485553,0.1075175770686857,0.0425914817036592,-0.6359176836563771,-7200000.0,1000000.0,-10900000.0,55700000.0,89600000.0,35600000.0,0.0,139.2818671454219,194.53125,0.0,0.6461716937354989,0.4626506024096385,0.0,0.1283905967450271,0.0047858339315625,1995-01-18,0.06,bmo,,2025-04-25,1994-12-31,0.3333333333333334,8.265873015873016,349104.7619047619
1994-09-30,IT,USD,749251,1994-09-30,1994-09-30 00:00:00,1994,Q3,46000000.0,14700000.0,31300000.0,0.6804347826,0,0.0,0.0,23300000.0,2000000.0,25300000.0,40000000.0,0.0,0.0,2000000.0,8000000.0,0.1739130435,6000000.0,0.1304347826,200000.0,6200000.0,0.1347826087,2800000.0,3400000.0,0.0739130435,0.0417,0.0417,81448000,81448000,,,0.5647775267655437,0.0417444258913662,0.1411943816913859,0.1227777232099008,0.5721441901581377,0.6016108437285139,-0.0736666339259404,0.6016108437285139,0.1510165995481779,580317000.0,546017000.0,42.670367647058825,12.61558695652174,50.46234782608696,58.0317,11.843204081632653,11.843204081632653,11.869934782608697,68.252125,47.47973913043478,54.6017,0.0058588667917707,0.0172319611522667,0.2510204081632653,0.0528804815133276,-4.2875,0.9603035610040864,0.0,3.3823529411764706,0.0,0.0,0.0,0.0,0.236457437661221,0.1304347826086956,0.0326086956521739,0.75,0.0,0.7517065476853411,0.0489631336405529,0.0191441441441441,-0.8256801885865829,-6800000.0,-6000000.0,-19100000.0,57800000.0,74850000.0,16100000.0,0.0,181.95652173913044,181.83673469387756,0.0,0.4946236559139785,0.494949494949495,0.0,0.0693877551020408,0.0184166584814851,1994-11-14,0.03733,bmo,,2025-04-25,1994-09-30,0.0715242432360031,6.183715828125,388037.5
1994-06-30,IT,USD,749251,1994-06-30,1994-06-30 00:00:00,1994,Q2,44500000.0,14700000.0,29800000.0,0.6696629213,0,0.0,0.0,21300000.0,1900000.0,23200000.0,37900000.0,0.0,0.0,1800000.0,8300000.0,0.1865168539,6600000.0,0.1483146067,0.0,6600000.0,0.1483146067,3000000.0,3600000.0,0.0808988764,0.005,0.005,81448000,81448000,,,0.5463608682840585,0.0441999803555642,0.0957666241037226,0.0822610745506335,0.471466457126019,0.5586386406050486,-0.1694332580296631,0.5586386406050486,0.1939888026716432,455599750.0,432999750.0,31.638871527777777,10.238196629213483,58.41022435897436,67.99996268656716,10.01318131868132,10.01318131868132,9.730331460674158,52.168644578313256,55.51278846153846,64.62682835820895,0.0079016724657992,0.0147058904224596,0.3472527472527472,0.0868609125893348,-2.7228915662650603,0.8952837729816147,0.0,2.108108108108108,0.0,0.0,0.0,0.0,0.3260032985156679,0.141025641025641,0.0247191011235955,0.6111111111111112,0.0,0.7453629190961618,0.0575079872204472,0.0293637846655791,-0.6811094195069247,-13100000.0,-13800000.0,-24400000.0,55300000.0,58950000.0,2050000.0,0.0,114.6741573033708,15.306122448979592,0.0,0.7848324514991182,5.88,0.0,0.0791208791208791,0.013505549553089,1994-07-28,0.0371,bmo,,2025-04-25,1994-06-30,0.0781671159029649,4.721270161290323,379625.8064516129
1994-03-31,IT,USD,749251,1994-03-31,1994-03-31 00:00:00,1994,Q1,38500000.0,12800000.0,25700000.0,0.6675324675,0,0.0,0.0,16800000.0,1800000.0,18600000.0,31400000.0,0.0,200000.0,1900000.0,9000000.0,0.2337662338,7100000.0,0.1844155844,-200000.0,6900000.0,0.1792207792,3100000.0,3800000.0,0.0987012987,0.0063,0.0063,80444000,80444000,,,0.4785938043856595,0.0472378300432599,0.1715479091044701,0.1591169011983491,0.4350852767142359,0.4984834170354532,-0.24240465416936,0.4984834170354532,0.1914375217542638,341887000.0,322087000.0,22.492565789473687,8.880181818181818,24.774420289855072,26.709921875,8.525860349127182,8.525860349127182,8.365896103896103,35.787444444444446,23.33963768115942,25.163046875,0.0111147835395905,0.0374392708701998,0.3790523690773067,0.0852974186307519,-2.2,0.8454901960784313,35.5,3.72972972972973,0.0,0.0,0.0,0.0,0.3344556677890011,0.072463768115942,0.0259740259740259,0.5263157894736842,0.0,0.7278830166993486,0.0682398765713129,0.0320404721753794,-0.7110536522301228,-19700000.0,-19500000.0,-30300000.0,48900000.0,58550000.0,1750000.0,0.0,143.06493506493507,11.25,0.0,0.6290849673202614,8.0,0.0,0.0947630922693266,0.012431007906121,1994-04-28,0.03879,bmo,,2025-04-25,1994-03-31,0.0311936065996391,4.881448412698413,362907.9365079365
1993-12-31,IT,USD,749251,1993-12-31,1993-12-31 00:00:00,1993,Q4,40100000.0,13400000.0,26700000.0,0.6658354115,0,0.0,0.0,17500000.0,1600000.0,19100000.0,32500000.0,0.0,0.0,1600000.0,9200000.0,0.2294264339,7600000.0,0.1895261845,0.0,7600000.0,0.1895261845,3400000.0,4200000.0,0.1047381546,0.0063,0.0063,81608000,81608000,,,0.4913733947652191,0.0514655425938633,0.0171551808646211,0.0110283305558278,0.2720321537104205,0.4448093324183904,-0.3002156651308695,0.4448093324183904,0.1850308793255563,351934500.0,344834500.0,20.948482142857145,8.77642144638404,251.38178571428568,391.03833333333336,9.695165289256195,9.695165289256195,8.59936408977556,37.482010869565215,246.3103571428572,383.1494444444445,0.0119340388623451,0.002557294041931,0.4159779614325068,0.0925245098039215,-0.7717391304347826,0.7867583834909716,0.0,0.3333333333333333,0.0,0.0,0.0,0.0,0.3725490196078431,0.3571428571428571,0.0124688279301745,0.3125,0.0,0.7176893178694025,0.0798479087452471,0.041015625,-0.7692260562689932,-24800000.0,-24500000.0,-35400000.0,44900000.0,,,,125.46134663341644,12.761194029850747,0.0,0.7173524150268337,7.052631578947368,0.0,0.1157024793388429,0.0061268503087932,1993-12-31,,bmo,,2025-04-25,1993-12-31,,3.7124495967741935,1126593.5483870967
