date,symbol,reportedCurrency,cik,fillingDate,acceptedDate,calendarYear,period,revenue,costOfRevenue,grossProfit,grossProfitRatio,researchAndDevelopmentExpenses,generalAndAdministrativeExpenses,sellingAndMarketingExpenses,sellingGeneralAndAdministrativeExpenses,otherExpenses,operatingExpenses,costAndExpenses,interestIncome,interestExpense,depreciationAndAmortization,ebitda,ebitdaratio,operatingIncome,operatingIncomeRatio,totalOtherIncomeExpensesNet,incomeBeforeTax,incomeBeforeTaxRatio,incomeTaxExpense,netIncome,netIncomeRatio,eps,epsdiluted,weightedAverageShsOut,weightedAverageShsOutDil,link,finalLink,revenuePerShare,netIncomePerShare,operatingCashFlowPerShare,freeCashFlowPerShare,cashPerShare,bookValuePerShare,tangibleBookValuePerShare,shareholdersEquityPerShare,interestDebtPerShare,marketCap,enterpriseValue,peRatio,priceToSalesRatio,pocfratio,pfcfRatio,pbRatio,ptbRatio,evToSales,enterpriseValueOverEBITDA,evToOperatingCashFlow,evToFreeCashFlow,earningsYield,freeCashFlowYield,debtToEquity,debtToAssets,netDebtToEBITDA,currentRatio,interestCoverage,incomeQuality,dividendYield,payoutRatio,salesGeneralAndAdministrativeToRevenue,researchAndDdevelopementToRevenue,intangiblesToTotalAssets,capexToOperatingCashFlow,capexToRevenue,capexToDepreciation,stockBasedCompensationToRevenue,grahamNumber,roic,returnOnTangibleAssets,grahamNetNet,workingCapital,tangibleAssetValue,netCurrentAssetValue,investedCapital,averageReceivables,averagePayables,averageInventory,daysSalesOutstanding,daysPayablesOutstanding,daysOfInventoryOnHand,receivablesTurnover,payablesTurnover,inventoryTurnover,roe,capexPerShare,report_date,epsEstimated,time,revenueEstimated,updatedFromDate,fiscalDateEnding,surprise(%),QuarterAvgPrice,QuarterAvgVolume
2025-03-31,ITW,USD,49826,2025-05-01,2025-05-01 16:14:42,2025,Q1,3839000000.0,2161000000.0,1678000000.0,0.437092993,0,0.0,0.0,706000000.0,21000000.0,727000000.0,2888000000.0,0.0,68000000.0,95000000.0,1058000000.0,0.2755926022,951000000.0,0.2477207606,-56000000.0,895000000.0,0.2331336285,195000000.0,700000000.0,0.1823391508,2.384196185286104,2.3769100169779285,293600000,294500000,https://www.sec.gov/Archives/edgar/data/49826/000004982625000014/0000049826-25-000014-index.htm,https://www.sec.gov/Archives/edgar/data/49826/000004982625000014/itw-20250331.htm,13.026806922293858,2.375296912114014,0.0,0.0,2.9623345775364776,11.001017984390906,-7.577197149643705,10.997624703087888,28.038683406854428,73088547000.0,80478547000.0,26.1030525,19.03843370669445,0.0,0.0,22.55123326133909,22.55123326133909,20.963414170356863,76.06667958412098,0.0,0.0,0.0095774239430426,0.0,2.5495217525455107,0.5886585452732065,6.984877126654064,1.5970899470899471,0.0,0.0,0.0060481432200314,0.6315,0.0,0.0,0.3900406069673007,0.0,0.0,0.0,0.0,24.243742284376246,0.0587101493947086,0.0817565989254847,-30.84662368510349,2257000000.0,-2233000000.0,-4758000000.0,9817000000.0,1548000000.0,556500000.0,1634000000.0,0.0,24.73854696899583,69.25960203609439,0.0,3.638047138047138,1.2994588093806374,0.2159827213822894,0.0,2025-04-30,2.34,bmo,3842907065.0,2025-05-11,2025-03-31,0.0170940170940171,256.9688333333333,1072442.4
2024-12-31,ITW,USD,49826,2025-02-14,2025-02-14 14:59:04,2024,Q4,3932000000.0,2221000000.0,1711000000.0,0.4351475076,0,0.0,0.0,655000000.0,-1000000.0,655000000.0,2901000000.0,44000000.0,68000000.0,102000000.0,1153000000.0,0.2932349949,1031000000.0,0.262207528,-48000000.0,983000000.0,0.25,233000000.0,750000000.0,0.1907426246,2.55,2.54,294700000,295800000,https://www.sec.gov/Archives/edgar/data/49826/000004982625000007/0000049826-25-000007-index.htm,https://www.sec.gov/Archives/edgar/data/49826/000004982625000007/itw-20241231.htm,13.34238208347472,2.5449609772650152,3.7801153715643023,3.3797081778079403,3.216830675262979,11.255514082117408,-7.173396674584323,11.252120800814389,27.64166949440109,74724132000.0,81854132000.0,24.908044,19.0041027466938,67.07731777378815,75.02422891566265,22.534418576598316,22.534418576598316,20.817429298067143,70.99230875975715,73.47767684021544,82.18286345381526,0.0100369181939778,0.0133290273616025,2.436067551266586,0.536138581004845,6.183868169991327,1.3593314763231197,15.161764705882351,1.4853333333333334,0.0059284730132428,0.5906666666666667,0.0,0.0,0.3604566270657728,0.1059245960502693,0.0300101729399796,1.156862745098039,0.0033062054933875,25.383354543179536,0.0635860143825685,0.0778331257783312,-26.05191720393621,1548000000.0,-2114000000.0,-5894000000.0,9281000000.0,3161000000.0,537500000.0,1711000000.0,70.8646998982706,21.0310670868978,65.038271049077,1.2700258397932818,4.279383429672447,1.3838006230529596,0.2261761158021712,0.4004071937563624,2025-02-05,2.49,bmo,3982116964.0,2025-05-05,2024-12-31,0.0200803212851404,265.32765625,830600.3125
2024-09-30,ITW,USD,49826,2024-10-30,2024-10-30 15:57:41,2024,Q3,3966000000.0,2230000000.0,1736000000.0,0.4377206253,0,0.0,0.0,658000000.0,0.0,684000000.0,2914000000.0,0.0,69000000.0,104000000.0,1535000000.0,0.3870398386,1052000000.0,0.2652546646,310000000.0,1362000000.0,0.343419062,202000000.0,1160000000.0,0.2924861321,3.92,3.91,296100000,297000000,https://www.sec.gov/Archives/edgar/data/49826/000004982624000048/0000049826-24-000048-index.htm,https://www.sec.gov/Archives/edgar/data/49826/000004982624000048/itw-20240930.htm,13.394123606889565,3.9175954069571097,3.0091185410334345,2.6443768996960486,3.198243836541709,11.455589327929754,-7.446808510638298,11.452212090509963,28.419452887537997,77598927000.0,84997927000.0,16.72390668103448,19.566043116490167,87.0919494949495,99.10463218390804,22.883788557947508,22.883788557947508,21.431650781643977,55.37324234527687,95.39610213243546,108.5541851851852,0.0149486603081509,0.0100903457080018,2.4612208787968157,0.5274266936299292,4.820195439739414,1.3624378647071536,15.246376811594205,0.7681034482758621,0.0053480120930022,0.3577586206896552,0.0,0.0,0.3537032355915065,0.1212121212121212,0.0272314674735249,1.0384615384615383,0.0035300050428643,31.77208685967624,0.0691073278163903,0.1134252468954727,-27.54812563323201,1677000000.0,-2205000000.0,-6128000000.0,9345000000.0,3238000000.0,566000000.0,1818000000.0,73.20726172465962,22.43946188340807,73.33183856502242,1.2293862368257904,4.010791366906475,1.2272977435332966,0.3420819817163079,0.364741641337386,2024-10-30,2.52,bmo,4018214655.0,2025-04-23,2024-09-30,0.0515873015873015,246.06359375,921616.46875
2024-06-30,ITW,USD,49826,2024-08-02,2024-08-01 18:26:02,2024,Q2,4027000000.0,2287000000.0,1740000000.0,0.4320834368,686000000,0.0,0.0,686000000.0,26000000.0,686000000.0,2973000000.0,0.0,75000000.0,99000000.0,1161000000.0,0.2883039483,1054000000.0,0.2617333002,-49000000.0,1005000000.0,0.2495654333,246000000.0,759000000.0,0.188477775,2.55,2.54,297600000,298500000,https://www.sec.gov/Archives/edgar/data/49826/000004982624000038/0000049826-24-000038-index.htm,https://www.sec.gov/Archives/edgar/data/49826/000004982624000038/itw-20240630.htm,13.531586021505376,2.5504032258064515,2.308467741935484,1.9186827956989247,2.896505376344086,9.952956989247312,-8.699596774193548,9.949596774193548,28.72311827956989,69462816000.0,77073816000.0,22.879715415019763,17.24927141792898,101.11035807860262,121.65116637478108,23.459242147923,23.459242147923,19.13926396821455,66.3857157622739,112.18896069868995,134.98041330998248,0.0109267093346748,0.0082202253360992,2.861533265788585,0.5439429928741093,6.555555555555555,1.302248126561199,14.053333333333333,0.9051383399209486,0.0060176080393861,0.5507246376811594,0.0,0.1703501365780978,0.356358734030943,0.1688500727802037,0.0288055624534392,1.1717171717171715,0.0047181524708219,23.8945262233524,0.062105482573867,0.075703171753441,-28.245967741935484,1452000000.0,-2589000000.0,-6359000000.0,9014000000.0,3244000000.0,586500000.0,1822000000.0,72.63471566923268,22.667249672059462,71.58285964145168,1.2390769230769232,3.970486111111111,1.257284222100055,0.2563323201621074,0.3897849462365591,2024-07-30,2.48,bmo,4079355110.0,2025-04-23,2024-06-30,0.0241935483870967,247.02253968253967,1092418.650793651
2024-03-31,ITW,USD,49826,2024-05-02,2024-05-02 16:28:18,2024,Q1,3973000000.0,2145000000.0,1828000000.0,0.4601057136,676000000,0.0,0.0,676000000.0,-25000000.0,701000000.0,2846000000.0,0.0,71000000.0,97000000.0,1240000000.0,0.3121067204,1127000000.0,0.283664737,-55000000.0,1072000000.0,0.2698212937,253000000.0,819000000.0,0.2061414548,2.74,2.73,298900000,300000000,https://www.sec.gov/Archives/edgar/data/49826/000004982624000020/0000049826-24-000020-index.htm,https://www.sec.gov/Archives/edgar/data/49826/000004982624000020/itw-20240331.htm,13.292070926731348,2.740046838407494,1.9705587152893944,1.6527266644362664,3.208430913348946,10.107059217129477,-8.484442957510874,10.10371361659418,28.089662094345936,79277247000.0,86643247000.0,24.19940384615385,19.95400125849484,134.59634465195248,160.48025708502024,26.2507440397351,26.2507440397351,21.808015857034984,69.87358629032258,147.1022869269949,175.3911882591093,0.0103308330068525,0.0062312960993713,2.756622516556291,0.5318469303009008,5.940322580645161,1.31523534269199,15.873239436619718,0.7191697191697192,0.0052852491207218,0.5115995115995116,0.0,0.1701485023911401,0.3550118188206733,0.1612903225806451,0.0239114019632519,0.979381443298969,0.0037754845205134,24.95805666322564,0.0668753079263874,0.081121236133122,-27.875543660086983,1527000000.0,-2536000000.0,-6261000000.0,9057000000.0,3244500000.0,589000000.0,1766000000.0,73.35011326453561,25.04895104895105,76.57342657342657,1.226991970352069,3.592964824120603,1.1753424657534246,0.2711920529801324,0.3178320508531281,2024-04-30,2.36,bmo,4029469024.0,2025-04-23,2024-03-31,0.0338983050847458,259.66852459016394,1297561.7704918033
2023-12-31,ITW,USD,49826,2024-02-09,2024-02-09 14:56:05,2023,Q4,3983000000.0,2312000000.0,1671000000.0,0.4195330153,284000000,0.0,0.0,658000000.0,-6000000.0,683000000.0,2995000000.0,51000000.0,70000000.0,99000000.0,1096000000.0,0.2751694702,988000000.0,0.2480542305,-61000000.0,927000000.0,0.2327391414,210000000.0,717000000.0,0.180015064,2.39,2.38,300100000,301100000,https://www.sec.gov/Archives/edgar/data/49826/000004982624000008/0000049826-24-000008-index.htm,https://www.sec.gov/Archives/edgar/data/49826/000004982624000008/itw-20231231.htm,13.272242585804731,2.3892035988004,3.462179273575475,3.0256581139620127,3.5488170609796734,10.03998667110963,-8.507164278573809,10.036654448517162,28.12395868043985,78608194000.0,85913194000.0,27.40871478382148,19.73592618629174,75.65754956689123,86.57290088105727,26.0983379814077,26.0983379814077,21.56997087622395,78.38795072992701,82.68834841193456,94.6180550660793,0.009121186526687,0.0115509586697793,2.7788844621513946,0.5393736306225029,6.66514598540146,1.3336898395721926,14.114285714285714,1.4490934449093444,0.0053556757708999,0.5871687587168759,0.0,0.0713030379111222,0.3586802422992654,0.1260827718960539,0.0328897815716796,1.323232323232323,0.0042681395932714,23.22802716304267,0.0600488157923513,0.0720458199356913,-27.15178273908697,1560000000.0,-2553000000.0,-6270000000.0,9350000000.0,3207000000.0,580500000.0,1753000000.0,73.45970374089883,22.616782006920417,66.44896193771626,1.2251614887726854,3.9793459552495696,1.354422964264792,0.2380478087649402,0.4365211596134621,2024-02-01,2.41,bmo,4010500000.0,2025-04-23,2023-12-31,0.0041493775933609,239.63539682539684,1082293.9206349207
2023-09-30,ITW,USD,49826,2023-10-24,2023-10-24 16:32:45,2023,Q3,4031000000.0,2319000000.0,1712000000.0,0.4247085091,615000000,0.0,0.0,615000000.0,10000000.0,642000000.0,2961000000.0,67000000.0,67000000.0,97000000.0,1176000000.0,0.2917390226,1070000000.0,0.2654428182,-57000000.0,1013000000.0,0.2513024064,241000000.0,772000000.0,0.1915157529,2.56,2.55,301900000,303000000,https://www.sec.gov/Archives/edgar/data/49826/000004982623000052/0000049826-23-000052-index.htm,https://www.sec.gov/Archives/edgar/data/49826/000004982623000052/itw-20230930.htm,13.352103345478636,2.557138125207022,3.252732692944684,2.835375952302087,3.279231533620404,9.950314673733024,-8.300761841669427,9.94700231864856,26.93938390195429,69530589000.0,76606589000.0,22.51638244818653,17.248967749937982,70.80508044806517,81.22732359813084,23.15370929070929,23.15370929070929,19.00436343339122,65.14165731292518,78.01078309572301,89.49367873831775,0.0111030268994269,0.0123111282719034,2.685980685980686,0.5239363429684962,6.017006802721088,1.579105976896032,15.970149253731345,1.2720207253886011,0.0056953350416749,0.5129533678756477,0.0,0.1525676010915405,0.3579084118220201,0.1283095723014256,0.0312577524187546,1.2989690721649485,0.0042173158025303,23.92293511177349,0.0644055990237644,0.0780981284774911,-26.926962570387545,2306000000.0,-2506000000.0,-6103000000.0,9720000000.0,3189500000.0,585000000.0,1860000000.0,70.62019350037211,22.509702457956013,69.81888745148771,1.274423016123933,3.9982758620689656,1.2890494719288494,0.2570762570762571,0.4173567406425968,2023-10-24,2.46,bmo,4094000000.0,2025-04-23,2023-09-30,0.0365853658536584,243.9947619047619,1004360.8571428572
2023-06-30,ITW,USD,49826,2023-08-04,2023-08-03 18:58:59,2023,Q2,4074000000.0,2344000000.0,1730000000.0,0.4246440844,690000000,0.0,0.0,690000000.0,20000000.0,720000000.0,3064000000.0,69000000.0,69000000.0,100000000.0,1119000000.0,0.2746686303,1010000000.0,0.2479135984,-49000000.0,961000000.0,0.235886107,207000000.0,754000000.0,0.1850760923,2.49,2.48,303300000,304200000,https://www.sec.gov/Archives/edgar/data/49826/000004982623000043/0000049826-23-000043-index.htm,https://www.sec.gov/Archives/edgar/data/49826/000004982623000043/itw-20230630.htm,13.432245301681505,2.485987471150676,2.60468183316848,2.324431256181998,3.0398944939004284,10.201121002307946,-8.245961094625782,10.19782393669634,27.33597098582262,75873528000.0,83173528000.0,25.157005305039785,18.62384094256259,96.0424405063291,107.6220255319149,24.530723569350148,24.530723569350148,20.41569170348552,74.32844325290438,105.28294683544304,117.97663546099292,0.0099375898271133,0.0092917782866245,2.658260588425477,0.5253002811142347,6.523681858802502,1.5851485148514852,14.63768115942029,1.0477453580901857,0.0052455712880518,0.5278514588859416,0.0,0.1693667157584683,0.3574623051367237,0.1075949367088607,0.0208640157093765,0.85,0.0044182621502209,23.88330812809691,0.0614918421204987,0.0749726558615889,-27.245301681503463,2364000000.0,-2501000000.0,-6154000000.0,9860000000.0,3208500000.0,594500000.0,1960500000.0,71.04565537555229,22.65358361774744,73.7585324232082,1.2667910447761197,3.9728813559322034,1.22019781363873,0.2437762689945037,0.280250576986482,2023-08-01,2.39,bmo,4133550000.0,2025-04-23,2023-06-30,0.0376569037656903,234.17419354838708,1087692.822580645
2023-03-31,ITW,USD,49826,2023-05-04,2023-05-04 16:50:59,2023,Q1,4019000000.0,2341000000.0,1678000000.0,0.4175167952,675000000,0.0,0.0,675000000.0,-644000000.0,706000000.0,3047000000.0,60000000.0,60000000.0,99000000.0,1079000000.0,0.268474745,972000000.0,0.2418512068,-50000000.0,922000000.0,0.2294103011,208000000.0,714000000.0,0.1776561334,2.34,2.33,305000000,306100000,https://www.sec.gov/Archives/edgar/data/49826/000004982623000025/0000049826-23-000025-index.htm,https://www.sec.gov/Archives/edgar/data/49826/000004982623000025/itw-20230331.htm,13.177049180327868,2.3409836065573773,2.3868852459016394,2.0163934426229506,3.747540983606557,10.167213114754098,-8.265573770491804,10.163934426229508,27.672131147540984,74252250000.0,81489250000.0,25.998686974789912,18.4753048021896,101.99484890109888,120.73536585365854,23.95233870967742,23.95233870967742,20.276001492908684,75.52293790546803,111.93578296703296,132.50284552845528,0.0096158702261547,0.0082825772956375,2.703225806451613,0.5263488474342064,6.707136237256719,1.1951393852751966,16.2,1.0196078431372548,0.005387042143504,0.5602240896358543,0.0,0.1679522269221199,0.3531185227058602,0.1552197802197802,0.0281164468773326,1.1414141414141414,0.0042299079372978,23.137763225371792,0.0570458638526556,0.0693271191377803,-27.135245901639344,1092000000.0,-2521000000.0,-6132000000.0,8599000000.0,1600500000.0,596500000.0,2027000000.0,71.68201045036079,23.028620247757367,76.89021785561725,1.2555451421430803,3.908180300500834,1.1705,0.2303225806451612,0.3704918032786885,2023-05-02,2.23,bmo,3982230000.0,2025-04-23,2023-03-31,0.0448430493273543,233.3516129032258,1103822.7903225806
2022-12-31,ITW,USD,49826,2023-02-10,2023-02-10 15:31:41,2022,Q4,3971000000.0,2309000000.0,1662000000.0,0.4185343742,1920000000,0.0,0.0,644000000.0,-1888000000.0,676000000.0,2985000000.0,34000000.0,56000000.0,99000000.0,1095000000.0,0.2757491816,986000000.0,0.2483001763,135000000.0,1121000000.0,0.2822966507,214000000.0,907000000.0,0.2284059431,2.96,2.95,306800000,307900000,https://www.sec.gov/Archives/edgar/data/49826/000004982623000008/0000049826-23-000008-index.htm,https://www.sec.gov/Archives/edgar/data/49826/000004982623000008/itw-20221231.htm,12.943285528031293,2.9563233376792697,2.6434159061277707,2.134941329856584,2.3076923076923075,10.06844850065189,-8.288787483702738,10.065189048239896,25.485658409387224,67588040000.0,74643040000.0,18.629558985667035,17.020407957693276,83.33913686806412,103.18784732824427,21.887318652849743,21.887318652849743,18.79703852933769,68.1671598173516,92.03827373612825,113.95883969465648,0.0134195339885577,0.0096910636852318,2.513924870466321,0.5033718065101802,6.442922374429224,1.405829596412556,17.607142857142858,0.8941565600882029,0.005962593381906,0.444321940463065,0.0,0.4835054142533367,0.3651925820256776,0.1923551171393341,0.0392848149080836,1.5757575757575757,0.0037773860488541,25.874870991619872,0.0632800533410809,0.0926455566905005,-34.54367666232073,1810000000.0,-2543000000.0,-6063000000.0,9290000000.0,1515500000.0,606000000.0,2030500000.0,0.0,23.152880034647037,80.06063230835859,0.0,3.887205387205387,1.1241480038948393,0.2937176165803108,0.5084745762711864,2023-02-02,2.58,bmo,3892794183.0,2025-04-23,2022-12-31,0.1434108527131783,212.99380952380957,1110640.9206349207
2022-09-30,ITW,USD,49826,2022-10-27,2022-10-27 17:28:34,2022,Q3,4011000000.0,2371000000.0,1640000000.0,0.4088755921,581000000,0.0,0.0,624000000.0,-548000000.0,657000000.0,3028000000.0,52000000.0,52000000.0,102000000.0,1094000000.0,0.2727499377,983000000.0,0.2450760409,-26000000.0,957000000.0,0.2385938669,230000000.0,727000000.0,0.1812515582,2.35,2.35,308800000,309700000,https://www.sec.gov/Archives/edgar/data/49826/000004982622000060/0000049826-22-000060-index.htm,https://www.sec.gov/Archives/edgar/data/49826/000004982622000060/itw-20220930.htm,12.9889896373057,2.354274611398964,2.308937823834197,1.9818652849740928,2.506476683937824,9.760362694300518,-8.235103626943005,9.757124352331608,24.870466321243523,55784720000.0,62638720000.0,19.183191196698765,13.907933183744705,78.23943899018232,91.15150326797384,18.514676402256885,18.514676402256885,15.616733981550736,57.25659963436929,87.85234221598878,102.35084967320262,0.013032242520891,0.0109707461111214,2.5316959840690343,0.5009851569683437,6.2650822669104205,1.4107468123861566,18.903846153846157,0.9807427785419532,0.0067581230128967,0.5185694635488308,0.0,0.1448516579406631,0.3649678182057008,0.1416549789621318,0.025180752929444,0.9901960784313726,0.0037397157816005,22.73425561166517,0.0596351466351301,0.0751887475436963,-26.428918393782386,1804000000.0,-2543000000.0,-6016000000.0,9066000000.0,3070000000.0,648500000.0,1991000000.0,68.01047120418849,23.458456347532685,76.1830451286377,1.3233256351039262,3.836569579288026,1.181365221723966,0.2412877530700298,0.3270725388601036,2022-10-25,2.25,bmo,3890616704.0,2025-04-23,2022-09-30,0.0444444444444444,197.2865625,1083508.96875
2022-06-30,ITW,USD,49826,2022-08-05,2022-08-04 19:13:35,2022,Q2,4011000000.0,2392000000.0,1619000000.0,0.40363999,659000000,0.0,0.0,659000000.0,-625000000.0,693000000.0,3085000000.0,0.0,47000000.0,103000000.0,1040000000.0,0.2592869609,926000000.0,0.2308651209,-23000000.0,903000000.0,0.2251308901,165000000.0,738000000.0,0.1839940165,2.38,2.37,310600000,311500000,https://www.sec.gov/Archives/edgar/data/49826/000004982622000046/0000049826-22-000046-index.htm,https://www.sec.gov/Archives/edgar/data/49826/000004982622000046/itw-20220630.htm,12.913715389568576,2.376046361880232,1.6130070830650354,1.3522215067611076,2.8300064391500324,10.87894397939472,-7.479072762395364,10.87572440437862,24.74887314874437,56606850000.0,63367850000.0,19.17576219512195,14.112902019446524,112.9877245508982,134.77821428571428,16.757504440497335,16.757504440497335,15.798516579406632,60.930625,126.48273453093812,150.87583333333333,0.0130372914232111,0.0074195967449169,2.261693309650681,0.4876803268224179,6.500961538461539,1.483698183511877,19.70212765957447,0.6788617886178862,0.0067129684834962,0.5149051490514905,0.0,0.1642981800049862,0.3639729350185114,0.1616766467065868,0.0201944652206432,0.7864077669902912,0.0042383445524806,24.112809284409547,0.0586801071716438,0.0740666399036531,-26.042337411461688,2077000000.0,-2323000000.0,-5916000000.0,9515000000.0,3117500000.0,687500000.0,1929000000.0,69.76065818997756,25.547658862876258,74.31020066889633,1.2901254422643935,3.5228276877761413,1.211139240506329,0.2184724689165186,0.2607855763039279,2022-08-02,2.2,bmo,3968710301.0,2025-04-23,2022-06-30,0.0772727272727272,200.0572580645161,1161071.8064516129
2022-03-31,ITW,USD,49826,2022-05-06,2022-05-05 18:55:15,2022,Q1,3939000000.0,2357000000.0,1582000000.0,0.4016247779,652000000,0.0,0.0,652000000.0,35000000.0,687000000.0,3044000000.0,0.0,48000000.0,106000000.0,1012000000.0,0.2569179995,895000000.0,0.2272150292,-34000000.0,861000000.0,0.2185833968,199000000.0,662000000.0,0.1680629601,2.12,2.11,312500000,313700000,https://www.sec.gov/Archives/edgar/data/49826/000004982622000012/0000049826-22-000012-index.htm,https://www.sec.gov/Archives/edgar/data/49826/000004982622000012/itw-20220331.htm,12.6048,2.1184,1.0336,0.7968,4.1472,11.4624,-7.3632,11.4592,25.2992,65437500000.0,71999500000.0,24.71204682779457,16.612718964204113,202.59287925696592,262.80120481927713,18.273526947779956,18.273526947779956,18.27862401624778,71.1457509881423,222.90866873065016,289.1546184738956,0.010116523400191,0.0038051575931232,2.194359117564926,0.4825003070121577,6.484189723320158,1.731985484707102,18.64583333333333,0.4879154078549849,0.0058376313276026,0.5770392749244713,0.0,0.1655242447321655,0.3612305047279872,0.2291021671826625,0.0187864940340187,0.6981132075471698,0.004061944656004,23.370736162988106,0.0510907785063977,0.0636354897625684,-25.9904,2824000000.0,-2301000000.0,-6022000000.0,10502000000.0,1563000000.0,640500000.0,1788500000.0,71.42421934501142,26.576156130674587,71.90072125583369,1.2600767754318618,3.3864942528735638,1.2517259691980882,0.184864562971237,0.2368,2022-05-03,2.07,bmo,3752596489.0,2025-04-23,2022-03-31,0.0193236714975845,223.9209677419355,1121975.3064516129
2021-12-31,ITW,USD,49826,2022-02-11,2022-02-11 14:42:05,2021,Q4,3679000000.0,2191000000.0,1488000000.0,0.4044577331,2356000000,0.0,0.0,621000000.0,7000000.0,654000000.0,2845000000.0,12000000.0,49000000.0,104000000.0,943000000.0,0.2563196521,834000000.0,0.2266920359,-42000000.0,792000000.0,0.2152758902,183000000.0,609000000.0,0.1655341125,1.94,1.93,313600000,315000000,https://www.sec.gov/Archives/edgar/data/49826/000004982622000006/0000049826-22-000006-index.htm,https://www.sec.gov/Archives/edgar/data/49826/000004982622000006/itw-20211231.htm,11.731505102040815,1.9419642857142856,2.4681122448979598,2.216198979591837,4.869260204081633,11.5625,-7.369260204081633,11.559311224489797,24.668367346938776,77396480000.0,83556480000.0,31.771954022988503,21.03736885023104,99.99545219638244,111.3618417266187,21.35075310344828,21.35075310344828,22.711736885023104,88.60708377518557,107.95410852713178,120.2251510791367,0.0078685749015975,0.0089797365461581,2.1205517241379312,0.4781364682465634,6.5323435843054085,1.8368876080691643,17.020408163265305,1.270935960591133,0.0049485454635663,0.6288998357963875,0.0,0.640391410709432,0.3692853144243329,0.1020671834625323,0.0214732264202228,0.7596153846153846,0.0032617559119325,22.473869609434143,0.0476941435776777,0.0600591715976331,-32.13329081632653,2904000000.0,-2311000000.0,-6077000000.0,10650000000.0,1364500000.0,575000000.0,1609000000.0,0.0,24.030123231401188,69.58466453674122,0.0,3.7452991452991458,1.293388429752066,0.168,0.2519132653061224,2022-02-03,1.9,bmo,3532105812.0,2025-04-23,2021-12-31,0.0263157894736842,232.3625,941613.125
2021-09-30,ITW,USD,49826,2021-10-29,2021-10-28 17:43:03,2021,Q3,3556000000.0,2096000000.0,1460000000.0,0.4105736783,581000000,0.0,0.0,581000000.0,10000000.0,615000000.0,2711000000.0,0.0,49000000.0,104000000.0,955000000.0,0.26856018,845000000.0,0.2376265467,-39000000.0,806000000.0,0.2266591676,167000000.0,639000000.0,0.179696288,2.03,2.02,314600000,315900000,https://www.sec.gov/Archives/edgar/data/49826/000004982621000079/0000049826-21-000079-index.htm,https://www.sec.gov/Archives/edgar/data/49826/000004982621000079/itw-20210930.htm,11.30324221233312,2.031150667514304,1.9675778766687857,1.7418944691671965,6.3159567705022255,11.10298792116974,-5.72155117609663,11.099809281627463,24.157660521296886,65005798000.0,70569798000.0,25.432628325508603,18.28059561304837,105.01744426494346,118.6237189781022,18.61563516609393,18.61563516609393,19.845275028121485,73.89507643979057,114.00613570274636,128.77700364963505,0.0098298924043667,0.0084300172732284,2.1623711340206184,0.4866275697621963,5.826178010471204,2.195260347129506,17.244897959183675,0.9687010954616588,0.0055225843085566,0.5618153364632238,0.0,0.1633858267716535,0.3411097505961203,0.1147011308562197,0.0199662542182227,0.6826923076923077,0.0039370078740157,22.522681084016828,0.0511388820487564,0.0625,-22.97600127145581,3581000000.0,-1800000000.0,-5447000000.0,10618000000.0,2757500000.0,586000000.0,1462000000.0,69.06917885264342,24.260496183206108,65.43893129770993,1.303041407108831,3.709734513274337,1.3753280839895012,0.1829896907216494,0.2256834075015893,2021-10-28,2.01,bmo,3633300000.0,2025-04-23,2021-09-30,-0.0248756218905471,225.46578125,832052.125
2021-06-30,ITW,USD,49826,2021-08-05,2021-08-05 16:12:40,2021,Q2,3676000000.0,2163000000.0,1513000000.0,0.4115886834,588000000,0.0,0.0,588000000.0,22000000.0,620000000.0,2783000000.0,0.0,52000000.0,102000000.0,1001000000.0,0.2723068553,893000000.0,0.2429270947,-30000000.0,863000000.0,0.2347660501,88000000.0,775000000.0,0.2108269859,2.46,2.45,315600000,316900000,https://www.sec.gov/Archives/edgar/data/49826/000004982621000059/0000049826-21-000059-index.htm,https://www.sec.gov/Archives/edgar/data/49826/000004982621000059/itw-20210630.htm,11.64765525982256,2.455640050697085,1.758555133079848,1.511406844106464,6.520912547528517,11.156527249683144,-5.8713561470215465,11.153358681875792,24.39797211660329,70555536000.0,76145536000.0,22.759850322580643,19.193562568008705,127.1270918918919,147.91516981132077,20.044186363636364,20.044186363636364,20.71423721436344,76.06946653346654,137.19916396396397,159.63424737945493,0.0109842550129588,0.0067606317950727,2.172727272727273,0.4908857509627727,5.584415584415584,2.1989864864864863,17.173076923076923,0.7161290322580646,0.0051023636189228,0.4645161290322581,0.0,0.1599564744287268,0.3449293966623877,0.1405405405405405,0.0212187159956474,0.7647058823529411,0.0043525571273122,24.824267789354742,0.0606979188483098,0.0759357240838722,-22.85012674271229,3549000000.0,-1853000000.0,-5550000000.0,10690000000.0,2724000000.0,598000000.0,1346000000.0,68.21001088139282,25.256588072122053,58.25242718446602,1.319454414931802,3.56342668863262,1.545,0.2201704545454545,0.247148288973384,2021-07-30,2.09,bmo,3676000000.0,2025-04-23,2021-06-30,0.0047846889952154,228.9736507936508,995702.3650793652
2021-03-31,ITW,USD,49826,2021-05-06,2021-05-06 16:43:12,2021,Q1,3544000000.0,2039000000.0,1505000000.0,0.4246613995,566000000,0.0,0.0,566000000.0,12000000.0,600000000.0,2639000000.0,0.0,52000000.0,100000000.0,1011000000.0,0.2852708804,905000000.0,0.2553611738,-40000000.0,865000000.0,0.2440744921,194000000.0,671000000.0,0.1893340858,2.12,2.11,316600000,317900000,https://www.sec.gov/Archives/edgar/data/49826/000004982621000020/0000049826-21-000020-index.htm,https://www.sec.gov/Archives/edgar/data/49826/000004982621000020/itw-20210331.htm,11.193935565382183,2.1193935565382187,1.9235628553379656,1.7087807959570436,7.84586228679722,10.34744156664561,-6.6424510423247,10.341124447252051,25.27163613392293,70133232000.0,75598232000.0,26.13011624441133,19.789286681715577,115.16130049261083,129.63628835489834,21.42126817348809,21.42126817348809,21.331329571106096,74.77569930761622,124.13502791461411,139.73795194085028,0.009567504318067,0.0077138894725399,2.427916921197312,0.5075017557300645,5.405539070227498,2.5014925373134327,17.403846153846153,0.9076005961251864,0.0051473458402715,0.5380029806259314,0.0,0.159706546275395,0.3434208006129094,0.1116584564860427,0.0191873589164785,0.68,0.0031038374717832,22.206542543121877,0.0526534839671569,0.0652469856087125,-22.932722678458624,4024000000.0,-2103000000.0,-5683000000.0,11149000000.0,1331000000.0,561500000.0,1240500000.0,67.60158013544019,25.9980382540461,57.02795487984306,1.3313298271975955,3.461799660441426,1.578173374613003,0.2049480757483201,0.2147820593809223,2021-04-30,1.9,bmo,3432130000.0,2025-04-23,2021-03-31,0.1105263157894736,207.64426229508197,1141202.573770492
2020-12-31,ITW,USD,49826,2021-02-12,2021-02-12 14:36:16,2020,Q4,3475000000.0,2000000000.0,1475000000.0,0.4244604317,2163000000,560000000.0,-3000000.0,557000000.0,-7000000.0,592000000.0,2592000000.0,17000000.0,52000000.0,105000000.0,992000000.0,0.2854676259,883000000.0,0.2541007194,-59000000.0,824000000.0,0.2371223022,182000000.0,642000000.0,0.1847482014,2.03,2.02,316700000,318100000,https://www.sec.gov/Archives/edgar/data/49826/000004982621000007/0000049826-21-000007-index.htm,https://www.sec.gov/Archives/edgar/data/49826/000004982621000007/itw-20201231.htm,10.972529207451847,2.0271550363119677,2.440795705715188,2.226081465108936,8.095989895800441,10.04736343542785,-7.227660246289864,10.044205873065993,25.80991474581623,64568796000.0,70126796000.0,25.143612149532707,18.58094848920863,83.53013712807245,91.58694468085106,20.2982697265011,20.2982697265011,20.180372949640287,70.69233467741935,90.72030530401037,99.47063262411348,0.0099428832465762,0.0109185867427356,2.5532851304621187,0.5202408403791955,5.602822580645161,2.519505600617999,16.98076923076923,1.2040498442367602,0.005575448549482,0.5607476635514018,0.1611510791366906,0.6224460431654676,0.3504355623879067,0.0879689521345407,0.019568345323741,0.6476190476190476,0.0031654676258992,21.40388181452489,0.0512338729968678,0.0633073661374617,-29.2753394379539,3934000000.0,-2289000000.0,-5907000000.0,11182000000.0,1247000000.0,527500000.0,1169000000.0,0.0,24.03,53.505,0.0,3.745318352059925,1.682085786375105,0.2018233259981138,0.2147142406062519,2021-02-05,1.79,bmo,3319210000.0,2025-04-23,2020-12-31,0.1284916201117318,204.34734375,1051424.578125
2020-09-30,ITW,USD,49826,2020-10-30,2020-10-29 18:30:18,2020,Q3,3307000000.0,1910000000.0,1397000000.0,0.4224372543,560000000,0.0,0.0,560000000.0,2000000.0,608000000.0,2518000000.0,0.0,52000000.0,118000000.0,910000000.0,0.2751738736,789000000.0,0.2385848201,-50000000.0,739000000.0,0.2234653765,157000000.0,582000000.0,0.1759903236,1.84,1.83,316500000,317900000,https://www.sec.gov/Archives/edgar/data/49826/000004982620000106/0000049826-20-000106-index.htm,https://www.sec.gov/Archives/edgar/data/49826/000004982620000106/itw-20200930.htm,10.44865718799368,1.838862559241706,2.1579778830963665,1.993680884676145,6.85308056872038,8.52132701421801,-8.55608214849921,8.518167456556082,25.26698262243286,61150965000.0,66926965000.0,26.26759664948454,18.491371333534925,89.5328916544656,96.91119651347068,22.682108679525225,22.682108679525225,20.23796945872392,73.54611538461539,97.98969985358713,106.0649207606973,0.0095174295287081,0.0103187251419499,2.946958456973294,0.5317938420348058,6.347252747252747,2.3744094488188976,15.173076923076923,1.1735395189003437,0.005543657405897,0.5824742268041238,0.0,0.169337768370124,0.3617804551539491,0.0761346998535871,0.0157242213486543,0.4406779661016949,0.004233444209253,18.77322913638655,0.0487240286373754,0.0610382800209753,-24.1042654028436,3491000000.0,-2708000000.0,-6212000000.0,10632000000.0,2325000000.0,461500000.0,1158000000.0,67.87420622921076,24.54973821989529,54.1413612565445,1.32598235765838,3.666026871401152,1.6623150565709313,0.2158753709198813,0.1642969984202211,2020-10-23,1.49,bmo,2692584699.0,2025-04-23,2020-09-30,0.2281879194630873,189.97984375,947582.296875
2020-06-30,ITW,USD,49826,2020-08-06,2020-08-06 17:25:17,2020,Q2,2564000000.0,1594000000.0,970000000.0,0.3783151326,486000000,0.0,0.0,486000000.0,8000000.0,521000000.0,2115000000.0,0.0,51000000.0,100000000.0,552000000.0,0.2152886115,449000000.0,0.1751170047,-43000000.0,406000000.0,0.1583463339,87000000.0,319000000.0,0.1244149766,1.01,1.01,316100000,317400000,https://www.sec.gov/Archives/edgar/data/49826/000004982620000099/0000049826-20-000099-index.htm,https://www.sec.gov/Archives/edgar/data/49826/000004982620000099/itw-20200630.htm,8.11135716545397,1.0091743119266054,2.3315406516925026,2.154381524833913,5.73236317621006,7.459664663081304,-9.130022144890855,7.456501107244543,24.739006643467256,55270085000.0,61227085000.0,43.315113636363634,21.556195397815912,74.99333107191315,81.16018355359765,23.449336020364868,23.449336020364868,23.87951833073323,110.91863224637682,83.07609905020352,89.90761380323055,0.0057716574888567,0.0123213126956472,3.296139159949088,0.5446960667461264,10.791666666666666,2.746816846229187,8.803921568627452,2.310344827586207,0.0061154239223623,1.0595611285266455,0.0,0.1895475819032761,0.3676645866928416,0.0759837177747625,0.0218408736349454,0.56,0.0031201248049922,13.011935325745297,0.0288577271399357,0.0353697749196141,-24.9683644416324,3567000000.0,-2886000000.0,-6296000000.0,10522000000.0,2290000000.0,445000000.0,1176000000.0,75.67862714508581,22.697616060225847,65.89084065244667,1.189239332096475,3.9651741293532337,1.3658954584404457,0.1353415358506576,0.177159126858589,2020-07-31,0.7,bmo,1777029702.0,2025-04-23,2020-06-30,0.4428571428571429,163.30396825396824,1486311.0317460315
2020-03-31,ITW,USD,49826,2020-05-08,2020-05-07 17:40:00,2020,Q1,3228000000.0,1871000000.0,1357000000.0,0.4203841388,560000000,560000000.0,0.0,560000000.0,25000000.0,596000000.0,2467000000.0,0.0,51000000.0,104000000.0,868000000.0,0.2688971499,761000000.0,0.2357496902,-26000000.0,735000000.0,0.2276951673,169000000.0,566000000.0,0.1753407683,1.78,1.77,318300000,319700000,https://www.sec.gov/Archives/edgar/data/49826/000004982620000052/0000049826-20-000052-index.htm,https://www.sec.gov/Archives/edgar/data/49826/000004982620000052/itw-20200331x10q.htm,10.141376060320452,1.7781966698083569,1.9289978008168391,1.7404963870562362,4.492617027961043,7.175620483820295,-9.27741124725102,7.172478793590952,24.33239082626453,45236796000.0,51500796000.0,19.980916961130745,14.013877323420074,73.67556351791532,81.65486642599278,19.814628120893563,19.814628120893563,15.954397769516728,59.33271428571429,83.87751791530944,92.96172563176896,0.0125119382902361,0.0122466675137646,3.370127025843189,0.5437840130044526,7.216589861751152,2.7096456692913384,14.92156862745098,1.0848056537102473,0.0075602171294359,0.6042402826855123,0.1734820322180917,0.1734820322180917,0.3701321648173016,0.0977198697068403,0.0185873605947955,0.5769230769230769,0.0027881040892193,16.940093059463283,0.0483476420021023,0.0635098743267504,-25.21049324536601,3474000000.0,-2953000000.0,-6359000000.0,10415000000.0,1212000000.0,480000000.0,1174500000.0,67.58364312267659,23.47407803313736,57.00160342063068,1.3316831683168318,3.834016393442623,1.5789029535864978,0.2479194042925974,0.1885014137606032,2020-05-05,1.71,bmo,3118576271.0,2025-04-23,2020-03-31,0.0350877192982456,169.9251612903226,1821638.983870968
2019-12-31,ITW,USD,49826,2020-02-14,2020-02-14 15:16:14,2019,Q4,3469000000.0,2022000000.0,1447000000.0,0.4171230902,2361000000,586000000.0,0.0,586000000.0,58000000.0,623000000.0,2645000000.0,29000000.0,51000000.0,105000000.0,936000000.0,0.2698183915,824000000.0,0.2375324301,7000000.0,831000000.0,0.2395503027,190000000.0,641000000.0,0.1847794754,2.0,1.99,321200000,322900000,https://www.sec.gov/Archives/edgar/data/49826/000004982620000020/0000049826-20-000020-index.htm,https://www.sec.gov/Archives/edgar/data/49826/000004982620000020/itw-20191231x10k.htm,10.800124533001243,1.9956413449564137,2.409713574097136,2.1544209215442094,6.167496886674969,9.433374844333748,-7.201120797011208,9.420921544209216,24.311955168119557,57697156000.0,63474156000.0,22.502790951638065,16.632215624099164,74.54412919896642,83.37739306358381,19.06713681427627,19.06713681427627,18.297537042375325,67.81426923076923,82.0079534883721,91.72565895953755,0.0111097330343284,0.0119936587515682,2.563780568407138,0.5148659410671622,6.172008547008547,2.90297121634169,16.15686274509804,1.2074882995319811,0.0059621656221668,0.5366614664586583,0.1689247621793023,0.6805995964254828,0.3545925139368197,0.1059431524547803,0.0236379360046122,0.780952380952381,0.0025944076102623,20.56739074791275,0.0490092128419904,0.0659125964010282,-29.498754669987548,4099000000.0,-2313000000.0,-5785000000.0,11171000000.0,1249500000.0,482500000.0,1186500000.0,0.0,21.008902077151333,51.81008902077152,0.0,4.283898305084746,1.7371134020618555,0.2118307997356245,0.2552926525529265,2020-01-31,1.85,bmo,3224949748.0,2025-04-23,2019-12-31,0.0756756756756756,169.4475,1088878.21875
2019-09-30,ITW,USD,49826,2019-10-28,2019-10-28 11:35:07,2019,Q3,3479000000.0,2007000000.0,1472000000.0,0.4231100891,566000000,566000000.0,0.0,566000000.0,26000000.0,604000000.0,2611000000.0,0.0,52000000.0,104000000.0,977000000.0,0.2808278241,868000000.0,0.2494969819,-26000000.0,842000000.0,0.24202357,182000000.0,660000000.0,0.1897096867,2.05,2.04,322300000,324000000,https://www.sec.gov/Archives/edgar/data/49826/000004982619000103/0000049826-19-000103-index.htm,https://www.sec.gov/Archives/edgar/data/49826/000004982619000103/itw-20190930x10q.htm,10.794291033198885,2.04778156996587,2.854483400558486,2.575240459199504,5.662426310890475,9.215017064846416,-7.291343468817872,9.202606267452683,23.87527148619299,50436727000.0,56254727000.0,19.10482083333333,14.497478298361598,54.82252934782608,60.76714096385543,17.00496527309508,17.00496527309508,16.16979793043978,57.57904503582395,61.14644239130435,67.77677951807229,0.0130857024088815,0.0164562621202601,2.576871207012812,0.5108957219251337,5.95496417604913,2.8092667566351777,16.692307692307693,1.393939393939394,0.0064040634516192,0.4893939393939394,0.1626904282839896,0.1626904282839896,0.355614973262032,0.0978260869565217,0.0258695027306697,0.8653846153846154,0.0028743891922966,20.591524202404138,0.0534176059908878,0.0684647302904564,-23.8481228668942,4022000000.0,-2350000000.0,-5745000000.0,11035000000.0,2564000000.0,502500000.0,1232500000.0,64.64788732394366,22.10762331838565,54.2152466367713,1.392156862745098,4.070993914807302,1.6600496277915633,0.222521915037087,0.2792429413589823,2019-10-25,1.94,bmo,3308460784.0,2025-04-23,2019-09-30,0.0515463917525773,151.83375,1268576.28125
2019-06-30,ITW,USD,49826,2019-08-02,2019-08-01 17:50:38,2019,Q2,3609000000.0,2099000000.0,1510000000.0,0.4183984483,598000000,598000000.0,0.0,598000000.0,9000000.0,639000000.0,2738000000.0,0.0,55000000.0,107000000.0,984000000.0,0.2726517041,871000000.0,0.2413410917,-46000000.0,825000000.0,0.2285951787,202000000.0,623000000.0,0.1726239956,1.92,1.91,324800000,326600000,https://www.sec.gov/Archives/edgar/data/49826/000004982619000088/0000049826-19-000088-index.htm,https://www.sec.gov/Archives/edgar/data/49826/000004982619000088/itw-20190630x10q.htm,11.111453201970445,1.918103448275862,2.108990147783252,1.8719211822660096,5.163177339901478,9.528940886699507,-7.192118226600985,9.516625615763546,24.211822660098523,49223440000.0,55355440000.0,19.75258426966292,13.639080077583818,71.85903649635037,80.9596052631579,15.924762212876097,15.924762212876097,15.33816569686894,56.25552845528456,80.81086131386861,91.04513157894736,0.0126565717471188,0.0123518388800132,2.526366871562601,0.5141897675643643,6.2317073170731705,2.8743144424131626,15.836363636363636,1.0995184590690208,0.0066228609784281,0.5232744783306581,0.1656968689387642,0.1656968689387642,0.357608480937644,0.1124087591240875,0.0213355500138542,0.719626168224299,0.0033250207813798,20.26603387974064,0.050599043749286,0.0638581385813858,-24.061730295566505,4101000000.0,-2336000000.0,-5803000000.0,11249000000.0,2672000000.0,540000000.0,1301000000.0,65.56109725685785,21.953311100524058,53.85421629347308,1.3727653100038038,4.099609375,1.6711783439490446,0.2015528955030734,0.2370689655172413,2019-07-26,1.98,bmo,3741267015.0,2025-04-23,2019-06-30,0.0101010101010101,150.9690476190476,1254171.5396825396
2019-03-31,ITW,USD,49826,2019-05-03,2019-05-02 19:43:01,2019,Q1,3552000000.0,2059000000.0,1493000000.0,0.4203265766,611000000,611000000.0,0.0,611000000.0,14000000.0,654000000.0,2713000000.0,0.0,63000000.0,110000000.0,955000000.0,0.2688626126,839000000.0,0.236204955,-49000000.0,790000000.0,0.2224099099,193000000.0,597000000.0,0.1680743243,1.82,1.81,327300000,329600000,https://www.sec.gov/Archives/edgar/data/49826/000004982619000055/0000049826-19-000055-index.htm,https://www.sec.gov/Archives/edgar/data/49826/000004982619000055/itw-20190331x10q.htm,10.85242896425298,1.8240146654445464,1.882065383440269,1.6468072105102352,5.362053162236481,9.77696303085854,-7.531316834708218,9.764741827069969,23.843568591506266,48551682000.0,54537682000.0,20.33152512562814,13.668829391891892,78.81766558441558,90.07733209647496,15.19138986232791,15.19138986232791,15.35407713963964,57.10752041884817,88.53519805194806,101.18308348794064,0.0122961754445499,0.0111015721350292,2.422090112640801,0.5050893905781025,6.268062827225131,1.5337036101994446,13.317460317460318,1.031825795644891,0.0067556876814278,0.5494137353433836,0.1720157657657657,0.1720157657657657,0.369633302883988,0.125,0.0216779279279279,0.7,0.0028153153153153,20.018696927603617,0.0483069801084991,0.0617948452541144,-23.40895203177513,2114000000.0,-2465000000.0,-6051000000.0,9544000000.0,1357500000.0,546000000.0,1332000000.0,68.79222972972974,24.827586206896555,58.83438562408937,1.3082872928176796,3.625,1.5297176820208025,0.1867959949937421,0.2352581729300336,2019-04-25,1.8,bmo,3532375690.0,2025-04-23,2019-03-31,0.0055555555555555,138.3467213114754,1485856.8032786886
2018-12-31,ITW,USD,49826,2019-02-15,2019-02-15 15:56:45,2018,Q4,3580000000.0,2096000000.0,1484000000.0,0.4145251397,2391000000,0.0,0.0,578000000.0,19000000.0,624000000.0,2720000000.0,35000000.0,63000000.0,46000000.0,980000000.0,0.2737430168,860000000.0,0.2402234637,-44000000.0,816000000.0,0.2279329609,209000000.0,607000000.0,0.1695530726,1.84,1.83,329800000,331600000,https://www.sec.gov/Archives/edgar/data/49826/000004982619000021/0000049826-19-000021-index.htm,https://www.sec.gov/Archives/edgar/data/49826/000004982619000021/itw-20181231x10k.htm,10.855063674954518,1.840509399636143,2.453001819284415,2.2043662825955126,4.5603395997574285,9.878714372346876,-7.456033959975743,9.866585809581563,22.568223165554883,41782362000.0,47658362000.0,17.208551070840198,11.671050837988826,51.64692459826946,57.472299862448416,12.840307928703131,12.840307928703131,13.312391620111732,48.63098163265306,58.91021260815822,65.55483081155434,0.0145276612174294,0.0173996864992936,2.267977873386601,0.4963012777404169,5.995918367346939,1.6312817617165445,13.65079365079365,1.3327841845140034,0.0079459366131574,0.5469522240527183,0.0,0.667877094972067,0.3844653665097511,0.1013597033374536,0.0229050279329608,0.7130434782608696,0.0025139664804469,20.21360280378433,0.0504559028438254,0.0663170545176444,-28.650697392359007,2236000000.0,-2459000000.0,-5834000000.0,9744000000.0,1388500000.0,550000000.0,1328000000.0,0.0,22.5,56.59351145038168,0.0,4.0,1.590288315629742,0.186539643515673,0.2486355366889023,2019-02-01,1.82,bmo,3560437158.0,2025-04-23,2018-12-31,0.0054945054945054,131.70158730158732,1894364.7142857143
2018-09-30,ITW,USD,49826,2018-11-01,2018-11-01 10:36:07,2018,Q3,3613000000.0,2096000000.0,1517000000.0,0.419872682,581000000,0.0,0.0,581000000.0,10000000.0,628000000.0,2724000000.0,0.0,64000000.0,47000000.0,1009000000.0,0.2792693053,889000000.0,0.2460559092,-54000000.0,835000000.0,0.231109881,197000000.0,638000000.0,0.1765845558,1.91,1.9,333300000,335300000,https://www.sec.gov/Archives/edgar/data/49826/000004982618000106/0000049826-18-000106-index.htm,https://www.sec.gov/Archives/edgar/data/49826/000004982618000106/itw-20180930x10q.htm,10.84008400840084,1.9141914191419145,2.532253225322532,2.2292229222922293,4.767476747674768,10.63906390639064,-6.717671767176718,10.627062706270626,22.40624062406241,47708561999.99999,53523561999.99999,18.694577586206893,13.204694713534456,56.52673222748816,64.21071601615073,13.469385093167702,13.469385093167702,14.814160531414336,53.04614667988106,63.416542654028426,72.03709555854643,0.0133728616678909,0.015573724481572,2.090344438170525,0.483321365624388,5.763131813676908,1.6216216216216215,13.890625,1.322884012539185,0.00549167673509,0.4106583072100313,0.0,0.1608081926376972,0.3776356159018212,0.1196682464454976,0.0279546083587046,0.8782608695652174,0.0030445613063935,21.393929640626837,0.0522266554082362,0.066918397314873,-22.2989798979898,2277000000.0,-2239000000.0,-5833000000.0,9861000000.0,2827500000.0,599500000.0,1329000000.0,69.17520066426792,24.73282442748092,57.45229007633588,1.3010442924018726,3.638888888888889,1.5665171898355754,0.1801242236024844,0.303030303030303,2018-10-24,1.88,bmo,3574968421.0,2025-04-23,2018-09-30,0.0106382978723404,140.92984126984126,1541589.9206349207
2018-06-30,ITW,USD,49826,2018-08-03,2018-08-02 18:38:55,2018,Q2,3831000000.0,2231000000.0,1600000000.0,0.4176455234,620000000,0.0,0.0,620000000.0,26000000.0,668000000.0,2899000000.0,0.0,64000000.0,48000000.0,1053000000.0,0.2748629601,932000000.0,0.2432785174,-38000000.0,894000000.0,0.2333594362,228000000.0,666000000.0,0.1738449491,1.98,1.97,336700000,338900000,https://www.sec.gov/Archives/edgar/data/49826/000004982618000089/0000049826-18-000089-index.htm,https://www.sec.gov/Archives/edgar/data/49826/000004982618000089/itw-20180630x10q.htm,11.378081378081378,1.978021978021978,1.8414018414018416,1.583011583011583,4.835164835164835,11.25037125037125,-6.13008613008613,11.24146124146124,22.224532224532226,46646418000.0,52437418000.0,17.509916666666665,12.17604228660924,75.23615806451613,87.51673170731708,12.324020607661822,12.324020607661822,13.687658052727746,49.79811775878443,84.5764806451613,98.38164727954972,0.0142776236323226,0.0114263864805224,1.960105680317041,0.4779359659859563,5.499525166191833,1.7251198195658304,14.5625,0.9309309309309308,0.0056595985569567,0.3963963963963964,0.0,0.161837640302793,0.3769889840881273,0.1403225806451613,0.0227094753328112,0.75,0.002871312973114,22.367538789853093,0.052101810358113,0.0688656809016647,-21.64686664686665,2572000000.0,-2064000000.0,-5616000000.0,10207000000.0,2876000000.0,639000000.0,1327500000.0,67.6115896632733,25.1322277005827,53.24966382787988,1.3311327310632384,3.581059390048154,1.6901515151515152,0.1759577278731836,0.2583902583902583,2018-07-23,1.97,bmo,3831000000.0,2025-04-23,2018-06-30,0.0,148.02875,1586989.046875
2018-03-30,ITW,USD,49826,2018-05-04,2018-05-04 15:50:09,2018,Q1,3744000000.0,2181000000.0,1563000000.0,0.4174679487,612000000,0.0,0.0,612000000.0,12000000.0,660000000.0,2841000000.0,0.0,66000000.0,48000000.0,1023000000.0,0.2732371795,903000000.0,0.2411858974,-54000000.0,849000000.0,0.2267628205,197000000.0,652000000.0,0.1741452991,1.92,1.9,340200000,342800000,https://www.sec.gov/Archives/edgar/data/49826/000004982618000053/0000049826-18-000053-index.htm,https://www.sec.gov/Archives/edgar/data/49826/000004982618000053/itw-20180331x10q.htm,11.005291005291005,1.916519694297472,1.5814226925338035,1.3051146384479717,5.702527924750147,12.23691945914168,-5.461493239271017,12.225161669606116,22.38389182833627,53295732000.0,58904732000.0,20.435480061349693,14.234971153846152,99.06269888475836,120.03543243243244,12.81455446020678,12.81455446020678,15.733101495726496,57.58038318670577,109.4883494423792,132.6683153153153,0.0122336250114737,0.008330873474071,1.8150997836018272,0.4670543834684155,5.482893450635386,2.195897435897436,13.681818181818182,0.8251533742331288,0.0049910187930245,0.4079754601226993,0.0,0.1634615384615384,0.3725174781909299,0.174721189591078,0.0251068376068376,0.8173913043478261,0.0024038461538461,22.96017573712885,0.0498971049549799,0.0642871228554525,-21.27278071722516,3498000000.0,-1858000000.0,-5577000000.0,11348000000.0,1437000000.0,622500000.0,1277500000.0,69.08653846153847,27.028885832187072,55.08940852819808,1.302713987473904,3.329770992366412,1.6337078651685393,0.1567684539552777,0.2763080540858318,2018-04-26,1.86,bmo,3665178947.0,2025-04-23,2018-03-30,0.0215053763440859,166.00540983606558,1508380.6557377048
2017-12-31,ITW,USD,49826,2018-02-15,2018-02-15 11:12:45,2017,Q4,3629000000.0,2124000000.0,1505000000.0,0.4147147975,2400000000,605000000.0,0.0,605000000.0,12000000.0,655000000.0,2779000000.0,45000000.0,66000000.0,50000000.0,968000000.0,0.2667401488,850000000.0,0.2342243042,-54000000.0,796000000.0,0.2193441719,872000000.0,-76000000.0,-0.0209424084,-0.22,-0.22,340411808,342100000,https://www.sec.gov/Archives/edgar/data/49826/000004982618000017/0000049826-18-000017-index.htm,https://www.sec.gov/Archives/edgar/data/49826/000004982618000017/itw-20171231x10k.htm,10.660617272124709,-0.2232590004633446,2.041644806868744,1.8125105695511008,9.088991413599848,13.48073096218801,-4.215482442959205,13.468980488479412,24.65836907749099,56797710164.8,62031710164.8,-186.8345729105263,15.651063699311104,81.7233239781295,92.0546355993517,12.387723045757909,12.387723045757909,17.093334297271973,64.08234521157024,89.25425922992805,100.53761777115072,-0.0013380821124563,0.0108631139919154,1.8163576881134136,0.4963051251489869,5.4070247933884295,2.3838847035702586,12.87878787878788,-9.144736842105264,0.0047008937371822,-3.513157894736842,0.1667125930008266,0.6613392119041058,0.3589988081048867,0.1122302158273381,0.0214935243868834,0.6610169491525424,0.0024800220446403,,-0.0055673855316232,-0.0070658237262923,-24.93156759121587,4225000000.0,-1435000000.0,-4913000000.0,12027000000.0,1336000000.0,587500000.0,1222500000.0,0.0,25.0,51.69491525423729,0.0,3.6,1.740983606557377,-0.0165757906215921,0.2291342373176432,2018-01-24,1.62,bmo,3458223529.0,2025-04-23,2017-12-31,0.0493827160493826,159.48190476190476,1120879.603174603
2017-09-30,ITW,USD,49826,2017-10-27,2017-10-27 10:26:05,2017,Q3,3615000000.0,2094000000.0,1521000000.0,0.420746888,589000000,589000000.0,0.0,589000000.0,10000000.0,640000000.0,2734000000.0,0.0,65000000.0,51000000.0,997000000.0,0.2757952974,961000000.0,0.2658367911,-54000000.0,906000000.0,0.2506224066,266000000.0,640000000.0,0.1770401107,1.86,1.85,343400000,346000000,https://www.sec.gov/Archives/edgar/data/49826/000004982617000144/0000049826-17-000144-index.htm,https://www.sec.gov/Archives/edgar/data/49826/000004982617000144/itw-20170930x10q.htm,10.527082119976704,1.86371578334304,2.27140361094933,2.044263249854397,8.110075713453698,14.635993011065812,-2.9848573092603377,14.627256843331391,23.88468258590565,50809464000.0,56161464000.0,19.847446875,14.055176763485475,65.14033846153846,72.37815384615385,10.11536213418276,10.11536213418276,15.53567468879668,56.33045536609829,72.00187692307692,80.00208547008548,0.0125960785573333,0.013816323667575,1.6199482381047183,0.4987740590903518,5.368104312938817,2.410882455528427,14.784615384615384,1.21875,0.0044086274950666,0.35,0.1629322268326417,0.1629322268326417,0.3709084222140493,0.1,0.0215767634854771,0.6724137931034483,0.0022130013831258,24.766380691037742,0.0479923716599676,0.0623599337425704,-17.14181712288876,4045000000.0,-1025000000.0,-4376000000.0,11855000000.0,2650500000.0,583500000.0,1212000000.0,66.52282157676349,25.143266475644698,52.65042979942693,1.3529191616766467,3.57948717948718,1.7093877551020409,0.127413896078041,0.227140361094933,2017-10-23,1.65,bmo,3224189189.0,2025-04-23,2017-09-30,0.1212121212121213,142.18396825396826,1121561.761904762
2017-06-30,ITW,USD,49826,2017-08-04,2017-08-03 17:51:46,2017,Q2,3599000000.0,2087000000.0,1512000000.0,0.4201166991,586000000,586000000.0,0.0,586000000.0,10000000.0,638000000.0,2725000000.0,0.0,65000000.0,52000000.0,971000000.0,0.2697971659,874000000.0,0.2428452348,-53000000.0,819000000.0,0.227563212,232000000.0,587000000.0,0.1631008614,1.7,1.69,344700000,347500000,https://www.sec.gov/Archives/edgar/data/49826/000004982617000123/0000049826-17-000123-index.htm,https://www.sec.gov/Archives/edgar/data/49826/000004982617000123/itw-20170630x10q.htm,10.440963156367856,1.7029300841311286,1.3460980562808238,1.122715404699739,7.241079199303742,13.84972439802727,-3.675659994197853,13.8410211778358,23.54511169132579,49378275000.0,54933275000.0,21.0299297274276,13.719998610725202,106.41869612068966,127.59244186046512,10.349669880528191,10.349669880528191,15.263482911919978,56.57391864057673,118.39067887931034,141.94644702842376,0.0118878190864302,0.0078374548321098,1.68748690002096,0.5056525562115313,5.720906282183316,2.3248407643312103,13.446153846153846,0.7904599659284497,0.0045364079648387,0.3816013628620102,0.162823006390664,0.162823006390664,0.3794121341540007,0.1659482758620689,0.0213948318977493,0.6754385964912281,0.0027785495971103,23.02892866752022,0.0454355570044262,0.059406942617144,-17.640702059762113,3744000000.0,-1267000000.0,-4578000000.0,11511000000.0,2581500000.0,578000000.0,1178500000.0,65.74326201722701,25.09822712026833,51.705797795879256,1.3689615823507038,3.5859106529209623,1.7406171809841535,0.1230350031439949,0.223382651581085,2017-07-24,1.64,bmo,3492520710.0,2025-04-23,2017-06-30,0.0121951219512195,139.4688888888889,1286712.761904762
2017-03-31,ITW,USD,49826,2017-05-05,2017-05-05 16:03:30,2017,Q1,3471000000.0,2004000000.0,1467000000.0,0.422644771,605000000,605000000.0,0.0,605000000.0,4000000.0,658000000.0,2662000000.0,0.0,64000000.0,53000000.0,923000000.0,0.265917603,809000000.0,0.2330740421,-60000000.0,749000000.0,0.2157879574,213000000.0,536000000.0,0.1544223567,1.55,1.54,346200000,349000000,https://www.sec.gov/Archives/edgar/data/49826/000004982617000088/0000049826-17-000088-index.htm,https://www.sec.gov/Archives/edgar/data/49826/000004982617000088/itw-20170331x10q.htm,10.025996533795494,1.5482380127094164,1.33737723859041,1.1525129982668978,7.20103986135182,12.992489890236858,-4.384748700173311,12.978047371461583,22.93471981513576,45861114000.0,51244114000.0,21.39044496268657,13.212651685393258,99.05208207343412,114.94013533834588,10.2072365902515,10.2072365902515,14.763501584557764,55.51908342361863,110.67843196544275,128.4313634085213,0.011687461407937,0.0087001811600128,1.752949031827287,0.5071801146242514,5.832069339111593,2.236521739130435,12.640625,0.8638059701492538,0.0049279221608092,0.4216417910447761,0.1743013540766349,0.1743013540766349,0.3874042114753043,0.1382289416846652,0.0184384903486027,0.5614035087719298,0.0025929127052722,21.262523159373817,0.0434474483802042,0.0563439503836854,-17.5,3555000000.0,-1518000000.0,-4601000000.0,11245000000.0,1267000000.0,542500000.0,1117000000.0,65.70440795159897,25.778443113772457,52.00598802395209,1.3697711128650356,3.491289198606272,1.7305699481865284,0.119296683730247,0.1848642403235124,2017-04-24,1.45,bmo,3268149350.0,2025-04-23,2017-03-31,0.0620689655172414,129.34693548387096,1290061.6129032257
2016-12-31,ITW,USD,49826,2017-02-10,2017-02-10 13:52:48,2016,Q4,3399000000.0,2006000000.0,1393000000.0,0.4098264195,2415000000,597000000.0,0.0,597000000.0,47000000.0,651000000.0,2657000000.0,38000000.0,63000000.0,54000000.0,860000000.0,0.2530155928,742000000.0,0.2182994999,-16000000.0,726000000.0,0.213592233,219000000.0,507000000.0,0.1491615181,1.46,1.45,348300000,350400000,https://www.sec.gov/Archives/edgar/data/49826/000004982617000022/0000049826-17-000022-index.htm,https://www.sec.gov/Archives/edgar/data/49826/000004982617000022/itw-20161231x10k.htm,9.758828596037898,1.4556416881998278,1.9064025265575653,1.702555268446741,7.097329888027563,12.227964398507034,-5.058857306919323,12.213608957795005,22.65862761986793,42652818000.0,48009818000.0,21.031961538461537,12.548637246248896,64.23617168674699,71.92718043844857,10.026520451339914,10.026520451339914,14.124689026184171,55.82536976744186,72.30394277108434,80.96090725126476,0.0118866706532731,0.0139029500934733,1.8403855195110483,0.5150319057956714,6.22906976744186,2.218478260869565,11.77777777777778,1.309664694280079,0.0053454850275074,0.4497041420118343,0.175639894086496,0.7105030891438658,0.3960923623445826,0.1069277108433734,0.0208884966166519,0.6016949152542372,0.0023536334215945,20.000484072956542,0.0395763807927143,0.0552287581699346,-22.77347114556417,3363000000.0,-1762000000.0,-4819000000.0,11036000000.0,1248000000.0,546500000.0,1121500000.0,0.0,22.926221335992025,48.27517447657029,0.0,3.925636007827789,1.8643122676579928,0.119181946403385,0.203847258110824,2017-01-25,1.37,bmo,3350093525.0,2025-04-23,2016-12-31,0.0145985401459852,120.7926984126984,1577667.6825396826
2016-09-30,ITW,USD,49826,2016-10-28,2016-10-27 17:44:19,2016,Q3,3495000000.0,2027000000.0,1468000000.0,0.4200286123,604000000,604000000.0,0.0,604000000.0,13000000.0,660000000.0,2687000000.0,0.0,58000000.0,56000000.0,928000000.0,0.2655221745,808000000.0,0.2311874106,-45000000.0,763000000.0,0.2183118741,228000000.0,535000000.0,0.1530758226,1.51,1.5,353500000,355500000,https://www.sec.gov/Archives/edgar/data/49826/000004982616000259/0000049826-16-000259-index.htm,https://www.sec.gov/Archives/edgar/data/49826/000004982616000259/itw-20160930x10q.htm,9.886845827439886,1.5134370579915135,1.765205091937765,1.536067892503536,6.503536067892504,13.55869872701556,-3.954738330975955,13.544554455445544,21.926449787835928,42363440000.0,47757440000.0,19.796,12.121155937052931,67.8901282051282,78.01738489871086,8.847836257309941,8.847836257309941,13.66450357653791,51.462758620689655,76.53435897435898,87.95108655616943,0.0126288139017983,0.0128176559788345,1.6067251461988303,0.4897192692087338,5.8125,1.7742398164084912,13.93103448275862,1.166355140186916,0.0046030256277582,0.3644859813084112,0.1728183118741058,0.1728183118741058,0.3941052899611688,0.1298076923076923,0.023175965665236,0.675,0.0031473533619456,21.476119052432296,0.0416981732499871,0.0562092876654759,-17.42998585572843,2699000000.0,-1398000000.0,-4731000000.0,10592000000.0,2454500000.0,550500000.0,1156000000.0,64.27467811158797,25.84114454859398,51.81549087321164,1.4002403846153846,3.482817869415808,1.7369323050556984,0.1117376775271512,0.2291371994342291,2016-10-20,1.49,bmo,3471700000.0,2025-04-23,2016-09-30,0.0067114093959731,116.09140625,1370093.296875
2016-06-30,ITW,USD,49826,2016-08-04,2016-08-04 16:20:53,2016,Q2,3431000000.0,1967000000.0,1464000000.0,0.4266977558,617000000,617000000.0,0.0,617000000.0,17000000.0,672000000.0,2639000000.0,0.0,58000000.0,55000000.0,907000000.0,0.2643544156,792000000.0,0.2308364908,-41000000.0,751000000.0,0.218886622,226000000.0,525000000.0,0.1530166132,1.47,1.46,356600000,358500000,https://www.sec.gov/Archives/edgar/data/49826/000004982616000240/0000049826-16-000240-index.htm,https://www.sec.gov/Archives/edgar/data/49826/000004982616000240/itw-20160630x10q.htm,9.621424565339316,1.4722378014582165,1.5002804262478968,1.3208076275939429,6.604038137969714,13.881099270891756,-2.683679192372406,13.869882220975883,20.25238362310712,37143456000.0,41952456000.0,17.687359999999998,10.825839696881376,69.42702056074766,78.86084076433121,7.509797007682976,7.509797007682976,12.227471874089186,46.25408599779493,78.41580560747664,89.07103184713375,0.0141343874947985,0.0126805647810478,1.4484431864132632,0.4706346078044935,5.302094818081588,2.183781869688385,13.655172413793103,1.019047619047619,0.0053306832837525,0.3771428571428571,0.1798309530749052,0.1798309530749052,0.3880567599527,0.119626168224299,0.0186534538035558,0.5565217391304348,0.0032060623724861,21.434661425331957,0.0417479855442328,0.0563607085346215,-15.520891755468313,3343000000.0,-957000000.0,-4105000000.0,10830000000.0,2403500000.0,522000000.0,1139500000.0,63.29641503934712,23.746822572445343,52.38942552109812,1.421881475341898,3.789980732177264,1.7179039301310044,0.1061463809138698,0.179472798653954,2016-07-20,1.4,bmo,3290000000.0,2025-04-23,2016-06-30,0.0428571428571429,104.69453125,1526331.71875
2016-03-31,ITW,USD,49826,2016-05-06,2016-05-05 18:12:14,2016,Q1,3274000000.0,1896000000.0,1378000000.0,0.4208918754,597000000,597000000.0,0.0,597000000.0,4000000.0,656000000.0,2552000000.0,0.0,58000000.0,59000000.0,839000000.0,0.2562614539,722000000.0,0.2205253513,-54000000.0,668000000.0,0.2040317654,200000000.0,468000000.0,0.1429444105,1.29,1.29,362000000,363900000,https://www.sec.gov/Archives/edgar/data/49826/000004982616000182/0000049826-16-000182-index.htm,https://www.sec.gov/Archives/edgar/data/49826/000004982616000182/itw-20160331x10q.htm,9.044198895027623,1.292817679558011,1.3232044198895028,1.1657458563535912,6.762430939226519,14.425414364640885,-2.1629834254143647,14.414364640883978,19.50552486187845,37083280000.0,41638280000.0,19.809444444444445,11.326597434331092,77.41812108559499,87.8750710900474,7.10679954005366,7.10679954005366,12.717861942577889,49.62846245530393,86.92751565762005,98.66890995260664,0.0126202428695627,0.0113797916473407,1.3420850900728247,0.4536503206581589,5.4290822407628125,2.297864506627393,12.448275862068966,1.0235042735042734,0.0053932661835738,0.4273504273504273,0.1823457544288332,0.1823457544288332,0.3890004534559824,0.1189979123173277,0.0174098961514966,0.4871794871794871,0.0027489309712889,20.47659084332497,0.0378305538351163,0.049618320610687,-14.929558011049725,3525000000.0,-783000000.0,-3974000000.0,11128000000.0,1197000000.0,487000000.0,1110000000.0,65.8094074526573,24.920886075949365,53.82911392405063,1.3675856307435257,3.611428571428571,1.671957671957672,0.0896895362207742,0.1574585635359116,2016-04-20,1.26,bmo,3197860465.0,2025-04-23,2016-03-31,0.0238095238095238,92.57491803278688,2057857.524590164
2015-12-31,ITW,USD,49826,2016-02-12,2016-02-11 18:14:40,2015,Q4,3275000000.0,1941000000.0,1334000000.0,0.4073282443,2417000000,598000000.0,0.0,598000000.0,13000000.0,655000000.0,2596000000.0,0.0,58000000.0,57000000.0,800000000.0,0.2442748092,679000000.0,0.2073282443,-45000000.0,634000000.0,0.1935877863,184000000.0,450000000.0,0.1374045802,1.24,1.23,363700000,365900000,https://www.sec.gov/Archives/edgar/data/49826/000004982616000151/0000049826-16-000151-index.htm,https://www.sec.gov/Archives/edgar/data/49826/000004982616000151/itw-20151231x10k.htm,9.004674182018146,1.2372834753918065,1.932911740445422,1.726697827880121,8.496013197690404,14.374484465218586,-2.119879021171295,14.363486389881771,20.56640087984603,33707716000.000004,38039716000.0,18.72650888888889,10.292432366412214,47.94838691322902,53.67470700636943,6.452472434915774,6.452472434915774,11.615180458015269,47.549645,54.110549075391184,60.57279617834395,0.0133500590784614,0.0186307491139417,1.420750382848392,0.4718672515735266,5.415,2.8378378378378377,11.70689655172414,1.5622222222222222,0.0059333595904273,0.4444444444444444,0.1825954198473282,0.7380152671755725,0.3813974187805963,0.1066856330014224,0.0229007633587786,0.6198347107438017,0.002442748091603,19.996583410231764,0.0347044043415772,0.0462487153134635,-18.88369535331317,4352000000.0,-771000000.0,-3781000000.0,11928000000.0,1169500000.0,473500000.0,1119500000.0,0.0,20.819165378670785,50.35548686244204,0.0,4.32293986636971,1.787292817679558,0.0861408882082695,0.206213912565301,2016-01-27,1.21,bmo,3221747967.0,2025-04-23,2015-12-31,0.0165289256198347,90.77625,1570300.59375
2015-09-30,ITW,USD,49826,2015-10-30,2015-10-29 18:28:58,2015,Q3,3354000000.0,1953000000.0,1401000000.0,0.4177101968,581000000,581000000.0,0.0,581000000.0,23000000.0,638000000.0,2591000000.0,0.0,59000000.0,57000000.0,843000000.0,0.2513416816,761000000.0,0.2268932618,-36000000.0,725000000.0,0.2161598092,214000000.0,511000000.0,0.1523553965,1.4,1.39,365100000,367100000,https://www.sec.gov/Archives/edgar/data/49826/000004982615000115/0000049826-15-000115-index.htm,https://www.sec.gov/Archives/edgar/data/49826/000004982615000115/itw-20150930x10q.htm,9.186524239934265,1.3996165434127636,1.9337167899205696,1.7639003012873185,8.21966584497398,13.941385921665296,-2.73349767187072,13.93043001917283,21.55847712955355,30051381000.0,34862381000.0,14.70224119373777,8.959863148479428,42.5656954674221,46.6636350931677,5.908647463625639,5.908647463625639,10.394269827072153,41.35513760379597,49.38014305949009,54.13413198757764,0.0170042102224852,0.0214299635680636,1.5359811246559183,0.485096870342772,5.70699881376038,2.558370044052864,12.898305084745765,1.38160469667319,0.005889912347123,0.3463796477495107,0.1732259988073941,0.1732259988073941,0.3780427223050174,0.0878186968838526,0.0184853905784138,0.5166666666666667,0.0026833631484794,20.944888565303508,0.0377940947789915,0.0510183706070287,-15.563544234456314,4245000000.0,-998000000.0,-4045000000.0,11934000000.0,2375500000.0,515500000.0,1172000000.0,62.76386404293381,22.94930875576037,53.1336405529954,1.4339461308251389,3.921686746987952,1.6938421509106678,0.1004718836020448,0.1698164886332511,2015-10-21,1.36,bmo,3281611510.0,2025-04-23,2015-09-30,0.0220588235294116,87.47640625,1814433.21875
2015-06-30,ITW,USD,49826,2015-08-07,2015-08-07 10:08:50,2015,Q2,3434000000.0,2024000000.0,1410000000.0,0.4105998835,622000000,622000000.0,0.0,622000000.0,21000000.0,680000000.0,2704000000.0,0.0,55000000.0,58000000.0,848000000.0,0.2469423413,730000000.0,0.2125800815,-34000000.0,696000000.0,0.2026790914,216000000.0,480000000.0,0.1397786838,1.31,1.3,366200000,368400000,https://www.sec.gov/Archives/edgar/data/49826/000004982615000101/0000049826-15-000101-index.htm,https://www.sec.gov/Archives/edgar/data/49826/000004982615000101/itw-20150630x10q.htm,9.377389404696888,1.3107591480065537,1.2233752048061168,1.0486073184052431,7.804478427089022,14.489350081922447,-2.501365374112507,14.478427089022391,21.48552703440743,33613498000.000004,38568498000.0,17.507030208333337,9.788438555620267,75.03012946428572,87.53515104166668,6.339777065258393,6.339777065258393,11.231362259755388,45.48171933962264,86.09039732142857,100.438796875,0.0142799776446949,0.0114239821157559,1.47359486986043,0.4779177881086371,5.84316037735849,2.561179898033503,13.272727272727272,0.9333333333333332,0.0053252416633341,0.3729166666666667,0.1811298776936517,0.1811298776936517,0.3805970149253731,0.1428571428571428,0.0186371578334304,0.5423728813559322,0.0029120559114735,20.66395271972052,0.0349107742779328,0.0474027256567252,-15.782359366466412,4287000000.0,-916000000.0,-4009000000.0,12145000000.0,2389500000.0,601500000.0,1189000000.0,63.21490972626675,23.700592885375496,52.95948616600791,1.423714759535655,3.797373358348968,1.6994122586062133,0.0905318747642399,0.1747678864008738,2015-07-22,1.28,bmo,3381169230.0,2025-04-23,2015-06-30,0.015625,95.18571428571428,1692483.2222222222
2015-03-31,ITW,USD,49826,2015-05-07,2015-05-07 15:55:16,2015,Q1,3342000000.0,1970000000.0,1372000000.0,0.4105326152,616000000,616000000.0,0.0,616000000.0,21000000.0,675000000.0,2645000000.0,0.0,54000000.0,59000000.0,815000000.0,0.2438659485,697000000.0,0.2085577499,-33000000.0,664000000.0,0.1986834231,206000000.0,458000000.0,0.1370436864,1.22,1.21,376600000,379200000,https://www.sec.gov/Archives/edgar/data/49826/000004982615000055/0000049826-15-000055-index.htm,https://www.sec.gov/Archives/edgar/data/49826/000004982615000055/itw-20150331x10q.htm,8.874137015400956,1.216144450345194,1.1736590546999468,0.9532660647902284,7.09506107275624,13.228890069038767,-3.31651619755709,13.218268720127456,20.199150292087097,36582924000.0,41463924000.0,19.968844978165937,10.946416517055654,82.76679638009051,101.90229526462396,7.348920048212133,7.348920048212133,12.40691921005386,50.87598036809816,93.80978280542986,115.49839554317548,0.012519502268326,0.0098133216470066,1.51727601446364,0.473928593838238,5.988957055214724,1.780715811965812,12.907407407407408,0.965065502183406,0.0050843393491455,0.4061135371179039,0.1843207660083782,0.1843207660083782,0.3909769718265671,0.1877828054298642,0.0248354278874925,0.7033898305084746,0.0041891083183722,19.018275245431056,0.0345847096031056,0.0471873068205233,-15.70432819968136,2923000000.0,-1249000000.0,-4288000000.0,10778000000.0,1183500000.0,591000000.0,1183500000.0,63.74326750448832,30.609137055837564,54.22842639593909,1.41191381495564,2.9402985074626864,1.6596461668070768,0.0920048212133387,0.2203929899097185,2015-04-21,1.17,bmo,3231520661.0,2025-04-23,2015-03-31,0.0341880341880342,96.39475409836064,1889901.0
2014-12-31,ITW,USD,49826,2015-02-13,2015-02-13 13:36:31,2014,Q4,3504000000.0,2114000000.0,1390000000.0,0.3966894977,2678000000,644000000.0,0.0,644000000.0,25000000.0,704000000.0,2818000000.0,0.0,54000000.0,60000000.0,806000000.0,0.2300228311,686000000.0,0.1957762557,-29000000.0,657000000.0,0.1875,196000000.0,450000000.0,0.1284246575,1.17,1.16,386400000,389200000,https://www.sec.gov/Archives/edgar/data/49826/000004982615000016/0000049826-15-000016-index.htm,https://www.sec.gov/Archives/edgar/data/49826/000004982615000016/itw-20141231x10k.htm,9.06832298136646,1.1645962732919255,1.1853002070393377,0.9549689440993788,10.326086956521738,17.660455486542443,0.9265010351966874,17.64751552795031,19.43840579710145,36592080000.0,40059080000.0,20.32893333333333,10.442945205479452,79.8953711790393,99.16552845528456,5.3661944566652,5.3661944566652,11.43238584474886,49.70109181141439,87.46524017467249,108.56119241192413,0.0122977431181829,0.01008414935691,1.0935621058806275,0.42182373571671,4.301488833746898,2.2858760260401927,12.703703703703704,1.0155210643015522,0.0051923804276772,0.4222222222222222,0.1837899543378995,0.764269406392694,0.3657653580721801,0.1943231441048035,0.0253995433789954,0.7416666666666667,0.0025684931506849,21.504073878593964,0.0308141958922915,0.0401355690331787,-16.23706004140787,4543000000.0,358000000.0,-2778000000.0,12695000000.0,1259500000.0,553000000.0,1222500000.0,0.0,21.79754020813624,50.23651844843898,0.0,4.12890625,1.7915254237288136,0.0659920809502859,0.2303312629399586,2015-01-27,1.13,bmo,3355525423.0,2025-04-23,2014-12-31,0.0442477876106195,91.07921875,1826568.171875
2014-09-30,ITW,USD,49826,2014-10-31,2014-10-31 10:16:13,2014,Q3,3692000000.0,2182000000.0,1510000000.0,0.408992416,675000000,675000000.0,0.0,675000000.0,20000000.0,735000000.0,2917000000.0,0.0,68000000.0,60000000.0,855000000.0,0.2315817985,772000000.0,0.2091007584,-48000000.0,724000000.0,0.196099675,217000000.0,531000000.0,0.1438244854,1.35,1.34,394000000,396800000,https://www.sec.gov/Archives/edgar/data/49826/000004982614000148/0000049826-14-000148-index.htm,https://www.sec.gov/Archives/edgar/data/49826/000004982614000148/itw-20140930x10q.htm,9.370558375634518,1.3477157360406091,0.6878172588832487,0.3680203045685279,12.233502538071066,19.7994923857868,3.0583756345177666,19.78680203045685,19.284263959390863,33261480000.0,35971480000.0,15.659830508474576,9.009068255687977,122.7360885608856,229.3895172413793,4.266480246280144,4.266480246280144,9.74308775731311,42.07190643274854,132.7360885608856,248.07917241379312,0.0159644128884222,0.0043593971164241,0.965879938429964,0.3957326045827202,3.1695906432748537,2.3624161073825505,11.352941176470589,0.5201535508637236,0.0049907580781131,0.3126177024482109,0.182827735644637,0.182827735644637,0.3466470464578516,0.4649446494464944,0.0341278439869989,0.984375,0.0024377031419284,24.49504338439222,0.0324692648449554,0.0427123552123552,-9.861040609137056,5278000000.0,1205000000.0,-2075000000.0,13567000000.0,2558500000.0,638500000.0,1285000000.0,61.40574214517876,24.50045829514207,52.1769019248396,1.465660976578007,3.6734006734006734,1.724901185770751,0.0681118522319138,0.3197969543147208,2014-10-21,1.23,bmo,3547781250.0,2025-04-23,2014-09-30,0.040650406504065,86.50875,1804995.921875
2014-06-30,ITW,USD,49826,2014-08-08,2014-08-08 10:47:14,2014,Q2,3719000000.0,2219000000.0,1500000000.0,0.4033342296,677000000,677000000.0,0.0,677000000.0,7000000.0,737000000.0,2956000000.0,0.0,64000000.0,60000000.0,892000000.0,0.2398494219,763000000.0,0.2051626781,-57000000.0,706000000.0,0.1898359774,212000000.0,1492000000.0,0.4011831137,3.69,3.66,404700000,407600000,https://www.sec.gov/Archives/edgar/data/49826/000004982614000130/0000049826-14-000130-index.htm,https://www.sec.gov/Archives/edgar/data/49826/000004982614000130/itw-20140630x10q.htm,9.189523103533482,3.686681492463553,1.4158636026686435,1.223128243143069,13.08870768470472,20.854954287126265,4.101803805287868,20.842599456387447,17.973807758833704,35435532000.0,37348532000.0,5.937589142091153,9.528242000537778,61.84211518324607,71.58693333333333,4.2010114997036165,4.2010114997036165,10.042627588061308,41.87055156950672,65.18068411867365,75.4515797979798,0.0421046310240241,0.0139690297298203,0.8547717842323651,0.3616573033707865,2.1446188340807173,2.4957940351771604,11.921875,-2.640552995391705,0.0049103256019974,0.1166219839142091,0.1820381823070718,0.1820381823070718,0.3400882825040128,0.1361256544502617,0.0209733799408443,0.6046511627906976,0.0032266738370529,41.58005023554717,0.0312523475204131,0.1134083307996351,-8.890536199654065,5868000000.0,1660000000.0,-1705000000.0,14348000000.0,2580500000.0,686000000.0,1301500000.0,62.87173971497714,27.701667417755747,52.92924740874268,1.4314857582755969,3.2489019033674964,1.7003831417624522,0.176882039122703,0.1927353595255745,2014-07-29,1.2,bmo,3688264462.0,2025-04-23,2014-06-30,0.0083333333333333,85.93492063492063,1823993.031746032
2014-03-31,ITW,USD,49826,2014-05-02,2014-05-01 18:37:00,2014,Q1,3569000000.0,2158000000.0,1411000000.0,0.3953488372,682000000,682000000.0,0.0,682000000.0,9000000.0,744000000.0,2902000000.0,0.0,64000000.0,62000000.0,797000000.0,0.2233118521,667000000.0,0.1868870832,-55000000.0,612000000.0,0.1714766041,184000000.0,473000000.0,0.1325301205,1.12,1.11,421900000,425000000,https://www.sec.gov/Archives/edgar/data/49826/000004982614000070/0000049826-14-000070-index.htm,https://www.sec.gov/Archives/edgar/data/49826/000004982614000070/itw-20140331x10q.htm,8.45935055700403,1.1211187485186065,0.7442521924626688,0.5830765584261673,8.407205498933397,20.336572647546813,4.150272576439915,20.322351268073003,18.21758710594928,34313127000.0,38388127000.0,18.13590221987315,9.614213224992994,109.277474522293,139.48425609756097,4.00199755073478,4.00199755073478,10.755989632950406,48.16578042659975,122.25518152866242,156.04929674796747,0.0137848118593213,0.0071692679014652,0.8889666433403313,0.3778879524045612,5.112923462986198,1.87089552238806,10.421875,0.6638477801268499,0.005274949147013,0.3826638477801268,0.1910899411599887,0.1910899411599887,0.3385721368368865,0.2165605095541401,0.0190529560100868,0.5230769230769231,0.0025217147660409,22.64143994899384,0.0264390439430698,0.0354546135971816,-12.969305522635697,4668000000.0,1751000000.0,-1562000000.0,13196000000.0,1281500000.0,661500000.0,1272500000.0,64.63154945362847,28.734939759036145,54.13345690454125,1.3925087787748731,3.1320754716981134,1.662557781201849,0.0551667832983438,0.1611756340365015,2014-04-22,0.98,bmo,3462990099.0,2025-04-23,2014-03-31,0.0306122448979592,80.90114754098362,2475655.901639344
2013-12-31,ITW,USD,49826,2014-02-14,2014-02-14 10:54:39,2013,Q4,3554000000.0,2173000000.0,1381000000.0,0.3885762521,2815000000,689000000.0,0.0,689000000.0,5000000.0,753000000.0,2926000000.0,0.0,60000000.0,64000000.0,697000000.0,0.1961170512,628000000.0,0.1767023073,-55000000.0,573000000.0,0.1612267867,166000000.0,408000000.0,0.1148002251,0.93,0.93,437700000,440900000,https://www.sec.gov/Archives/edgar/data/49826/000004982614000022/0000049826-14-000022-index.htm,https://www.sec.gov/Archives/edgar/data/49826/000004982614000022/itw-20131231x10k.htm,8.119716700936715,0.932145305003427,1.6175462645647705,1.3639479095270732,8.265935572309802,22.181859721270275,6.451907699337446,22.16815170207905,14.631025816769476,36801816000.0,39527816000.0,22.550132352941176,10.355041080472708,51.97996610169491,61.64458291457287,3.7928286097083377,3.7928286097083377,11.122064153066969,56.71135724533716,55.83024858757062,66.21074706867671,0.0110864094315345,0.0162220255652601,0.6538184066783469,0.3177401582690574,3.911047345767576,1.6267815710971163,10.466666666666669,1.7395577395577395,0.0050540984173172,0.4558823529411764,0.1938660664040517,0.7920652785593697,0.3448362215766803,0.1567796610169491,0.0312324141812042,0.8283582089552238,0.0030951041080472,21.56243531974475,0.0255142891738561,0.0311902759727849,-13.743431574137537,3782000000.0,2824000000.0,-441000000.0,12376000000.0,1246500000.0,625000000.0,1277500000.0,0.0,26.25862862402209,51.64749194661758,0.0,3.4274447949526814,1.7425821972734563,0.0420488508708646,0.253598355037697,2014-01-28,0.91,bmo,3515369565.0,2025-04-23,2013-12-31,0.0109890109890109,78.87984375,1751296.390625
2013-09-30,ITW,USD,49826,2013-11-01,2013-11-01 10:00:12,2013,Q3,3568000000.0,2148000000.0,1420000000.0,0.3979820628,676000000,676000000.0,0.0,676000000.0,10000000.0,740000000.0,2888000000.0,0.0,60000000.0,64000000.0,754000000.0,0.21132287,678000000.0,0.1900224215,-50000000.0,628000000.0,0.1760089686,222000000.0,452000000.0,0.1266816143,1.01,1.01,445900000,448900000,https://www.sec.gov/Archives/edgar/data/49826/000004982613000068/0000049826-13-000068-index.htm,https://www.sec.gov/Archives/edgar/data/49826/000004982613000068/itw-2013930x10q.htm,8.001794124243103,1.0136801973536669,1.8187934514465127,1.641623682440009,6.768333707109218,23.47611572101368,7.833594976452119,23.4626597891904,11.652836958959409,34008793000.0,36126793000.0,18.810173119469027,9.531612387892377,41.93439334155364,46.46009972677596,3.250697094245842,3.250697094245842,10.125222253363228,47.91351856763926,44.54598397040691,49.35354234972677,0.0132906804425549,0.0215238453184739,0.4909195182565475,0.2600374664573945,2.8090185676392574,2.431362598325298,11.3,1.732905982905983,0.0050281114063648,0.3783185840707964,0.1894618834080717,0.1894618834080717,0.3531466761176649,0.0974106041923551,0.0221412556053811,0.5374149659863946,0.0022421524663677,23.132914994112618,0.0255761956333487,0.0353788353162179,-8.390334155640279,5641000000.0,3493000000.0,299000000.0,14283000000.0,2700000000.0,666500000.0,1399000000.0,62.88396860986546,25.810055865921782,54.80446927374302,1.4312073806658645,3.487012987012987,1.6422018348623852,0.0432039762951634,0.1771697690065037,2013-10-21,0.92,bmo,3315717171.0,2025-04-23,2013-09-30,0.076086956521739,73.0865625,1625324.4375
2013-06-30,ITW,USD,49826,2013-08-02,2013-08-02 10:50:23,2013,Q2,4219000000.0,2619000000.0,1600000000.0,0.379236786,833000000,833000000.0,0.0,833000000.0,11000000.0,898000000.0,3517000000.0,0.0,59000000.0,65000000.0,784000000.0,0.1858260251,702000000.0,0.1663901398,24000000.0,654000000.0,0.1550130363,190000000.0,465000000.0,0.1102156909,1.04,1.03,449600000,452500000,https://www.sec.gov/Archives/edgar/data/49826/000004982613000045/0000049826-13-000045-index.htm,https://www.sec.gov/Archives/edgar/data/49826/000004982613000045/itw-2013630x10q.htm,9.383896797153024,1.0342526690391458,1.4301601423487544,1.23220640569395,6.156583629893238,22.755782918149468,6.094306049822064,22.74243772241993,11.412366548042703,31269680000.0,33573680000.0,16.811655913978495,7.411633088409576,48.63091757387247,56.44346570397112,3.058159413202934,3.058159413202934,7.95773406020384,42.82357142857143,52.21412130637636,60.60231046931408,0.014870635068859,0.0177168426411782,0.4960391198044009,0.2641804260638575,2.938775510204082,2.213150094314201,11.898305084745765,1.350840336134454,0.0054685561220965,0.3677419354838709,0.1974401516947143,0.1974401516947143,0.3901765716964425,0.1384136858475894,0.0210950462194832,0.6180555555555556,0.0021332069210713,23.005045220224208,0.0296655575598046,0.0397164332080628,-7.283696619217082,4502000000.0,2740000000.0,-755000000.0,13929000000.0,2848000000.0,733000000.0,1502000000.0,62.01232519554397,24.63917525773196,51.202749140893474,1.4513243894048848,3.6527196652719662,1.7577181208053692,0.0454767726161369,0.1979537366548042,2013-07-23,1.1,bmo,3659537037.0,2025-04-23,2013-06-30,-0.0181818181818181,66.87890625,2256962.09375
2013-03-31,ITW,USD,49826,2013-05-03,2013-05-02 18:25:03,2013,Q1,4009000000.0,2502000000.0,1507000000.0,0.3759042155,779000000,779000000.0,0.0,779000000.0,46000000.0,847000000.0,3349000000.0,0.0,60000000.0,68000000.0,774000000.0,0.1930656024,660000000.0,0.1646295834,68000000.0,646000000.0,0.1611374408,187000000.0,354000000.0,0.088301322,0.78,0.78,451700000,454800000,https://www.sec.gov/Archives/edgar/data/49826/000004982613000024/0000049826-13-000024-index.htm,https://www.sec.gov/Archives/edgar/data/49826/000004982613000024/itw-2013331x10q.htm,8.87535975204782,0.7837059995572282,0.8102723046269648,0.6132388753597521,5.893292007969891,22.756254150985168,5.988487934469781,22.74518485720611,11.228691609475316,27499496000.0,29849496000.0,19.420548022598872,6.8594402594163135,75.13523497267761,99.27615884476536,2.676610473038739,2.676610473038739,7.445621351958095,38.56524031007752,81.556,107.75991335740072,0.0128729631990346,0.0100729118817304,0.4878333657776912,0.2609601166302197,3.0361757105943155,2.894361170592434,11.0,0.8735083532219571,0.0062417871222076,0.4848757062146893,0.1943127962085308,0.1943127962085308,0.3943559304384046,0.2431693989071038,0.0222000498877525,0.4734042553191489,0.0022449488650536,20.02684701236541,0.0278141974152463,0.030433287482806,-7.563094974540625,5308000000.0,2705000000.0,-817000000.0,14842000000.0,2916500000.0,712500000.0,1549500000.0,62.61162384634572,26.942446043165468,54.460431654676256,1.437432771602725,3.34045393858478,1.6525759577278731,0.0344559081175783,0.1970334292672127,2013-04-23,0.96,bmo,3420000000.0,2025-04-23,2013-03-31,0.0,62.47616666666667,2365583.183333333
2012-12-31,ITW,USD,49826,2013-02-19,2013-02-19 12:06:38,2012,Q4,4221000000.0,2725000000.0,1496000000.0,0.3544183843,3332000000,0.0,0.0,816000000.0,-23000000.0,887000000.0,3612000000.0,0.0,61000000.0,71000000.0,657000000.0,0.1556503198,609000000.0,0.144278607,849000000.0,1458000000.0,0.3454157783,486000000.0,979000000.0,0.2319355603,2.13,2.11,459700000,463100000,https://www.sec.gov/Archives/edgar/data/49826/000004982613000007/0000049826-13-000007-index.htm,https://www.sec.gov/Archives/edgar/data/49826/000004982613000007/itw-20121231x10k.htm,9.182075266478138,2.129649771590167,1.3160757015444855,1.0811398738307592,6.045246900152273,22.99325647161192,6.051772895366543,22.97367848596911,11.113769849902113,27954357000.0,30223357000.0,7.138497701736466,6.622685856432125,46.20554876033058,56.24619114688129,2.646942240318152,2.646942240318152,7.160236199952618,46.00206544901066,49.95596198347108,60.811583501006034,0.0350213743066957,0.0177789816449721,0.4779850392955213,0.2614324926200218,3.4535768645357687,3.002640513013957,9.98360655737705,0.3133091662351113,0.0125204096091353,0.3575076608784474,0.0,0.7893864013266998,0.4033352322751048,0.1785123966942148,0.0255863539445629,0.7105263157894737,0.0042643923240938,33.17879602479837,0.023719109657066,0.0849752625640135,-6.274744398520775,5309000000.0,2782000000.0,-779000000.0,15091000000.0,3053000000.0,723000000.0,1672500000.0,64.9040511727079,22.32660550458716,52.34862385321101,1.3866622864651774,4.031065088757397,1.719242902208202,0.0926995549663857,0.2349358277137263,2013-01-29,0.9,bmo,3484000000.0,2025-04-23,2012-12-31,-0.0111111111111111,60.63225806451613,2510301.7258064514
2012-09-30,ITW,USD,49826,2012-10-26,2012-10-26 09:59:50,2012,Q3,4501000000.0,2855000000.0,1646000000.0,0.3656965119,0,0.0,0.0,811000000.0,70000000.0,881000000.0,3736000000.0,0.0,53000000.0,70000000.0,820000000.0,0.1821817374,763000000.0,0.1695178849,-24000000.0,739000000.0,0.1641857365,214000000.0,524000000.0,0.1164185737,1.13,1.12,464800000,468100000,https://www.sec.gov/Archives/edgar/data/49826/000004982612000096/0000049826-12-000096-index.htm,https://www.sec.gov/Archives/edgar/data/49826/000004982612000096/itw-2012930x10q.htm,9.683734939759036,1.1273666092943202,1.3661790017211703,1.1725473321858864,4.419104991394148,22.07831325301205,5.279690189328743,22.05895008605852,10.862736660929432,27688136000.0,30630136000.0,13.20998854961832,6.151552099533437,43.60336377952756,50.80391926605505,2.700491173315127,2.700491173315127,6.805184625638747,37.3538243902439,48.23643464566929,56.20208440366972,0.0189250731793573,0.0196835207686064,0.487272017945967,0.2626294485622667,3.587804878048781,2.612704918032787,14.39622641509434,-15.875,0.0061036972658614,0.3225190839694656,0.0,0.0,0.4104505072806602,0.1417322834645669,0.0199955565429904,0.5921052631578947,0.002666074205732,23.65463558523001,0.0328137337404805,0.0467231386535889,-7.595740103270224,4722000000.0,2454000000.0,-1111000000.0,14611000000.0,3113000000.0,777500000.0,1778000000.0,61.22639413463675,24.27320490367776,55.4816112084063,1.46995427824951,3.707792207792208,1.6221590909090908,0.0511069930751975,0.193631669535284,2012-10-23,1.06,bmo,3630256880.0,2025-04-23,2012-09-30,0.0283018867924528,56.78047619047619,3179349.984126984
2012-06-30,ITW,USD,49826,2012-06-30,2012-06-29 20:00:00,2012,Q2,4655000000.0,2964000000.0,1691000000.0,0.3632653061,0,0.0,0.0,846000000.0,75000000.0,921000000.0,3885000000.0,0.0,50000000.0,75000000.0,845000000.0,0.1815252417,770000000.0,0.1654135338,-26000000.0,743000000.0,0.159613319,216000000.0,881000000.0,0.1892588614,1.86,1.85,472900000,476100000,,,9.843518714315923,1.8629731444279976,1.0763374920702051,0.8648762951998308,3.577923451046733,21.359695495876508,4.814971452738423,21.323747092408546,10.48001691689575,25011681000.0,28225681000.0,7.09752582292849,5.373078625134264,49.138862475442046,61.1532542787286,2.4803333002776675,2.4803333002776675,6.063519011815252,33.40317278106509,55.45320432220039,69.01144498777506,0.0352235421521648,0.0163523595235362,0.4865132883776279,0.2592886211088209,3.803550295857988,1.9184451219512195,15.4,-1.1211453744493391,0.0068767868900934,0.1952326901248581,0.0,0.0,0.4135087997463136,0.1964636542239685,0.0214822771213748,0.6410256410256411,0.0025778732545649,29.896910941834165,0.0332552359643342,0.0793908263494638,-8.156058363290336,3615000000.0,2277000000.0,-1269000000.0,13506000000.0,3149000000.0,808000000.0,1810000000.0,61.17293233082707,23.83603238866397,54.53441295546559,1.4712389380530972,3.775796178343949,1.6503340757238307,0.0873661245537485,0.2114611968703743,2012-07-24,1.1,bmo,3187027027.0,2025-04-23,2012-06-30,0.009090909090909,55.38841269841269,3262099.4285714286
2012-03-31,ITW,USD,49826,2012-03-31,2012-03-30 20:00:00,2012,Q1,4547000000.0,2911000000.0,1636000000.0,0.3597976688,0,0.0,0.0,859000000.0,72000000.0,931000000.0,3842000000.0,0.0,50000000.0,72000000.0,777000000.0,0.1708819002,705000000.0,0.1550472839,-31000000.0,663000000.0,0.1458104245,192000000.0,486000000.0,0.1068836596,1.01,1.0,482000000,485600000,,,9.433609958506224,1.008298755186722,0.6701244813278008,0.495850622406639,2.705394190871369,21.026970954356848,4.659751037344399,20.99170124481328,9.989626556016598,27531840000.0,30992840000.0,14.16246913580247,6.054946118319771,85.23789473684211,115.19598326359832,2.721075311326349,2.721075311326349,6.816107323510007,39.88782496782497,95.95306501547988,129.67715481171547,0.0176522891314202,0.0086808582354103,0.4709428740857877,0.2515308277027027,4.454311454311454,1.9563145353455125,14.1,-323.0,0.0063199553680393,0.3580246913580246,0.0,0.0,0.4164379222972973,0.2600619195046439,0.0184737189355619,0.5490196078431373,0.0026391027050802,21.822760830699853,0.0305183781654011,0.0439620081411126,-8.801867219917012,3612000000.0,2246000000.0,-1420000000.0,13601000000.0,2976446000.0,764000000.0,1769929500.0,62.03210908291181,25.69220199244246,56.39299209893508,1.4508615188257818,3.503008423586041,1.5959429824561404,0.0480332081439019,0.1742738589211618,2012-04-24,0.95,bmo,4453247422.0,2025-04-23,2012-03-31,0.0210526315789473,54.35225806451613,2791580.129032258
2011-12-31,ITW,USD,49826,2012-02-17,2012-02-17 13:18:59,2011,Q4,4319308000.0,2798365000.0,1520943000.0,0.3521265443,2460440000,0.0,0.0,804774000.0,69087000.0,873861000.0,3672226000.0,40276000.0,54172000.0,69087000.0,716169000.0,0.1658064208,647082000.0,0.1498114976,-46267000.0,600815000.0,0.139099828,163700000.0,442197000.0,0.1023768159,0.91,0.91,483367000,485639000,https://www.sec.gov/Archives/edgar/data/49826/000119312512067004/0001193125-12-067004-index.htm,https://www.sec.gov/Archives/edgar/data/49826/000119312512067004/d259927d10k.htm,8.935876880300063,0.9148266224214728,1.4723036533317335,1.2768124427195071,2.436813021989503,20.758686463908376,5.385317988195305,20.725020533052525,8.367209594366185,22578072570.0,25390458570.0,12.764713787067755,5.227243014390268,31.725792362396245,36.58329010368311,2.2537975258218106,2.2537975258218106,5.878362591878143,35.45316618004968,35.67764316818494,41.14020401219115,0.0195852413277986,0.0273348842371977,0.3983174534186229,0.2218843881123567,3.926986507374656,2.300965456355252,11.944953112308944,156.4438338096285,0.0077043334616228,0.3933744462309785,0.0,0.569637543791737,0.4132106216838377,0.1327791384405259,0.0218771155009089,0.6193566147553877,0.0032465848696133,20.654188728004605,0.0303559672702076,0.0419043386257425,-7.860438341881013,3872619000.0,2603085000.0,-1100104000.0,13328994000.0,2902123000.0,733693000.0,1755093000.0,58.73632535582089,22.416661157497323,55.18483471598594,1.5322715449900173,4.01487087517934,1.630882840606367,0.0441411684472155,0.1954912106122263,2012-01-31,0.88,bmo,911288888.0,2025-04-23,2011-12-31,0.0227272727272727,46.07603174603175,3731450.6666666665
2011-09-30,ITW,USD,49826,2011-09-30,2011-09-29 20:00:00,2011,Q3,4580516000.0,2961497000.0,1619019000.0,0.3534577764,0,0.0,0.0,836433000.0,68302000.0,904735000.0,3866232000.0,0.0,48583000.0,68302000.0,782586000.0,0.170851057,714284000.0,0.1559396365,-24000000.0,690383000.0,0.1507216654,200250000.0,507000000.0,0.1106862196,1.04,1.04,486300000,488800000,,,9.419115772157104,1.0425663170882171,1.6187045033929672,1.4481102200287888,2.712081019946535,20.259117828500926,4.976993625334156,20.229171293440263,9.482854205223113,20230080000.0,23474124000.0,9.975384615384616,4.416550449774654,25.699564011097905,28.72709509582287,2.0564361928899024,2.0564361928899024,5.124777208506639,29.995583871932286,29.82068050855209,33.33369875151942,0.0250616903146206,0.0348103418276151,0.4638326858414267,0.2484813566650593,4.145287546672187,2.017223530473077,14.702344441471295,-0.6975257991397629,0.0082550340878533,0.3293885601577909,0.0,0.0,0.4047045555351948,0.1053893919530067,0.018111496608679,0.537284820538062,0.0030564242107221,21.783725204745075,0.0321598045789295,0.0463794398022314,-8.340925354719309,3698521000.0,2420312000.0,-1176837000.0,13168152000.0,3065679500.0,817670500.0,1857003000.0,58.65755299184633,23.412058158424607,54.52966185682443,1.5343292621243578,3.844172921107081,1.6504778671892024,0.0515377670179841,0.1705942833641784,2011-10-25,0.98,bmo,4488905680.0,2025-04-23,2011-09-30,0.0204081632653061,48.083125,4924016.296875
2011-06-30,ITW,USD,49826,2011-06-30,2011-06-29 20:00:00,2011,Q2,4614914000.0,2996014000.0,1618900000.0,0.3507974363,0,0.0,0.0,845145000.0,62705000.0,907850000.0,3903864000.0,0.0,45396000.0,62705000.0,773755000.0,0.1676640128,711050000.0,0.154076544,-30000000.0,681011000.0,0.1475674303,197482000.0,499000000.0,0.1081276921,1.0,0.99,497800000,501900000,,,9.270618722378464,1.0024106066693452,0.6279027721976698,0.4519264764965849,2.4722016874246684,20.936167135395745,6.458728404981921,20.90897348332664,8.273451185214945,28120722000.0,30963188000.0,14.088538076152304,6.093444428216864,89.96615798061234,124.99820864207958,2.701710825021927,2.701710825021927,6.709374865923829,40.01678567505218,99.06001215727676,137.6331316759198,0.0177449213430579,0.0080001146485499,0.391327577197339,0.2198580117050605,3.6735995243972575,1.8603620492078712,15.663274297294915,0.6271091226451057,0.0060453639846089,0.3406813627254509,0.0,0.0,0.3890100897783811,0.2802604216655469,0.018982152213454,0.5927517305311022,0.0030336426637636,21.71603043538876,0.0317233892768242,0.0440839747595833,-7.139706207312174,3494924000.0,3215155000.0,-547072000.0,12833806000.0,3063617500.0,865804500.0,1871880000.0,61.353353496944905,25.983172975827216,57.66699020765591,1.4669124810672582,3.4637801966576296,1.5606848853376007,0.0479416460817023,0.1759762957010847,2011-07-26,1.02,bmo,4903331250.0,2025-04-23,2011-06-30,-0.0588235294117647,55.84920634920635,2978036.8412698414
2011-03-31,ITW,USD,49826,2011-03-31,2011-03-30 20:00:00,2011,Q1,4387579000.0,2826692000.0,1560887000.0,0.3557513152,821912000,0.0,0.0,821912000.0,56367000.0,878279000.0,3704971000.0,0.0,44025000.0,56367000.0,738975000.0,0.1684243178,682608000.0,0.1555773697,-14860000.0,644140000.0,0.1468098922,21000000.0,623000000.0,0.1419917453,1.25,1.24,498600000,502700000,,,8.799797432811873,1.2494985960689933,0.2900100280786201,0.1128078620136381,2.1750300842358605,20.81689129562776,6.305310870437224,20.791965503409543,6.8032651423987165,26784792000.0,29048405000.0,10.7483113964687,6.104685978303753,185.23497396247552,476.2079436759947,2.583690319762737,2.583690319762737,6.6205998797970365,39.30904969721574,200.88939065968648,516.4528144223589,0.0232594675366528,0.0020999229712144,0.3229597465928495,0.1897876483047701,3.0631794039040563,2.0299459372295785,15.505008517887564,0.2320489777578072,0.006309550583779,0.2712680577849117,0.0,0.1873269974170265,0.4101462224294643,0.6110208231038943,0.020137073315375,0.6345010341261634,0.0031908257378385,24.177250947648417,0.0436095254590461,0.0598708481056402,-6.075954673084637,3346867000.0,3143828000.0,-665481000.0,12704637000.0,2829657000.0,810385500.0,1685764000.0,61.15233480696302,27.593689018824836,58.07753020138027,1.4717344854305103,3.2616153620706765,1.549652674415226,0.0600952611172856,0.1772021660649819,2011-04-26,0.84,bmo,4050072923.0,2025-04-23,2011-03-31,0.0833333333333334,54.553548387096775,2947202.096774193
2010-12-31,ITW,USD,49826,2011-02-28,2011-02-28 14:40:22,2010,Q4,4169269000.0,2738841000.0,1430428000.0,0.3430884407,2310756000,0.0,0.0,797123000.0,53817000.0,850940000.0,3589781000.0,0.0,44026000.0,53817000.0,722107000.0,0.1731975078,579488000.0,0.1389903122,-40894000.0,538594000.0,0.1291818782,145800000.0,392794000.0,0.0942117191,0.79,0.79,496710000,499898000,https://www.sec.gov/Archives/edgar/data/49826/000095012311019620/0000950123-11-019620-index.htm,https://www.sec.gov/Archives/edgar/data/49826/000095012311019620/c61393e10vk.htm,8.393769000020132,0.790791407461094,0.9241046083227638,0.7416379778945461,2.3958406313543112,18.88676692637555,5.651794809848806,18.86468160496064,5.78561333574923,26524314000.0,28164022000.0,16.881822278344373,6.361861995472108,57.78566573422917,72.00278517505069,2.8306865240682346,2.8306865240682346,6.755146285835719,39.00256056235433,61.357920925814575,76.45392924135197,0.0148088278550766,0.0138883516459652,0.3019917449603405,0.1741352899117448,2.2707271913996125,1.929278650836956,13.162404033979922,1.168582004816774,0.0063570729859403,0.4292759054364374,0.0,0.5542352868092704,0.4045435421300307,0.1974523541868186,0.0217383431004331,0.6497594757934431,0.0033876442129303,18.32090698213588,0.0313643400592935,0.0405932827838653,-5.831778099897324,2874809000.0,2807303000.0,-900626000.0,11471797000.0,2652890000.0,738520000.0,1546087500.0,57.81050826895554,24.7807484990914,50.85006029922876,1.556810391309608,3.631851556190883,1.7699094056210003,0.0419191494466118,0.1824666304282176,2011-01-31,0.8,bmo,3963645569.0,2025-04-23,2010-12-31,-0.0125,48.925,3493786.796875
2010-09-30,ITW,USD,49826,2010-09-30,2010-09-29 20:00:00,2010,Q3,4018466000.0,2584901000.0,1433565000.0,0.3567443398,0,0.0,0.0,739984000.0,52053000.0,792037000.0,3376938000.0,0.0,43166000.0,134479000.0,757145000.0,0.1884164256,640522000.0,0.1593946546,-6449000.0,613276000.0,0.1526144554,194000000.0,422028000.0,0.1050221652,0.84,0.84,500751000,503149000,,,8.024878632294294,0.8427901292259027,0.9664084545013388,0.8223168800461707,3.293255530193649,17.75485620597862,4.975634596835553,17.734223196758467,6.84057146166458,23545312020.0,25278468020.0,13.947719120532287,5.859278645134736,48.65437567416776,57.179903685498914,2.651370712904668,2.651370712904668,6.290576558318523,33.38656138520363,52.235794474407456,61.38888138211066,0.0179240776100787,0.0174886618470049,0.3808663544445483,0.207453033429663,2.289067483771273,1.9665226376220333,14.838576657554556,1.1542039134126447,0.0066292602054886,0.3698522372923123,0.0,0.0,0.392499774898054,0.1491000764573388,0.0179556079359636,0.5365447393273299,0.0037128595837317,18.33821517606427,0.0319002462737681,0.0426096540204488,-6.032389351194506,3113499000.0,2491554000.0,-1078122000.0,11465274000.0,2605179500.0,727318500.0,1501453500.0,58.85147217868709,25.17043012479008,53.783692296145965,1.529273553713976,3.5756242366061115,1.6733696806169112,0.047523374431193,0.1440915744551683,2010-10-19,0.82,bmo,3970050746.0,2025-04-23,2010-09-30,0.0121951219512195,44.04171875,4431915.03125
2010-06-30,ITW,USD,49826,2010-06-30,2010-06-29 20:00:00,2010,Q2,4076252000.0,2595954000.0,1480298000.0,0.3631517384,0,0.0,0.0,773649000.0,53911000.0,827560000.0,3423514000.0,0.0,43687000.0,137541000.0,764672000.0,0.1875919349,652738000.0,0.1601319055,-11243000.0,614792000.0,0.1508228637,194000000.0,411456000.0,0.1009397849,0.82,0.81,503265000,506297000,,,8.099613523690302,0.8175732466990552,0.6724926231706954,0.5479796926072745,2.514057206441934,17.350429694097542,4.662907215880302,17.33095685175802,6.108006716143582,20774779200.0,22539801200.0,12.62272223518432,5.096539468119243,61.38357296080274,75.33125872528365,2.381865026443282,2.381865026443282,5.529540666278729,29.47643067877469,66.5987117438143,81.73139071502906,0.0198055534568569,0.0132747018557963,0.3474245316246246,0.1933554701106607,2.308207963675929,2.0768396865185696,14.941241101471832,0.8042976102207267,0.0074980820975464,0.3785848304557473,0.0,0.0,0.4074274313760009,0.1851513701018195,0.0153727002157864,0.4555950589278833,0.0036746992089792,17.855247124811616,0.0338423830268745,0.0443055946344332,-5.978502876218294,2989910000.0,2346678000.0,-1173625000.0,11318974000.0,2516550500.0,714003500.0,1435631500.0,57.02289014516276,25.36803810853351,50.554096875368366,1.5783135469087528,3.5477713970212403,1.7802711464093228,0.0471741551082404,0.1245129305634208,2010-07-20,0.84,bmo,3975426506.0,2025-04-23,2010-06-30,-0.0119047619047619,47.440952380952375,4176088.111111111
2010-03-31,ITW,USD,49826,2010-05-07,2010-05-06 18:08:45,2010,Q1,3606389000.0,2320752000.0,1285637000.0,0.3564887204,748604000,0.0,0.0,748604000.0,53103000.0,801707000.0,3122459000.0,0.0,44577000.0,136771000.0,620701000.0,0.1721114944,483930000.0,0.1341868556,17875000.0,445331000.0,0.1234839059,151000000.0,333805000.0,0.092559344,0.66,0.66,502424000,505014000,https://www.sec.gov/Archives/edgar/data/49826/000004982610000017/0000049826-10-000017-index.htm,https://www.sec.gov/Archives/edgar/data/49826/000004982610000017/itw10q10.htm,7.177979157046638,0.6643890419247488,0.556115949875006,0.4352578698469818,2.821453592981227,17.401583125009953,4.624755186854131,17.382207060172284,6.321638695603713,23794800640.0,25508800640.0,17.820883929240125,6.597957302997541,85.16209616114185,108.80906074518484,2.724625235222033,2.724625235222033,7.073224946061004,41.09676098475756,91.29653851384724,116.64685409083428,0.0140284848379381,0.0091904111031879,0.3585801738141111,0.1973689567705862,2.7613939722990617,2.0391459200014643,10.85604684029881,0.949291783740075,0.0065444549150044,0.4665118856817603,0.0,0.2075771637502221,0.404585859138447,0.2173253258698811,0.0168373406196613,0.4439683851108787,0.0034438880553373,16.11962554289097,0.0239575508931566,0.0353338506662257,-6.29278955623139,2951774000.0,2323588000.0,-1331234000.0,11406662000.0,2470965000.0,692932500.0,1384658500.0,61.15242143872999,27.00261380793812,54.80015098554262,1.4717324004932997,3.333010672231374,1.6423312414548603,0.0382223638013758,0.1208580800280241,2010-04-20,0.57,bmo,3286819047.0,2025-04-23,2010-03-31,0.1052631578947369,46.161147540983606,3228468.196721312
2009-12-31,ITW,USD,49826,2010-02-26,2010-02-26 12:51:03,2009,Q4,3757429000.0,2428597000.0,1328832000.0,0.3536545867,3037439000,797835000.0,0.0,797835000.0,51171000.0,849006000.0,3277603000.0,0.0,43847000.0,148533000.0,630479000.0,0.1677953196,476255000.0,0.1267502327,-38156000.0,438099000.0,0.1165954167,-57500000.0,507400000.0,0.1350391451,1.01,1.01,501803000,502424000,https://www.sec.gov/Archives/edgar/data/49826/000095012310017817/0000950123-10-017817-index.htm,https://www.sec.gov/Archives/edgar/data/49826/000095012310017817/c55376e10vk.htm,7.487856788420954,1.0111537794712269,1.0089816123060245,0.864006392947033,2.628067189713892,17.57238597616993,4.451402243509904,17.55311745844485,6.322006843322978,24081525970.0,25891308970.0,11.865158637169884,6.409043516191524,47.56280928680058,55.54357050103676,2.7339872882188168,2.7339872882188168,6.890698126298594,41.066092558197816,51.13726564752819,59.71779973290956,0.0210700933417634,0.0180038839955622,0.3551863619917197,0.1945378754263155,2.87048894570636,2.0011704596990167,10.861746527698587,0.9978517934568388,0.0064481794132749,0.3060346866377611,0.212335349516917,0.8083822741560786,0.4094114880353071,0.1436846990973909,0.0193613771544319,0.4897834151333374,0.0043117248522859,19.98375024466629,0.0400268834525447,0.0534227010681908,-6.772778361229407,2838957000.0,2233727000.0,-1589513000.0,11559633000.0,2451079500.0,657943000.0,1358717000.0,59.67758273010615,25.554457985412977,50.25987020489608,1.508103979462908,3.521890389981032,1.7906930446317115,0.0576053673579651,0.1449752193589914,2010-01-27,0.74,bmo,4558157377.0,2025-04-23,2009-12-31,-0.1756756756756756,47.50734375,3324308.484375
2009-09-30,ITW,USD,49826,2009-10-30,2009-10-30 13:08:42,2009,Q3,3580354000.0,2315175000.0,1265179000.0,0.3533670134,0,720042000.0,0.0,720042000.0,49542000.0,769584000.0,3084759000.0,0.0,45670000.0,151245000.0,645979000.0,0.1804232207,483595000.0,0.1350690462,-34531000.0,449064000.0,0.1254244692,146100000.0,302418000.0,0.0844659495,0.6,0.6,500313000,502187000,https://www.sec.gov/Archives/edgar/data/49826/000004982609000091/0000049826-09-000091-index.htm,https://www.sec.gov/Archives/edgar/data/49826/000004982609000091/itw10q3q09.htm,7.1562282011460825,0.6044576095364302,1.137679812437414,1.0317161456927963,1.884532282790973,16.474273105036247,3.7341104468602655,16.456770061941224,5.961282237319438,21368368230.0,23362349230.0,17.664596874193997,5.96822778697302,37.54131833322793,41.39704528062831,2.595284484090432,2.595284484090432,6.525150649907802,36.16580295953893,41.04447190422982,45.25999451742703,0.0141526014876242,0.024156313408869,0.3566920700899346,0.1973121728413508,3.086758238270904,2.142635440809752,10.588898620538648,1.8821498720314267,0.0072486583127363,0.5121785078930486,0.2011091640658996,0.0,0.4282435164875328,0.0931401485604255,0.0148071950427248,0.3505239842639426,0.0032644816685724,14.96051294499834,0.0261321098733868,0.0355361664140466,-6.416915510890183,2818460000.0,1868224000.0,-1356832000.0,11299632000.0,2401921500.0,600657500.0,1399919000.0,60.5973683049218,24.34729988013865,52.91526126534711,1.485213013659705,3.696508460612408,1.700832573587589,0.0367300270503462,0.1059636667446178,2009-10-20,0.53,bmo,3012082539.0,2025-04-23,2009-09-30,0.1886792452830188,40.8590625,3200648.421875
2009-06-30,ITW,USD,49826,2009-08-07,2009-08-07 16:54:18,2009,Q2,3392906000.0,2248253000.0,1144653000.0,0.3373665524,0,757871000.0,0.0,757871000.0,51947000.0,809818000.0,3058071000.0,0.0,43886000.0,51947000.0,468037000.0,0.1379457609,334835000.0,0.0986867894,-63725000.0,271110000.0,0.0799049546,92167000.0,176565000.0,0.0520394612,0.35,0.35,499389000,500875000,https://www.sec.gov/Archives/edgar/data/49826/000004982609000066/0000049826-09-000066-index.htm,https://www.sec.gov/Archives/edgar/data/49826/000004982609000066/itw10q2q09.htm,6.794114407806339,0.3535620528285565,1.249400767738176,1.128559099219246,1.2343143321138432,15.871643147926768,3.1084905754832404,15.847631806067014,6.167955241304875,18647185260.0,21067105260.0,26.40272032962365,5.495933356243881,29.886327081099537,33.086437410174064,2.3561880069490875,2.3561880069490875,6.209162664689208,45.01162356822217,33.76479558032301,37.38019705814511,0.0094687212862495,0.0302238644675748,0.383658323659711,0.2059686568860051,5.170360462954852,2.09623836692547,7.6296541038144285,3.533752442443293,0.0083005020780278,0.8766233398465154,0.2233692887453999,0.0,0.4323645718685291,0.096719700867235,0.0177862280888418,0.3943191693729131,0.0036346423979915,11.228099917663895,0.0177171757933189,0.0211002836196478,-7.378912030501272,2683802000.0,1552346000.0,-1683557000.0,11195562000.0,2234594500.0,535219500.0,1454791500.0,63.4812281861036,23.017912129996045,57.59019558741832,1.4177419462672198,3.909998417394057,1.5627660069913398,0.0223100875358046,0.1208416685189301,2009-07-22,0.34,bmo,3204405555.0,2025-04-23,2009-06-30,0.0588235294117645,34.19031746031746,4115667.111111111
2009-03-31,ITW,USD,49826,2009-05-08,2009-05-08 11:03:42,2009,Q1,2914268000.0,1983400000.0,930868000.0,0.3194174318,732739000,732739000.0,0.0,732739000.0,50570000.0,783309000.0,2766709000.0,0.0,31298000.0,222106000.0,309059000.0,0.1060503015,57562000.0,0.0197517867,-34990000.0,22572000.0,0.0077453412,52000000.0,-39374000.0,-0.0135107684,-0.0789,-0.0789,499189000,499189000,https://www.sec.gov/Archives/edgar/data/49826/000004982609000028/0000049826-09-000028-index.htm,https://www.sec.gov/Archives/edgar/data/49826/000004982609000028/itw10q1q09.htm,5.83800524450659,-0.07887593676944,0.8957448982249209,0.77356472197905,2.2458407537025056,14.771293037306512,2.550725276398318,14.771293037306512,7.817327705538383,15399980650.0,18149907650.0,-97.78013822573271,5.2843392062775285,34.44060921936012,39.88030881381829,2.0885104589073524,2.0885104589073524,6.22794734389562,58.72635208811263,40.5905624784746,47.00161243542101,-0.0025567564593011,0.0250750315066142,0.524979769224729,0.2623000517617317,8.897741207989412,1.7575502507708596,1.839159051696594,-11.35637730482044,0.0100471554813284,-3.9296490069589054,0.2514315773291955,0.2514315773291955,0.4133602186257263,0.1364006387175553,0.0209284115256386,0.2746031174304161,0.0039931125071544,,-0.0059307014345267,-0.0045478938010084,-7.954418566915537,2450694000.0,1273294000.0,-1698621000.0,10477471000.0,2324000000.0,589714500.0,1572060500.0,64.11255588024163,22.481304830089748,66.74656650196633,1.4037811901948591,4.003326349613877,1.3483839651489586,-0.0053398126061293,0.1221801762458708,2009-04-16,0.14,bmo,2591152941.0,2025-04-23,2009-03-31,0.2142857142857142,31.911475409836065,5039724.934426229
2008-12-31,ITW,USD,49826,2009-02-27,2009-02-27 16:52:27,2008,Q4,3678394000.0,2412454000.0,1265940000.0,0.3441556288,0,589494000.0,0.0,589494000.0,262333000.0,851827000.0,3264281000.0,0.0,0.0,134492000.0,548605000.0,0.1491425334,414113000.0,0.1125798378,-54803000.0,359310000.0,0.0976812163,86000000.0,233774000.0,0.063553279,0.47,0.47,499189000,499189000,https://www.sec.gov/Archives/edgar/data/49826/000095013709001368/0000950137-09-001368-index.htm,https://www.sec.gov/Archives/edgar/data/49826/000095013709001368/c48856e10vk.htm,7.36874009643642,0.4683075949189585,1.182111384665928,1.0194936186494494,1.488314045381609,15.351850701838382,2.774940954227757,15.351850701838382,7.366298135575904,17496574450.0,20430799450.0,18.710992721602917,4.756579760080078,29.650336215910265,34.37981303544761,2.2831123543823133,2.2831123543823133,5.5542716332181925,37.241365736732256,34.62278142407096,40.14540487699442,0.0133611296695851,0.029086836480726,0.4798312775862125,0.241711361201408,5.348520337948068,1.2149768407088304,0.0,2.524219973136448,0.0090566870933984,0.6778384251456535,0.1602585258675389,0.0,0.4126878818711499,0.1375655188892673,0.0220685984155041,0.6035823692115516,0.0,12.71853907860448,0.0246649773710211,0.0261643536954488,-8.095291062102731,1048137000.0,1385220000.0,-1625890000.0,9295028000.0,2776847000.0,764812500.0,1754350000.0,62.92931915395686,25.51724924081454,62.42015391796072,1.4301759690076197,3.5270259403998008,1.4418420069628102,0.0305049602171338,0.1626177660164787,2009-01-29,0.48,bmo,3514666666.0,2025-04-23,2008-12-31,0.1250000000000001,33.45953125,4808920.84375
2008-09-30,ITW,USD,49826,2008-11-05,2008-11-05 17:14:29,2008,Q3,4147757000.0,2699268000.0,1448489000.0,0.3492222423,0,759142000.0,0.0,759142000.0,50384000.0,809526000.0,3508794000.0,0.0,0.0,182013000.0,638963000.0,0.1540502493,638963000.0,0.1540502493,-22270000.0,616693000.0,0.1486810823,173404000.0,453518000.0,0.1093405424,0.88,0.87,517914000,521086000,https://www.sec.gov/Archives/edgar/data/49826/000004982608000071/0000049826-08-000071-index.htm,https://www.sec.gov/Archives/edgar/data/49826/000004982608000071/itw10q3q08.htm,8.008582505975896,0.8756627548202983,1.3298713686055983,1.1574334735110463,1.6752163486602023,17.562606919295483,5.065441366713393,17.562606919295483,6.9418378340805615,23021277300.0,25748934300.0,12.690387867736233,5.550295569388467,33.42428527249735,38.40393510061706,2.5309454458702363,2.5309454458702363,6.207917749279912,40.29800520530923,37.3845340677944,42.954193587132224,0.0196999494897704,0.0260389982792136,0.3952623813753859,0.2112433254124614,4.268880983718932,1.3918284293645415,0.0,1.518702675527763,0.0063168953705275,0.3206554094876058,0.183024704677733,0.0,0.3802945088398423,0.1296650933054958,0.0215316374609216,0.4906682489712273,0.0,18.60176650287459,0.0323392526849273,0.0429991692529932,-7.534089153797734,1964721000.0,2623463000.0,-944712000.0,10557947000.0,3141996000.0,883428500.0,1840573000.0,64.69849366778237,28.195444098177727,61.2007588724054,1.391067935246488,3.1920050518309337,1.4705700004086024,0.0498594974450083,0.1724378950945523,2008-10-16,0.86,bmo,4517124705.0,2025-04-23,2008-09-30,-0.0116279069767441,47.415625,3353832.984375
2008-06-30,ITW,USD,49826,2008-08-08,2008-08-08 13:34:33,2008,Q2,4570472000.0,2946725000.0,1623747000.0,0.3552689963,0,822435000.0,0.0,822435000.0,44600000.0,867035000.0,3813760000.0,0.0,36588000.0,143820000.0,876299000.0,0.1917305259,756712000.0,0.1655653946,-11847000.0,744370000.0,0.162865017,215900000.0,528090000.0,0.1155438651,1.01,1.01,521488000,525209000,https://www.sec.gov/Archives/edgar/data/49826/000004982608000050/0000049826-08-000050-index.htm,https://www.sec.gov/Archives/edgar/data/49826/000004982608000050/itw10q2q08.htm,8.764289878194704,1.0126599269781855,0.8631147792470776,0.6790606878777652,1.227591047157365,18.215489138772128,6.173256143957292,18.215489138772128,5.685557481667843,24775894880.0,27064082880.0,11.729011569997535,5.420861320231259,55.0448227076409,69.96429162830889,2.6082198308292344,2.6082198308292344,5.921507205382726,30.884530143250192,60.128510033236765,76.42587266535261,0.0213146690586862,0.0142930054278628,0.3082759221105784,0.1765141617322048,2.611195493775526,1.5688417034931663,20.68197223133268,0.8523244143990608,0.0059081216121142,0.2771857069817645,0.1799453098060769,0.0,0.3785350834284963,0.213244050263939,0.0210004568455949,0.6673758865248227,0.0,20.372460768784677,0.038703618896492,0.0512207719148502,-5.850753516859449,2375033000.0,3219279000.0,-540554000.0,10939962000.0,3158338000.0,897413500.0,1805820000.0,65.0273429090037,28.136344585938627,56.3696612340819,1.384033177027422,3.198709758657784,1.59660352802661,0.0555933425264278,0.1840540913693124,2008-07-17,0.97,bmo,4375468316.0,2025-04-23,2008-06-30,0.0412371134020618,51.3775,2763788.375
2008-03-31,ITW,USD,49826,2008-05-02,2008-05-02 12:23:55,2008,Q1,4139414000.0,2697966000.0,1441448000.0,0.3482251352,780460000,780460000.0,0.0,780460000.0,141027000.0,921487000.0,3619453000.0,0.0,0.0,231582000.0,519961000.0,0.1256122243,519961000.0,0.1256122243,-58886000.0,461075000.0,0.1113865393,159700000.0,303621000.0,0.073348788,0.58,0.57,526299000,529725000,https://www.sec.gov/Archives/edgar/data/49826/000004982608000025/0000049826-08-000025-index.htm,https://www.sec.gov/Archives/edgar/data/49826/000004982608000025/itw10q1q08.htm,7.865137497886183,0.5768983030558675,0.9384855376886524,0.7693706429235092,1.7621941139922364,17.571707337464066,6.476234991896241,17.571707337464066,5.273536525815174,25383400770.0,27231416770.0,20.900564165522145,6.132124201638203,51.3913087236093,62.6876011498596,2.744753203188764,2.744753203188764,6.578568070263086,52.37203707585761,55.13280741571578,67.25151640204584,0.0119613996072126,0.0159521178296394,0.3001152036359971,0.1736294586724519,3.554143483838211,1.6386411602773243,0.0,1.6267781214079395,0.0058474040316702,0.4888561726626287,0.1885435957843308,0.1885435957843308,0.3653147840439594,0.1801997878216081,0.0215018357670916,0.3843347064970507,0.0027308213191529,15.102466131645206,0.0253597729103767,0.0299269413242859,-5.0650433498828615,2505517000.0,3408436000.0,-308254000.0,10592694000.0,2964968500.0,863876000.0,1695919500.0,65.53951597979811,29.14208703890264,58.91168013236639,1.3732173430719503,3.0883169033108824,1.5277106305198302,0.0328310898865178,0.169114894765143,2008-04-16,0.76,bmo,3969124050.0,2025-04-23,2008-03-31,0.0394736842105263,48.85639344262295,3598853.1639344264
2007-12-31,ITW,USD,49826,2008-02-28,2008-02-28 17:03:51,2007,Q4,4158078000.0,2687897000.0,1470181000.0,0.3535722514,0,768063000.0,0.0,768063000.0,41982000.0,810045000.0,3497942000.0,0.0,0.0,141948000.0,802084000.0,0.1928977763,660136000.0,0.1587598886,-56686000.0,603450000.0,0.1451271477,176500000.0,470733000.0,0.113209276,0.89,0.89,526299000,526299000,https://www.sec.gov/Archives/edgar/data/49826/000095013708002954/0000950137-08-002954-index.htm,https://www.sec.gov/Archives/edgar/data/49826/000095013708002954/c23108e10vk.htm,7.90060022914731,0.894421232037302,1.5075061894474433,1.3199170053524707,1.572345757829675,17.768084301889232,6.9693919236023625,17.768084301889232,4.368906268109953,28178048460.0,29649875460.0,14.96498464097482,6.776700307209245,35.51560874162937,40.56315645823707,3.013268008544244,3.013268008544244,7.130668414589625,36.966047770557694,37.37069930766235,42.681896120609615,0.01670566365404,0.0246529138093476,0.2458850483754976,0.1480981217017129,1.835003565711322,2.0827910150542936,0.0,1.68545438709417,0.0054052004423304,0.3235549664034601,0.1847158711308446,0.0,0.3660563902989734,0.1244367588060988,0.0237436623363005,0.6955223039422888,0.0,18.909611753691937,0.0359936034787408,0.047826466410384,-4.4602849330893655,3205370000.0,3667984000.0,-8882000.0,11082721000.0,2878980000.0,816608000.0,1616789500.0,63.10587247281076,28.59980125726544,54.43802348081046,1.42617471993239,3.146875014634466,1.653256203023705,0.050338641850219,0.1875891840949726,2008-01-30,0.84,bmo,3773627586.0,2025-04-23,2007-12-31,0.0357142857142857,56.16671875,2456919.234375
2007-09-30,ITW,USD,49826,2007-10-29,2007-10-29 13:09:40,2007,Q3,4093803000.0,2642744000.0,1451059000.0,0.3544525714,0,715662000.0,0.0,715662000.0,39102000.0,754764000.0,3397508000.0,0.0,0.0,128040000.0,777597000.0,0.1899448996,696295000.0,0.1700851262,39931000.0,689488000.0,0.1684223691,198400000.0,491088000.0,0.1199588744,0.89,0.89,549561000,554255000,https://www.sec.gov/Archives/edgar/data/49826/000004982607000049/0000049826-07-000049-index.htm,https://www.sec.gov/Archives/edgar/data/49826/000004982607000049/itw10q3q07.htm,7.449224016988105,0.8936005284217766,1.3400532424971932,1.1939402541301147,1.0956090406706445,17.079969284574414,6.900218538069478,17.079969284574414,3.047052101586539,32132831670.0,33205268670.0,16.357980479058742,7.849139704572985,43.63259469529806,48.9722997425866,3.4233082639561028,3.4233082639561028,8.111105656525242,42.70241355097821,45.088837625824745,50.60675595106554,0.0152830601748208,0.0204197067578264,0.1783991558075253,0.1125198273963247,1.3791681295066724,2.370064870724052,0.0,1.4996110676701528,0.0036060936424779,0.2359536376372462,0.1748159352074342,0.0,0.3759121139864802,0.1090352112389179,0.0196145246852376,0.6271321462043111,0.0,18.53132659870245,0.0394300048131519,0.0528745691117975,-3.562674571157706,3296398000.0,3792091000.0,206713000.0,11011363000.0,2862556000.0,792525500.0,1610069500.0,62.488903349770375,26.531559621363247,54.753055914609966,1.440255712222076,3.3921865613784674,1.643743869572492,0.0523186261950027,0.1461129883670784,2007-10-17,0.87,bmo,3660256179.0,2025-04-23,2007-09-30,0.0229885057471264,56.4184126984127,2369358.047619048
2007-06-30,ITW,USD,49826,2007-08-03,2007-08-03 11:17:23,2007,Q2,4159689000.0,2675515000.0,1484174000.0,0.3567992703,0,745718000.0,0.0,745718000.0,39779000.0,785497000.0,3461012000.0,0.0,0.0,129579000.0,698677000.0,0.1679637588,698677000.0,0.1679637588,18529000.0,717206000.0,0.1724181784,211600000.0,530776000.0,0.1275999239,0.91,0.9,556793000,561244000,https://www.sec.gov/Archives/edgar/data/49826/000004982607000032/0000049826-07-000032-index.htm,https://www.sec.gov/Archives/edgar/data/49826/000004982607000032/itw10q2q07.htm,7.470799740657659,0.9532734786536468,0.9548216303006682,0.7949094187606526,0.8647881708282971,16.861663131540805,7.146898398507165,16.861663131540805,2.666473896043952,30172612670.0,31175778670.0,14.211556602973758,7.253574166241755,56.75405571084084,68.1712893583371,3.213799230672221,3.213799230672221,7.494737868624313,44.62116066508558,58.64099005338219,70.4378189561681,0.0175913171923536,0.0146689318833853,0.1581382497824988,0.1014371020196223,1.4358079627639095,2.004956825022197,0.0,1.0514867307745557,0.0038747390316729,0.2202642922814897,0.1792725369612968,0.0,0.3695658085321527,0.167478622671818,0.0214049656116118,0.6871329459248798,0.0,19.017359597457837,0.0399003528240524,0.0575224331919013,-3.2296068736496326,2834131000.0,3979343000.0,406339000.0,10360072000.0,2782106500.0,803564500.0,1607042500.0,62.37072531143554,27.11196535994005,54.23785701070635,1.4429846622851232,3.319567534302833,1.659357595604014,0.0565349616592973,0.1599122115400157,2007-07-19,0.88,bmo,3423786666.0,2025-04-23,2007-06-30,0.0227272727272727,52.81507936507936,2362897.698412698
2007-03-31,ITW,USD,49826,2007-05-04,2007-05-04 14:04:27,2007,Q1,3759041000.0,2449029000.0,1310012000.0,0.3484963319,701185000,701185000.0,0.0,701185000.0,40179000.0,741364000.0,3190393000.0,0.0,0.0,125177000.0,693654000.0,0.1845295116,568648000.0,0.1512747533,2358000.0,570835000.0,0.1518565506,168400000.0,402435000.0,0.1070578906,0.72,0.71,559001000,563280000,https://www.sec.gov/Archives/edgar/data/49826/000004982607000011/0000049826-07-000011-index.htm,https://www.sec.gov/Archives/edgar/data/49826/000004982607000011/itw10q1q07.htm,6.724569365707754,0.719918211237547,0.7563832622839672,0.6038057176999684,1.027860415276538,16.380587870146922,6.928808714116791,16.380587870146922,2.743163250155188,28844451600.0,29803307600.0,17.91870215065787,7.673353815507732,68.2193837079223,85.45795193287668,3.1500700957161185,3.1500700957161185,7.928433768080742,42.96566818615621,70.4871531317183,88.29877106491905,0.0139519033185571,0.0117016611957358,0.1674642736818079,0.1066837989935303,1.3823260588131836,1.9968058871798,0.0,1.0506516580317318,0.0040679227196678,0.2915675823424901,0.1865329481641727,0.1865329481641727,0.367587203406911,0.2017198848679931,0.0226895636413649,0.6813631897233517,0.0019648628466675,16.289118428145574,0.0328759579482174,0.0442720190960382,-3.274194947772902,2747829000.0,3873211000.0,287621000.0,10101892000.0,2576394000.0,754401000.0,1542106500.0,64.20157428450501,29.44152151730339,58.86147121981814,1.401834783695038,3.0569072303924627,1.5290137697016617,0.0439494734221092,0.1525775445839989,2007-04-18,0.71,bmo,3716600000.0,2025-04-23,2007-03-31,0.0,50.24377049180328,2395897.049180328
2006-12-31,ITW,USD,49826,2007-02-26,2007-02-23 19:32:26,2006,Q4,3640529000.0,2372634000.0,1267895000.0,0.3482721879,0,634887000.0,0.0,634887000.0,55465000.0,690352000.0,3062986000.0,0.0,0.0,125994000.0,703537000.0,0.1932513105,594338000.0,0.1632559444,11332000.0,605670000.0,0.1663686788,166400000.0,439270000.0,0.1206610358,0.79,0.79,559001000,559001000,https://www.sec.gov/Archives/edgar/data/49826/000095013707002694/0000950137-07-002694-index.htm,https://www.sec.gov/Archives/edgar/data/49826/000095013707002694/c12075e10vk.htm,6.512562589333472,0.7858125477414173,1.3299278534385448,1.1900068157302044,1.055824587075873,16.131470247817088,6.938844474339044,16.131470247817088,2.537260219570269,25820256190.0,26648380190.0,14.694980416372616,7.092446232401939,34.73120732119053,38.81490373788925,2.8633471897113925,2.8633471897113925,7.319919767154718,37.87772382973461,35.84512912428995,40.05980050059003,0.0170126119883398,0.0257632997560122,0.1572863589364156,0.1021819987105595,1.1770866351023472,1.974678219999818,0.0,1.6924237940219,0.0046087459057082,0.2709017233136795,0.1743941608486019,0.0,0.370210697226507,0.1052094948959621,0.0214847897105063,0.6207914662602981,0.0,16.888369193639463,0.0368212977436812,0.0502496524724105,-3.001810819658641,2569821000.0,3878821000.0,343474000.0,9761965000.0,2420463500.0,678562000.0,1463534000.0,61.09402507163107,26.843179352567653,56.23527269692671,1.4731391473139552,3.3528070135772183,1.6004190196612766,0.0487130147264632,0.1399210377083404,2007-01-30,0.73,bmo,3384924675.0,2025-04-23,2006-12-31,0.0547945205479452,47.18761904761905,2699462.015873016
2006-09-30,ITW,USD,49826,2006-10-30,2006-10-30 16:58:00,2006,Q3,3538014000.0,2292192000.0,1245822000.0,0.3521246666,0,593719000.0,0.0,593719000.0,25237000.0,618956000.0,2911148000.0,0.0,0.0,106416000.0,626866000.0,0.1771801921,626866000.0,0.1771801921,15026000.0,641892000.0,0.1814272075,195800000.0,446092000.0,0.1260854253,0.79,0.78,567637000,570929000,https://www.sec.gov/Archives/edgar/data/49826/000004982606000044/0000049826-06-000044-index.htm,https://www.sec.gov/Archives/edgar/data/49826/000004982606000044/itw10q3q06.htm,6.232881225149171,0.7858754802805314,1.009740379855436,0.872688003072386,1.0885689269726957,15.346406242017345,7.751478497701877,15.346406242017345,2.6230284495196754,25486901300.0,26357917300.0,14.283433294029033,7.203731047983417,44.46687573931461,51.45023174596766,2.925766416704587,2.925766416704587,7.449918881044564,42.04713176340717,45.98653322074233,53.20854573349214,0.0175027946610363,0.0194362584203204,0.1709213485003423,0.1123679471270035,1.3894771769405263,2.08365174141976,0.0,1.28486052204478,0.0036749857857377,0.2099656573083579,0.1678113766649877,0.0,0.3253592004932051,0.1357303119864053,0.02198860716775,0.7310554803788903,0.0,16.472953543932988,0.0384461223246248,0.0499023022701871,-2.504855215569105,2648084000.0,4400026000.0,552470000.0,8938386000.0,2371913000.0,659415500.0,1407303500.0,60.27925836359042,25.500533986681745,56.718808895589895,1.493050884221916,3.529337858062291,1.5867752118292076,0.0512090888177364,0.1370523767830497,2006-10-18,0.8,bmo,3437948717.0,2025-04-23,2006-09-30,-0.025,44.636825396825394,2260598.412698413
2006-06-30,ITW,USD,49826,2006-08-04,2006-08-04 13:04:59,2006,Q2,3579470000.0,2292821000.0,1286649000.0,0.359452377,0,602221000.0,0.0,602221000.0,24664000.0,626885000.0,2919706000.0,0.0,0.0,101752000.0,659764000.0,0.1843189075,659764000.0,0.1843189075,6690000.0,666454000.0,0.1861878993,200600000.0,465854000.0,0.1301460831,0.82,0.81,567446000,571954000,https://www.sec.gov/Archives/edgar/data/49826/000004982606000033/0000049826-06-000033-index.htm,https://www.sec.gov/Archives/edgar/data/49826/000004982606000033/itw10q2q06.htm,6.308036359406886,0.820966224098857,0.6360429009985091,0.5009199113219583,0.8092153262160628,15.144907180595158,8.100087056741962,15.144907180595158,1.8536706576484807,26953685000.0,27546357000.0,14.46466328506356,7.530077078450161,74.68049706306107,94.82553782828194,3.1363678518189086,3.1363678518189086,7.695652428990884,41.75183398912338,76.32261165909343,96.91061232387553,0.0172834994547127,0.0105456823436201,0.1223956433370254,0.083853569351879,0.8983090923421102,2.442162983335767,0.0,0.7747491703409223,0.0034712507770273,0.2008418946708625,0.1682430639172838,0.0,0.3186829927903299,0.2124432007092984,0.0214207689965274,0.7535478418114632,0.0,16.725812040184167,0.0432479573079797,0.0545086013097163,-1.8067454876763605,2844130000.0,4596362000.0,866189000.0,8757717000.0,2282935000.0,630762500.0,1324577500.0,59.69472575548894,26.274475853108463,53.77839351610963,1.5076708848390092,3.4253775604567327,1.6735345575735725,0.0542074120566907,0.1351229896765507,2006-07-20,0.78,bmo,3446925925.0,2025-04-23,2006-06-30,0.0384615384615384,49.56174603174603,2633434.9523809524
2006-03-31,ITW,USD,49826,2006-05-08,2006-05-08 15:36:05,2006,Q1,3297036000.0,2119674000.0,1177362000.0,0.3570971018,601421000,601421000.0,0.0,601421000.0,35973000.0,637394000.0,2757068000.0,0.0,0.0,109744000.0,539968000.0,0.1637737653,539968000.0,0.1637737653,-8738000.0,531230000.0,0.1611235061,164700000.0,366530000.0,0.1111695474,0.33,0.33,1127748000,1135378000,https://www.sec.gov/Archives/edgar/data/49826/000004982606000018/0000049826-06-000018-index.htm,https://www.sec.gov/Archives/edgar/data/49826/000004982606000018/itw10q1q06.htm,2.9235573904808523,0.3250105520027523,0.3445016085153775,0.2839215853187059,0.4029889656199789,7.15157286911615,3.6436606404977,7.15157286911615,1.0558511298623452,54312343679.99999,55048607679.99999,37.04495108176684,16.473081786186135,139.79615424016308,169.62429942034777,6.734182938689961,6.734182938689961,16.696392662985783,101.94790743155149,141.69124601362637,171.9237447531481,0.006748557973479,0.0058953817549565,0.1476390088146911,0.0996386601355154,1.363532653786891,2.2365497900970195,0.0,1.0599705344719397,0.0017053213638818,0.2526941860147873,0.1824126275842908,0.1824126275842908,0.3310349957934891,0.1758483028794551,0.020721338802488,0.6225306167079749,0.0034882846289819,7.231706197868198,0.0363991285531968,0.045847879305736,-1.0175611040764423,2406201000.0,4109131000.0,466750000.0,8205449000.0,2144987000.0,576120000.0,1241085500.0,59.82731762710507,25.142819131621184,54.31010617670454,1.5043295198517317,3.579550866148115,1.6571501390031178,0.0454460239657629,0.0605800231966716,2006-04-20,0.62,bmo,3144830769.0,2025-04-23,2006-03-31,0.0483870967741935,44.950645161290325,2487403.2258064514
2005-12-31,ITW,USD,49826,2006-02-24,2006-02-24 17:34:24,2005,Q4,3294257000.0,2103670000.0,1190587000.0,0.3614129074,0,568477000.0,0.0,568477000.0,26869000.0,595346000.0,2699016000.0,0.0,0.0,100660000.0,695901000.0,0.2112467242,595241000.0,0.1806905169,-22862000.0,572379000.0,0.1737505604,171800000.0,400579000.0,0.1215991952,0.71,0.71,561627136,563874000,https://www.sec.gov/Archives/edgar/data/49826/000095013706002224/0000950137-06-002224-index.htm,https://www.sec.gov/Archives/edgar/data/49826/000095013706002224/c02489e10vk.htm,5.865558818012668,0.7132472317007132,0.8652787033424254,0.7280399642228114,0.659542561704141,13.437554057217064,6.887055044291877,13.437554057217064,2.1566265630014003,24711593984.0,25552396984.0,15.42242228374428,7.501416551289107,50.85066791778815,60.436242736990906,3.274405432167799,3.274405432167799,7.756649521880048,36.71843693858753,52.58084340403816,62.49256392108333,0.0162101643568343,0.0165463628232457,0.1604924939329353,0.1058236745633251,1.208222146540959,2.0550513787210773,0.0,1.2131539596434162,0.0037384880983321,0.2306261686209212,0.1725660748387269,0.0,0.3214269394912981,0.1586063988278967,0.0233973852070436,0.7657162726008345,0.0,14.684914375750443,0.042955977694314,0.051576440717138,-2.409236330062228,2110874000.0,3867957000.0,212857000.0,7596921000.0,2133434000.0,551987500.0,1216365000.0,57.32547278491023,23.961467340409857,51.469893091597065,1.5699826905516718,3.7560304100500286,1.7485950444822922,0.0530786502263513,0.137238739119614,2006-01-31,0.69,bmo,3160588732.0,2025-04-23,2005-12-31,0.0289855072463768,42.76492063492064,1908806.349206349
2005-09-30,ITW,USD,49826,2005-10-28,2005-10-28 16:51:14,2005,Q3,3257600000.0,2081272000.0,1176328000.0,0.3611026523,0,541338000.0,0.0,541338000.0,15770000.0,557108000.0,2638380000.0,0.0,0.0,93982000.0,659198000.0,0.2023569499,619220000.0,0.190084725,-19018000.0,600202000.0,0.1842466847,192000000.0,408202000.0,0.1253075884,0.36,0.36,1131192000,1140036000,https://www.sec.gov/Archives/edgar/data/49826/000004982605000031/0000049826-05-000031-index.htm,https://www.sec.gov/Archives/edgar/data/49826/000004982605000031/itw10q3q05.htm,2.8797940579494905,0.3608600485151946,0.4944315377053586,0.4313865373871102,0.3105971400080622,6.436684488574884,3.4511497606065107,6.436684488574884,1.188254513822587,46571174640.0,47563973640.0,28.52213771613074,14.296161173870336,83.26734210982717,95.43645068148145,6.396150078985036,6.396150078985036,14.600925110510806,72.1543051404889,85.04242583099855,97.47095407403155,0.0087651214115908,0.0104781767643213,0.1846066116696785,0.1196367810579725,1.5060710135649684,2.0059507988760648,0.0,1.3701476229905782,0.0017158467789937,0.1957584725209577,0.1661769400785854,0.0,0.3005919695115541,0.1275100706780118,0.0218921905697445,0.7588261582005065,0.0,7.229225492993216,0.0438984749625632,0.0519473545029431,-1.2035609339528568,2032424000.0,3903913000.0,98744000.0,7235096000.0,2151403500.0,549850500.0,1252102500.0,59.91321218074657,23.51962165444978,53.17422710726902,1.502172838413127,3.826592167266964,1.6925492836678548,0.0560630320090601,0.0630450003182483,2005-10-19,0.68,bmo,3022411111.0,2025-04-23,2005-09-30,0.0588235294117645,41.909375,2462100.0
2005-06-30,ITW,USD,49826,2005-08-05,2005-08-05 12:26:37,2005,Q2,3295644000.0,2156602000.0,1139042000.0,0.3456204614,0,556975000.0,0.0,556975000.0,15213000.0,572188000.0,2728790000.0,0.0,0.0,89806000.0,5689712000.0,1.7264340445,566854000.0,0.1720009807,-20472000.0,546382000.0,0.1657891447,172600000.0,373782000.0,0.1134169831,0.33,0.32,1151610000,1160060000,https://www.sec.gov/Archives/edgar/data/49826/000004982605000024/0000049826-05-000024-index.htm,https://www.sec.gov/Archives/edgar/data/49826/000004982605000024/itw10q2q05.htm,2.861770912027509,0.3245734232943444,0.4327194102170005,0.3626601019442346,0.7456335043981903,6.449406483097577,3.5733399327897466,6.449406483097577,1.4449301412804685,45880142400.00001,46685459400.00001,30.686431128304733,13.921449768239532,92.0688997519686,109.85492968875332,6.177312610766829,6.177312610766829,14.16580777535438,8.205241214318054,93.68495075493054,111.78317223082874,0.0081469232754604,0.0091029142054275,0.2240407927562482,0.1430887905055543,0.14153914996049,2.002785498219158,0.0,1.333194214809702,0.0017686518775931,0.2170944561268332,0.1690033875018054,0.0,0.2848116129215335,0.1619047045697177,0.0244811029346616,0.8983920896153932,0.0,6.86289907107803,0.038602972698155,0.0449418829463672,-0.9597908580161688,2286734000.0,4115094000.0,365202000.0,7421077000.0,2133353500.0,578038000.0,1317970500.0,58.28279692830901,23.1949891542343,53.189424845196285,1.544194938185703,3.8801483976365767,1.6920656739932431,0.0503260918884516,0.0700593082727659,2005-07-21,0.62,bmo,3134433846.0,2025-04-23,2005-06-30,0.0483870967741935,42.45171875,2523656.21875
2005-03-31,ITW,USD,49826,2005-05-06,2005-05-06 15:12:33,2005,Q1,3074291000.0,2022337000.0,1051954000.0,0.3421777574,548075000,548075000.0,0.0,548075000.0,25990000.0,574065000.0,2596402000.0,0.0,0.0,98626000.0,477889000.0,0.1554468982,477889000.0,0.1554468982,-15283000.0,462606000.0,0.1504756707,150300000.0,312306000.0,0.1015863495,0.54,0.53,582788000,587200000,https://www.sec.gov/Archives/edgar/data/49826/000004982605000011/0000049826-05-000011-index.htm,https://www.sec.gov/Archives/edgar/data/49826/000004982605000011/itw10q1q05.htm,5.275144649512344,0.535882688044366,0.5198305387207698,0.409965544932291,1.8067307494320404,13.227267891583216,7.502671640459309,13.227267891583216,3.009399644467628,26091418760.0,26792319760.0,20.88610109956261,8.486971064222613,86.12422061653535,109.20429912565972,3.384674776904464,3.384674776904464,8.714958915730488,56.063897181144576,88.43779938009777,112.13788442301497,0.0119696825562735,0.0091571486471362,0.2275148329295251,0.1460814939969173,1.4666606680630858,2.0479083783786063,0.0,0.9700454041869192,0.0031294963585951,0.2614519093453216,0.1782768774979336,0.1782768774979336,0.2778818607328138,0.2113477096956273,0.0208269158645033,0.6492000081114513,0.0050675098746345,12.628774174382578,0.0309602262211014,0.0360227454525762,-1.654478987213189,2484924000.0,4372467000.0,559020000.0,7696371000.0,2093558000.0,602041500.0,1321279500.0,62.42879415123682,26.71388596460432,60.58647495447099,1.4416424539927934,3.369034371085108,1.4854800525634215,0.0405134826357723,0.1098649937884788,2005-04-19,0.53,bmo,3051600000.0,2025-04-23,2005-03-31,0.0,45.13639344262295,2596268.8524590163
2004-12-31,ITW,USD,49826,2005-03-04,2005-03-04 14:44:12,2004,Q4,3051637000.0,1976269000.0,1075368000.0,0.3523905366,0,528742000.0,0.0,528742000.0,11429000.0,540171000.0,2516440000.0,0.0,0.0,97442000.0,632639000.0,0.2073113545,535197000.0,0.1753802959,-21318000.0,513879000.0,0.1683945371,154700000.0,358097000.0,0.1173458704,0.61,0.61,582788000,582788000,https://www.sec.gov/Archives/edgar/data/49826/000095013705002667/0000950137-05-002667-index.htm,https://www.sec.gov/Archives/edgar/data/49826/000095013705002667/c92475e10vk.htm,5.236272881390832,0.6144549990734195,0.6571308949394977,0.5117950266649279,1.1451677110716074,13.088138396809818,7.609207807985065,13.088138396809818,1.9297257321701888,27006395920.000004,27463626920.000004,18.854106513039763,8.849806159775886,70.51867498067725,90.54406077755576,3.5406104821824926,3.5406104821824926,8.999637545356805,43.41121385181755,71.71258935472416,92.07701436292194,0.0132597108129784,0.0110443467126656,0.1474408104242351,0.0990686697086152,0.722736031133079,2.335097632539894,0.0,1.069453248700771,0.0030745679744148,0.2318729282847943,0.1732650377485919,0.0,0.2812785028524655,0.2211673037956174,0.0277555947840454,0.8692350321216724,0.0,13.4516401043108,0.038547054617484,0.0438904658348285,-1.502069363130332,2471227000.0,4434555000.0,597874000.0,7541157000.0,2019136500.0,571941000.0,1211844000.0,60.59572616271202,27.497769787412544,58.34430434318405,1.4852532628841093,3.272992707983127,1.5425670254051809,0.0469474710951398,0.1453358682745698,2005-01-27,0.6,bmo,3000776383.0,2025-04-23,2004-12-31,0.0166666666666666,46.6421875,2177871.875
2004-09-30,ITW,USD,49826,2004-11-02,2004-11-01 17:32:41,2004,Q3,2967168000.0,1934831000.0,1032337000.0,0.3479199695,0,509482000.0,0.0,509482000.0,10617000.0,520099000.0,2454930000.0,0.0,0.0,90327000.0,512238000.0,0.172635321,512238000.0,0.172635321,-12187000.0,500051000.0,0.1685280375,170000000.0,330051000.0,0.1112343487,0.55,0.55,602780000,607932000,https://www.sec.gov/Archives/edgar/data/49826/000004982604000029/0000049826-04-000029-index.htm,https://www.sec.gov/Archives/edgar/data/49826/000004982604000029/itw10q3q04.htm,4.922472543880023,0.5475480274727098,0.7507631308271675,0.6378064965659113,1.5433209462822255,12.514195892365374,7.411320879923023,12.514195892365374,1.693936427884137,28083520200.000004,28174308200.000004,21.272106583528,9.464755686230104,62.05685666618789,73.04723337070206,3.72297192729926,3.72297192729926,9.495353212221216,55.002378191387606,62.25747317946283,73.28337941564337,0.011752479662432,0.0136897724096568,0.1353611884018508,0.0895835601646012,0.177237924558506,2.2004381373830237,0.0,1.3711365819221877,0.0026197570488332,0.2229110046629157,0.1717064891505974,0.0,0.2698647382302099,0.150455755781193,0.0229471334282386,0.7537945464811187,0.0,12.416632946016982,0.035634291377651,0.039659762207972,-1.435648578254089,2409439000.0,4467396000.0,561906000.0,7293273000.0,1981709500.0,545073500.0,1120377000.0,60.16794802316553,25.12177549357024,53.1456649185381,1.495813019339611,3.582549331476787,1.6934589140610503,0.04375415185939,0.1129566342612561,2004-10-19,0.55,bmo,2967168000.0,2025-04-23,2004-09-30,0.0,45.4175,2547043.6875
2004-06-30,ITW,USD,49826,2004-08-06,2004-08-06 15:29:04,2004,Q2,3002271000.0,1929803000.0,1072468000.0,0.3572189186,0,502880000.0,0.0,502880000.0,8052000.0,510932000.0,2440735000.0,0.0,0.0,98016000.0,561536000.0,0.1870370796,561536000.0,0.1870370796,-15486000.0,565050000.0,0.1882075269,185700000.0,360350000.0,0.1200258071,0.59,0.58,616172000,621276000,https://www.sec.gov/Archives/edgar/data/49826/000004982604000020/0000049826-04-000020-index.htm,https://www.sec.gov/Archives/edgar/data/49826/000004982604000020/itw10q2q04.htm,4.872456067461683,0.5848204722058127,0.6115467759002357,0.4991447193316152,2.494770940581526,13.324449991236213,8.390868134222263,13.324449991236213,1.596099790318288,29545447400.0,28991711400.0,20.49774344387401,9.841032804833407,78.4077390145906,96.06432391833762,3.59864760132972,3.59864760132972,9.656593758524796,51.629301416115794,76.93823384233237,94.26390188549188,0.0121964644881295,0.0104096917483131,0.1197872926363248,0.0829905533218305,-0.9861095281513564,2.7928774761637376,0.0,1.045700013875399,0.002505563682884,0.2054336062161787,0.1674998692656326,0.0,0.2565257452295528,0.1837996061759257,0.0230688701985929,0.7066091250408096,0.0,13.241195208686554,0.037250014050496,0.0409001831229511,-0.112159429509942,3208919000.0,5170218000.0,1358478000.0,8040184000.0,1944704500.0,543723000.0,1084352500.0,59.34817343271144,25.65383098689348,51.21765278632068,1.5164746409936507,3.5082479511921987,1.75720664856468,0.0438907776749105,0.1124020565686204,2004-07-21,0.58,bmo,3002271000.0,2025-04-23,2004-06-30,0.0,43.99274193548387,2788974.193548387
2004-03-31,ITW,USD,49826,2004-05-10,2004-05-10 12:44:19,2004,Q1,2710349000.0,1750343000.0,960006000.0,0.3542001418,483341000,483341000.0,0.0,483341000.0,29023000.0,512364000.0,2262707000.0,0.0,0.0,100012000.0,447642000.0,0.1651602801,447642000.0,0.1651602801,-8217000.0,439425000.0,0.1621285672,149400000.0,290196000.0,0.1070696062,0.47,0.47,616642000,620818000,https://www.sec.gov/Archives/edgar/data/49826/000004982604000008/0000049826-04-000008-index.htm,https://www.sec.gov/Archives/edgar/data/49826/000004982604000008/itw10q1q04.htm,4.395336353994701,0.4706069323854035,0.5184531705592548,0.420320056045485,2.803989997437735,13.35315466672721,8.659398808384768,13.35315466672721,1.576601982998239,24431356040.0,23674497040.0,21.04728876345642,9.014099674986506,76.41963102908977,94.26150246733054,2.9670891252928664,2.9670891252928664,8.734851873319636,52.88712194119408,74.0522272130122,91.34137530045874,0.0118780144468804,0.0106087848572813,0.1180696264176992,0.0826270253713333,-1.6907685159122692,2.9994566663448654,0.0,1.1016692166673558,0.0030267660902214,0.2548208796813188,0.1783316465886865,0.1783316465886865,0.2459917522471735,0.1892805755395683,0.022326645018778,0.6050573931128265,0.0,11.890835168143884,0.0291982703048442,0.0327101302595757,0.2668172943133942,3396621000.0,5339749000.0,1563395000.0,8074227000.0,1815412500.0,509388500.0,1031231000.0,63.41157909922302,27.630755800434542,55.042623074448834,1.4192991450216508,3.2572398905781865,1.6350964938256842,0.0352431274954105,0.0981331145137697,2004-04-20,0.41,bmo,2290765957.0,2025-04-23,2004-03-31,0.1463414634146341,39.699838709677415,2140325.806451613
2003-12-31,ITW,USD,49826,2004-03-09,2004-03-09 14:50:42,2003,Q4,2625958000.0,1720444000.0,905514000.0,0.3448318671,0,468497000.0,0.0,468497000.0,5301000.0,473798000.0,2194242000.0,0.0,0.0,79315000.0,511031000.0,0.1946074537,431716000.0,0.1644032387,-14507000.0,417209000.0,0.1588787787,130300000.0,283297000.0,0.1078832944,0.46,0.46,616642000,616642000,https://www.sec.gov/Archives/edgar/data/49826/000095013704001633/0000950137-04-001633-index.htm,https://www.sec.gov/Archives/edgar/data/49826/000095013704001633/c83293e10vk.htm,4.25848060949465,0.4594189172972324,0.7787484472351867,0.656544640163985,2.7317033221869416,12.769623217361127,8.230744905471894,12.769623217361127,1.583502259009279,25874298320.0,25166269320.0,22.833191244524297,9.853279572635968,53.88132733872127,63.91035343692649,3.285923107187115,3.285923107187115,9.58365264029356,49.24607180386317,52.4069089084128,62.16149891442079,0.0109489732434993,0.0156469170677784,0.1240054018865964,0.087235414762071,-1.3854912911349802,3.2125679107369653,0.0,1.6950726622590426,0.0028507439733345,0.2603663293292904,0.1784099364879408,0.0,0.2500475953472611,0.1569233396292031,0.0286965747357726,0.950085103700435,0.0,11.489066351897666,0.0304169769127441,0.0337480990434403,0.2470266378222696,3294299000.0,5075423000.0,1464167000.0,7821800000.0,1711522000.0,453078000.0,985986500.0,58.99056268226681,25.183400331542323,51.89248240570458,1.5256677662960307,3.573782682844246,1.7343552635690878,0.0359774841807879,0.1222038070712017,2004-01-29,0.45,bmo,2509248755.0,2025-04-23,2003-12-31,0.0444444444444443,38.070625,1922784.375
2003-09-30,ITW,USD,49826,2003-10-31,2003-10-31 16:06:12,2003,Q3,2531885000.0,1634056000.0,897829000.0,0.3546089179,0,466335000.0,0.0,466335000.0,4818000.0,471153000.0,2105209000.0,0.0,0.0,74398000.0,426676000.0,0.1685210821,426676000.0,0.1685210821,-11600000.0,415076000.0,0.1639395154,145300000.0,268902000.0,0.1062062455,0.44,0.44,614284000,617992000,https://www.sec.gov/Archives/edgar/data/49826/000004982603000048/0000049826-03-000048-index.htm,https://www.sec.gov/Archives/edgar/data/49826/000004982603000048/itw10q3q03.htm,4.121684758190023,0.4377486634846423,0.643077143471098,0.5440708206627554,2.234863678689336,12.045986872521503,7.596038640107833,12.045986872521503,1.622125922211876,20351228920.0,19974833920.0,18.92067455801742,8.037975231892444,51.51792492760081,60.89280796136608,2.75029355009293,2.75029355009293,7.889313266597812,46.81499292202983,50.56510338402965,59.766598407008686,0.0132130595679034,0.0164223006538712,0.1346611065891297,0.0923009602321089,-0.8821564840769108,2.894857344019588,0.0,1.4690556410885751,0.0034685374665816,0.2625082743899264,0.1841849057125422,0.0,0.2532075279796369,0.1539571477753701,0.0240208382292244,0.8174682115110621,0.0,10.892432221983128,0.0296809782907882,0.0333538945932982,-0.4179345384219677,2885070000.0,4666125000.0,1011687000.0,7288849000.0,1705796000.0,433459000.0,995843500.0,60.49533055411285,23.39418600096937,53.975787855495774,1.4877181292446255,3.847109704790358,1.6674142902915732,0.0363397925065986,0.0990063228083427,2003-10-16,0.41,bmo,2346625121.0,2025-04-23,2003-09-30,0.0731707317073171,34.701875,1870943.75
2003-06-30,ITW,USD,49826,2003-08-14,2003-08-14 11:51:40,2003,Q2,2563990000.0,1659400000.0,904590000.0,0.3528055882,0,445677000.0,0.0,445677000.0,4847000.0,450524000.0,2109924000.0,0.0,0.0,75655000.0,454066000.0,0.1770935144,454066000.0,0.1770935144,-17121000.0,436945000.0,0.1704160313,152900000.0,276104000.0,0.1076852874,0.45,0.45,613578000,616418000,https://www.sec.gov/Archives/edgar/data/49826/000004982603000038/0000049826-03-000038-index.htm,https://www.sec.gov/Archives/edgar/data/49826/000004982603000038/itw10q2q03.htm,4.178751519774177,0.4499900583136944,0.4503518705038316,0.3428431267092366,2.011265071433461,11.8897988519797,7.483623923934691,11.8897988519797,2.547040474071756,20205123540.0,20533863540.0,18.294848625880103,7.880344127707207,73.12060225964983,96.0497598889528,2.7696011017475723,2.7696011017475723,8.008558356311841,45.22220016473376,74.3102840123622,97.6125020322208,0.0136650488403794,0.0104112701703381,0.2142206529968052,0.1387585136542544,0.723991666409729,2.8229509395812733,0.0,1.0008040448526645,0.0034909462374908,0.2554653319039203,0.1738216607709078,0.0,0.2400410555466274,0.2387216548569443,0.0257274794363472,0.8719185777542793,0.0,10.971852795752408,0.0299720414699536,0.0322579363771953,-1.5405637099113725,2791328000.0,4591787000.0,355071000.0,7198315000.0,1636032000.0,433980000.0,1010330000.0,60.01429802768342,23.98168615162107,54.87065806918164,1.4996426344682856,3.752863724051211,1.6402208970507852,0.0378467343237492,0.1075087437945949,2003-07-22,0.44,bmo,2447445000.0,2025-04-23,2003-06-30,0.0454545454545455,32.10984126984127,2401276.1904761903
2003-03-31,ITW,USD,49826,2003-05-15,2003-05-15 16:56:06,2003,Q1,2313790000.0,1513792000.0,799998000.0,0.3457522074,0,469688000.0,0.0,469688000.0,9310000.0,478998000.0,1992790000.0,0.0,0.0,77185000.0,398185000.0,0.1720921086,321000000.0,0.1387334201,-14116000.0,306884000.0,0.1326326071,107400000.0,195377000.0,0.0844402474,0.32,0.32,613244000,615544000,https://www.sec.gov/Archives/edgar/data/49826/000004982603000016/0000049826-03-000016-index.htm,https://www.sec.gov/Archives/edgar/data/49826/000004982603000016/itw10q1q03.htm,3.7730332461467215,0.31859586070145,0.3541396246844649,0.2625398699375779,1.835403200031309,11.282755314361005,6.976943924441168,11.282755314361005,2.5320802160314653,17827003080.0,18254236080.0,22.811030827579497,7.704676344871402,82.08626760109405,110.7260394655934,2.5764983100359267,2.5764983100359267,7.889322747526785,45.84360556022954,84.05350585245012,113.37964410158943,0.0109596099312504,0.0090312992754584,0.2244203783103018,0.1431610222332571,1.0729510152316135,2.7285484243555285,0.0,1.111563797171622,0.0039554601344692,0.3609124922585565,0.202995085984467,0.0,0.2434458261715928,0.2586543508891488,0.024277484127773,0.7277709399494721,0.0,8.993296429030394,0.0220510368285859,0.023809343915643,-1.8353966773421344,2566585000.0,4278569000.0,124079000.0,6864560000.0,1531180500.0,421374500.0,985856500.0,60.77029462483631,25.314699773813047,59.98646445482602,1.4809867313563716,3.555246588114826,1.5003384649844842,0.0282374164665196,0.091599754746887,2003-04-16,0.32,bmo,2353842424.0,2025-04-23,2003-03-31,0.03125,30.403278688524587,2357242.62295082
2002-12-31,ITW,USD,49826,2003-03-04,2003-03-04 09:01:24,2002,Q4,2427423000.0,1601121000.0,826302000.0,0.3404029706,0,443587000.0,0.0,443587000.0,12787000.0,456374000.0,2057495000.0,0.0,0.0,77654000.0,447582000.0,0.1843856633,369928000.0,0.1523953592,-19245000.0,350683000.0,0.1444671983,122750000.0,222988000.0,0.0918620282,0.36,0.36,610397811,613244000,https://www.sec.gov/Archives/edgar/data/49826/000095013703001256/0000950137-03-001256-index.htm,https://www.sec.gov/Archives/edgar/data/49826/000095013703001256/c75093e10vk.htm,3.9767885078473846,0.3653158579233502,0.5645695213674349,0.4353472361977392,1.7327830816876897,10.89301252425363,6.59284965882684,10.89301252425363,2.5917278396006567,19795201010.73,20319499010.73,22.19312363303182,8.154821393193522,57.44199566680789,74.49226112755188,2.9771378604214034,2.9771378604214034,8.370810942604564,45.39838289012963,58.96341105570903,76.46527183370651,0.0112647504755889,0.0134242132654252,0.2379257192470948,0.1489193221452003,1.17140099467807,2.4750529938832107,0.0,1.54542845354907,0.0035604589194015,0.316070819954437,0.1827398850550563,0.0,0.2470851025515054,0.2288863997771406,0.0324941306068204,1.0157493496793468,0.0,9.46236121972307,0.026198912833106,0.0278794557487343,-2.1460541410755485,2311647000.0,4024261000.0,-95221000.0,6567706000.0,1537459500.0,416500500.0,972347500.0,55.61568379305955,23.4374666249459,54.116547094192136,1.6182485561965052,3.840005468176651,1.6630772810273946,0.0335367151290759,0.1292222851696956,2003-01-29,0.36,bmo,2359994583.0,2025-04-23,2002-12-31,0.0277777777777778,31.75265625,2036290.625
2002-09-30,ITW,USD,49826,2002-11-01,2002-11-01 13:15:42,2002,Q3,2401038000.0,1561548000.0,839490000.0,0.3496362823,0,437526000.0,0.0,437526000.0,5028000.0,442554000.0,2004102000.0,0.0,0.0,77030000.0,473966000.0,0.1974004576,396936000.0,0.1653184997,-21176000.0,375760000.0,0.1564989809,131500000.0,245536000.0,0.1022624382,0.4,0.4,612816000,615786000,https://www.sec.gov/Archives/edgar/data/49826/000004982602000022/0000049826-02-000022-index.htm,https://www.sec.gov/Archives/edgar/data/49826/000004982602000022/itw10q3q02.htm,3.918040651680113,0.4006683898592726,0.6200197122790527,0.5223721312759458,1.175591042009347,10.60390068144435,6.369386569541265,10.60390068144435,2.6230875172971984,17875842720.0,18762891720.0,18.2008368630262,7.445047816819225,47.04689128798447,55.84141697748955,2.750874501403457,2.750874501403457,7.814491782304153,39.586999320626376,49.3814887961301,58.61242329391037,0.0137356321515006,0.017907855031743,0.2473700571231595,0.1541523619555419,1.87154563829473,2.4408356426022086,0.0,1.5474635084060993,0.0037706194362846,0.274513716929493,0.1822236882548298,0.0,0.2488519150731697,0.1574910911205975,0.0249225543285862,0.7768401921329352,0.0,9.777247863069336,0.0285371764438671,0.0313470675064491,-2.50809133573536,2188455000.0,3903262000.0,-222226000.0,6420160000.0,1579857500.0,408227500.0,969733500.0,59.03276832769827,23.97868653413152,56.594744445896,1.5245769857920055,3.753333189117471,1.5902536689787352,0.0377850002462205,0.0976475810031069,2002-10-16,0.39,bmo,2339472923.0,2025-04-23,2002-09-30,0.0256410256410256,32.03546875,2378218.75
2002-06-30,ITW,USD,49826,2002-08-12,2002-08-12 16:19:39,2002,Q2,2434625000.0,1576003000.0,858622000.0,0.3526711506,0,424368000.0,0.0,424368000.0,5246000.0,429614000.0,2005617000.0,0.0,0.0,74709000.0,503717000.0,0.2068971608,429008000.0,0.1762111208,-16363000.0,412645000.0,0.1694901679,147400000.0,267511000.0,0.1098777019,0.44,0.44,612606000,616880000,https://www.sec.gov/Archives/edgar/data/49826/000004982602000014/0000049826-02-000014-index.htm,https://www.sec.gov/Archives/edgar/data/49826/000004982602000014/itw10q2q02.htm,3.974210177503975,0.4366770811908469,0.4591727798944183,0.3471007466462947,0.7922530957907693,10.21906902642155,6.0722536181493485,10.21906902642155,2.703861862273631,20669326440.0,21840389440.0,19.316333197513373,8.489737203881502,73.47996544516019,97.205207208563,3.301670623103215,3.301670623103215,8.97074064383632,43.35845214674113,77.64312330247571,102.71256720404824,0.0129424149730541,0.0102875147198071,0.2645898423117367,0.162846375020867,2.324843116273622,2.3144973677008034,0.0,1.0515156386092537,0.0032585483709647,0.2517728242950757,0.1743052831544899,0.0,0.2497516114044234,0.2440737738719906,0.0281998254351286,0.9189789717436988,0.0,10.020216953054208,0.0311519603141583,0.035054915361913,-2.8706554457514293,1959537000.0,3719899000.0,-461050000.0,6133393000.0,1535817000.0,395638000.0,961238000.0,58.58579041946912,22.866123985804595,54.68049235946886,1.536208683976232,3.935953467928034,1.645925194095568,0.042731591308544,0.1120720332481235,2002-07-18,0.42,bmo,2377981395.0,2025-04-23,2002-06-30,0.0238095238095238,35.58140625,2049478.125
2002-03-31,ITW,USD,49826,2002-05-02,2002-05-02 12:03:44,2002,Q1,2204654000.0,1475119000.0,729535000.0,0.3309067999,0,414764000.0,0.0,414764000.0,4872000.0,419636000.0,1894755000.0,0.0,0.0,76359000.0,386258000.0,0.175201188,309899000.0,0.1405658212,-15427000.0,294472000.0,0.1335683513,100100000.0,-23443000.0,-0.0106334146,-0.04,-0.04,586075000,586075000,https://www.sec.gov/Archives/edgar/data/49826/000004982602000002/0000049826-02-000002-index.htm,https://www.sec.gov/Archives/edgar/data/49826/000004982602000002/itw10q1q02.htm,3.7617267414580047,-0.04,0.4826924881627778,0.3734044277609521,0.4795051827837734,10.145349997867168,5.896018427675639,10.145349997867168,2.604175233545195,21086978500.0,22332194500.0,-224.875,9.564756419828235,74.54021117450351,96.35665065823444,3.5464523163384194,3.5464523163384194,10.12956885751687,57.81678178833837,78.94191640685203,102.0466475966789,-0.0011117287381878,0.0103781108327112,0.2566865839121039,0.157624913428484,3.223793423048843,2.029040059176503,0.0,-12.067312204069443,0.0031812997770164,-2.861579149426268,0.1881311081013165,0.0,0.2572025539036137,0.226413426937298,0.0290526313879638,0.8388140232323629,0.0,,0.0243424388005753,-0.0032594494209725,-3.1705835430618947,1601210000.0,3455509000.0,-579577000.0,5696817000.0,1468418000.0,379056500.0,979557000.0,60.69552410491624,23.847404853438945,58.87404338226272,1.4828111516827671,3.773995558557452,1.5286872589273317,-0.0039426929586864,0.1092880604018257,2002-04-17,0.3,bmo,2066906250.0,2025-04-23,2002-03-31,0.0666666666666667,35.61416666666666,2430620.0
2001-12-31,ITW,USD,49826,2002-03-22,2002-03-22 00:00:00,2001,Q4,1990199000.0,1316659000.0,673540000.0,0.3384284687,0,345847000.0,0.0,345847000.0,25493000.0,371340000.0,1687999000.0,0.0,0.0,78007000.0,380207000.0,0.19103969,302200000.0,0.1518441121,-16840000.0,285360000.0,0.1433826467,97500000.0,191070000.0,0.0960054748,0.33,0.33,586075000,586075000,https://www.sec.gov/Archives/edgar/data/49826/000095013702001470/0000950137-02-001470-index.htm,https://www.sec.gov/Archives/edgar/data/49826/000095013702001470/c67784e10-k405.htm,3.3958094100584395,0.3260162948428102,0.7246069189096959,0.6292351661476774,0.4815492897666681,10.307107452117902,5.634166275647315,10.307107452117902,2.696903979866058,19844499500.0,21142863500.0,25.964959831475376,9.971113190188518,46.728783725869725,53.81135992016899,3.285111769455984,3.285111769455984,10.623492173395723,55.60882229943162,49.78610298723256,57.33207015583859,0.0096283607455053,0.0185834366848103,0.2616547845644025,0.160917515759214,3.4148871535768675,2.083606581133189,0.0,2.2226095148374942,0.0033763008233087,0.3506620610247553,0.1737750848030775,0.0,0.2788227133855659,0.1316186062721052,0.0280851311853739,0.7165382593869781,0.0,8.69519477050051,0.023085933211279,0.0269733633272653,-3.2671368852109373,1645086000.0,3302044000.0,-618367000.0,6017470000.0,1539794000.0,386197000.0,1073688000.0,65.57264374065106,25.10324237331002,67.95536277806175,1.3725235840110783,3.585194241509167,1.3243987865083549,0.0316302412056275,0.0953717527620185,2002-01-29,0.32,bmo,2052392718.0,2025-04-23,2001-12-31,-0.03125,30.58875,2011609.375
2001-09-30,ITW,USD,49826,2001-11-14,2001-11-14 00:00:00,2001,Q3,2395645000.0,1597149000.0,798496000.0,0.3333114881,0,442430000.0,0.0,442430000.0,28450000.0,470880000.0,2068029000.0,0.0,0.0,101740000.0,426389000.0,0.177985052,327616000.0,0.1367548197,-20701000.0,306155000.0,0.1277964807,107100000.0,199055000.0,0.0830903577,0.16,0.16,1218088000,1225852000,https://www.sec.gov/Archives/edgar/data/49826/000004982601500014/0000049826-01-500014-index.htm,https://www.sec.gov/Archives/edgar/data/49826/000004982601500014/itw10q3q01.htm,1.966725720965973,0.1634159436756621,0.3326787555578907,0.2832012137054137,0.1882565134867103,4.836138275723921,2.527393751518774,4.836138275723921,1.612774282317862,32742205440.0,34477393440.0,41.12205852653789,13.667386211229124,80.79866703517985,94.9148474623439,5.558153730824897,5.558153730824897,14.391695530848686,80.85901240416615,85.08062897303273,99.9449027724632,0.0060794621903148,0.0105357594384454,0.3334839060358434,0.1934789597032135,4.069495226190169,1.7119712730339662,0.0,2.035779056039788,0.0018599541228704,0.30594056918942,0.1846809523113817,0.0,0.2769721055582059,0.1487246811702925,0.0251573167142878,0.5923727147631217,0.0,4.216846837585143,0.0242569306979107,0.0271143705959835,-1.834538842842225,1392865000.0,3078588000.0,-913507000.0,5941518000.0,1632626000.0,407109000.0,1154084000.0,61.21955047596786,22.830086610579222,64.98441911180485,1.4701186026403463,3.942166384874551,1.3849473647699484,0.0337905854545071,0.049477541852477,2001-10-17,0.33,bmo,2301200000.0,2025-04-23,2001-09-30,0.0,30.73440677966101,1804189.8305084745
2001-06-30,ITW,USD,49826,2001-08-08,2001-08-08 00:00:00,2001,Q2,2510113000.0,1664403000.0,845710000.0,0.3369210868,0,440799000.0,0.0,440799000.0,26103000.0,466902000.0,2131305000.0,0.0,0.0,104516000.0,484388000.0,0.1929745792,378808000.0,0.1509127278,-19194000.0,358176000.0,0.1426931776,125400000.0,232776000.0,0.0927352673,0.19,0.19,1216640000,1225908000,https://www.sec.gov/Archives/edgar/data/49826/000004982601500012/0000049826-01-500012-index.htm,https://www.sec.gov/Archives/edgar/data/49826/000004982601500012/itw10q2q01.htm,2.063151795107838,0.1913269331930563,0.2332267556549184,0.1772479944765912,0.1454259271436086,4.680181483429774,2.5229780378748026,4.680181483429774,1.6027074566017885,38506656000.0,40279643000.0,41.35591298071966,15.340606578269584,135.70484188713422,178.56337440353911,6.762558270882683,6.762558270882683,16.046944101719724,83.15574085237455,141.95318816012517,186.7850839566514,0.0060450847770317,0.0056002525900976,0.342445578718729,0.1975347437704545,3.660262021354782,1.7816617823786132,0.0,1.2189959445990997,0.001577675298525,0.2609848094305255,0.1756092255607616,0.0,0.2658767375937392,0.2400186077327817,0.0271326430324053,0.6516322859657852,0.0,4.488597478640719,0.0286896959256683,0.0321215401272243,-1.804967163663861,1445925000.0,3069556000.0,-881436000.0,5782247000.0,1640176500.0,419369000.0,1173915000.0,58.64770629848138,22.119985364121547,62.45201432585738,1.5345868692963778,4.068718786133526,1.4411064394241129,0.0408802380571033,0.0559787611783271,2001-07-19,0.39,bmo,2481118421.0,2025-04-23,2001-06-30,-0.0256410256410256,32.412063492063496,1699987.3015873015
2001-03-31,ITW,USD,49826,2001-05-11,2001-05-11 00:00:00,2001,Q1,2396834000.0,1613042000.0,783792000.0,0.3270113825,0,461774000.0,0.0,461774000.0,24539000.0,486313000.0,2099355000.0,0.0,0.0,102045000.0,399524000.0,0.1666882229,297479000.0,0.1241133095,-16321000.0,281158000.0,0.1173039101,98400000.0,182758000.0,0.0762497528,0.3,0.3,606302000,611462000,https://www.sec.gov/Archives/edgar/data/49826/000004982601500004/0000049826-01-500004-index.htm,https://www.sec.gov/Archives/edgar/data/49826/000004982601500004/itw10q01.html,3.953201539826687,0.3014306401760179,0.3914996157030654,0.2722636573852634,0.2465635937206211,9.209794788735646,5.075175407635139,9.209794788735646,3.0677978960979844,17231102840.0,18941622840.0,23.570928276737543,7.18910981736741,72.59266384965055,104.38411161055042,3.0858450868807688,3.0858450868807688,7.902767918011844,47.41047556592345,79.79888880931216,114.74625222627428,0.0106062857204791,0.0095800020191859,0.3331016560597158,0.193233605351165,4.281394859883261,1.8314406993081145,0.0,1.298804977073507,0.0035105123892348,0.3309841429650138,0.1926599839621767,0.0,0.2604302619742508,0.3045621337422641,0.0301618718693075,0.7084423538634916,0.0,7.903326681139571,0.023348765511146,0.025672264309782,-3.401558959066604,1505493000.0,3077089000.0,-725603000.0,5741678000.0,1649646000.0,442541000.0,1187133500.0,61.75621674258626,23.97324434205681,66.55708902806003,1.4573431590723918,3.754185237336064,1.3522226003913211,0.0327293546805942,0.119235958317802,2001-04-19,0.3,bmo,2295800000.0,2025-04-23,2001-03-31,0.0,31.20709677419355,2138487.096774193
2000-12-31,ITW,USD,49826,2001-03-21,2001-03-21 00:00:00,2000,Q4,2528829000.0,1589970000.0,938859000.0,0.3712623511,0,486434000.0,0.0,486434000.0,128057000.0,614491000.0,2204461000.0,0.0,0.0,128057000.0,452425000.0,0.178906917,324368000.0,0.128268064,-28174000.0,296194000.0,0.117126939,94700000.0,201494000.0,0.0796787762,0.33,0.33,601822579,606302000,https://www.sec.gov/Archives/edgar/data/49826/000095013701000857/0000950137-01-000857-index.htm,https://www.sec.gov/Archives/edgar/data/49826/000095013701000857/c60672e10-k405.htm,4.201951020518291,0.3348063150684813,0.5842685407122288,0.4540175286444345,0.2513946888656033,8.974384126588244,4.847117907817812,8.974384126588244,3.281410616533216,17922276402.62,19745808402.62,22.236737077307517,7.087183990147218,50.96971328235114,65.59218118497427,3.3183335569257992,3.3183335569257992,7.808281383446646,43.6443795162071,56.15571204239732,72.265967407974,0.0112426566510571,0.0152457195649575,0.3656418724947866,0.2056371164714036,4.030573023153009,1.8315595754864904,0.0,1.745094146723972,0.0033699402153607,0.2997458981408876,0.1923554340764045,0.0,0.258644596278673,0.2229300449909847,0.0309977463877549,0.6121336592298742,0.0,8.22224487516772,0.0268716434007362,0.0283014124159675,-3.6879764526083023,1511451000.0,2917105000.0,-873408000.0,5717857000.0,1653284500.0,443090500.0,1166784000.0,58.88768279705745,25.77880714730467,66.8721107945433,1.5283331882859754,3.4912398966222167,1.3458525374877792,0.0373068848341979,0.1302510120677941,2001-01-30,0.33,bmo,2528829000.0,2025-04-23,2000-12-31,0.0,28.55873015873016,2168920.634920635
2000-09-03,ITW,USD,49826,2000-11-13,2000-11-13 00:00:00,2000,Q3,2472342000.0,1523817000.0,948525000.0,0.3836544459,0,416949000.0,0.0,416949000.0,97313000.0,514262000.0,2038079000.0,0.0,0.0,97146000.0,531576000.0,0.2150090885,434263000.0,0.1756484338,-21678000.0,412585000.0,0.1668802294,148500000.0,264085000.0,0.1068157237,0.44,0.44,603714000,608950000,https://www.sec.gov/Archives/edgar/data/49826/000004982600500006/0000049826-00-500006-index.htm,https://www.sec.gov/Archives/edgar/data/49826/000004982600500006/0000049826-00-500006-0001.htm,4.09522058458144,0.4374339505129913,0.5050835329311562,0.371106186041735,0.4432413361293593,8.76196510268107,4.919649039114548,8.76196510268107,3.4190610123336547,16849657740.0,18646201740.0,15.950979552038168,6.815261699230931,55.25818637964621,75.20758491711375,3.185358498113606,3.185358498113606,7.541918448175859,35.077207661745454,61.149924047145866,83.22636710973835,0.0156730186496951,0.0132965312089478,0.3902162325763494,0.2160145473770862,3.379655966409319,1.8723632340661032,0.0,1.1546509646515326,0.0032229734774422,0.2056383361417725,0.1686453573170702,0.0,0.2427555876765481,0.2652578002531762,0.0327155385460425,0.8326024746258209,0.0,9.286418723343344,0.0338890869425037,0.0364966126428075,-3.6162499958589662,1601501000.0,2970061000.0,-828496000.0,5547596000.0,1652817500.0,439557500.0,1126024500.0,60.135017728129846,25.44187392580605,68.05047456485917,1.4966321354870071,3.5374752764855,1.3225477202840177,0.0499241831468994,0.1339773468894211,2000-10-18,0.43,bmo,2416111363.0,2025-04-23,2000-09-03,0.0232558139534883,28.272222222222226,1326212.6984126985
2000-06-30,ITW,USD,49826,2000-08-10,2000-08-10 00:00:00,2000,Q2,2577446000.0,1576062000.0,1001384000.0,0.388517936,0,455901000.0,0.0,455901000.0,98980000.0,554881000.0,2130943000.0,0.0,0.0,98980000.0,545483000.0,0.2116370236,446503000.0,0.1732346672,-19531000.0,426972000.0,0.1656570109,153700000.0,273272000.0,0.1060243357,0.46,0.45,603032000,608968000,https://www.sec.gov/Archives/edgar/data/49826/000095013700003570/0000950137-00-003570-index.htm,https://www.sec.gov/Archives/edgar/data/49826/000095013700003570/e10-q.htm,4.2741446556733305,0.4531633478820361,0.4145086827896364,0.2772904257153849,0.3518105175181416,8.502863861287626,4.909346436010029,8.502863861287626,3.244506095862243,17186412000.0,18930800000.0,15.722807312860446,6.668000803896571,68.75609892703692,102.78032473163292,3.3518118677351283,3.3518118677351283,7.344790152732589,34.70465624043279,75.73471167617478,113.21233142959665,0.0159004683467381,0.0097294886215924,0.3815780363877204,0.210156788824297,3.197877844039136,1.6773422084603435,0.0,0.9147003717907431,0.0031538869195036,0.1983518252876255,0.1768809123450113,0.0,0.2327633422059566,0.3310383178243093,0.0321042613501892,0.835997171145686,0.0,9.311105772905885,0.0359272471567854,0.0382578236725814,-3.615152263893127,1335687000.0,2960493000.0,-874772000.0,5123949000.0,1639486500.0,449228500.0,1109185000.0,57.744301917479554,25.60279354492399,62.80713575988762,1.55859534207576,3.5152414068441917,1.432958196725783,0.0532953785071435,0.1372182570742514,2000-07-20,0.45,bmo,2577400000.0,2025-04-23,2000-06-30,0.0,30.09523809523809,1217838.0952380951
2000-03-31,ITW,USD,49826,2000-05-12,2000-05-12 00:00:00,2000,Q1,2404960000.0,1503299000.0,901661000.0,0.3749172543,0,454171000.0,0.0,454171000.0,89187000.0,543358000.0,2046657000.0,0.0,0.0,89187000.0,447490000.0,0.1860696228,358303000.0,0.1489850143,-15874000.0,342429000.0,0.1423844887,123300000.0,219129000.0,0.0911154447,0.37,0.36,601492000,608038000,https://www.sec.gov/Archives/edgar/data/49826/000095013700002321/0000950137-00-002321-index.html,https://www.sec.gov/Archives/edgar/data/49826/000095013700002321/,3.998324167237469,0.3643090847426067,0.3589341171619905,0.2394080054265061,0.4121451324373391,8.246242676544327,4.684002447247844,8.246242676544327,3.1581168161837563,16619223960.0,18270903960.0,18.96054830716153,6.9103951666555785,76.97791510727387,115.40967458785296,3.350616891083132,3.350616891083132,7.597175819972057,40.82974806140919,84.62826527587357,126.87951528450994,0.0131852727015058,0.0086647848507602,0.3829764584986962,0.207795034881149,3.690987508100739,1.704268082711926,0.0,0.9852461335560332,0.0032553866612674,0.2468956641978013,0.1888476315614397,0.0,0.23438519718728,0.3330029273353837,0.02989405229193,0.8061040286140356,0.0,8.221561606306247,0.0296584361451232,0.0313088168162247,-3.5835135795654804,1380507000.0,2817390000.0,-840857000.0,5168861000.0,1628087500.0,460153000.0,1101352000.0,60.82211346550463,26.947094357143857,66.96296611652106,1.4797249696205257,3.3398777176931658,1.3440264853768962,0.0441787974272028,0.1195261117354844,2000-04-19,0.35,bmo,2338194444.0,2025-04-23,2000-03-31,0.0285714285714286,29.542380952380952,1726238.0952380951
1999-12-31,ITW,USD,49826,2000-03-30,2000-03-30 00:00:00,1999,Q4,4641400000.0,2936200000.0,1705200000.0,0.3673891498,0,960100000.0,0.0,960100000.0,154400000.0,1114500000.0,4050700000.0,0.0,0.0,154400000.0,745100000.0,0.1605334597,590700000.0,0.1272676348,-106400000.0,484300000.0,0.104343517,194600000.0,289700000.0,0.0624165123,0.48,0.48,601492000,601492000,https://www.sec.gov/Archives/edgar/data/49826/000095013700001404/0000950137-00-001404-index.html,https://www.sec.gov/Archives/edgar/data/49826/000095013700001404/,7.716478357151883,0.4816356659772698,0.7752389059206107,0.098089417648115,0.3873700730849288,8.005759012588696,4.630818032492535,8.005759012588696,3.182752222805956,20318399760.0,21999799760.0,17.534000483258545,4.377644624466756,43.57366450782758,344.37965694915255,4.219462507787515,4.219462507787515,4.739906011117335,29.52596934639645,47.179497662449066,372.8779620338983,0.0142580126103395,0.0029037719848465,0.3975578352784815,0.2112954317185965,2.256609851026708,1.6001271145008311,0.0,1.6095961339316534,0.0034943696766796,0.2450811183983431,0.2068556900935062,0.0,0.2240543911349513,0.8734720137250697,0.0877536950058172,2.637953367875648,0.0,9.314334606284978,0.0466858686269732,0.0412073453479936,-3.7350870834524814,1227500000.0,2785400000.0,-972000000.0,4891400000.0,1363900000.0,379800000.0,854600000.0,31.624294393932864,14.412505960084465,33.23274981268306,2.8459132994052365,6.244576775840068,2.708171923999262,0.0601611496448893,0.6771494882724958,2000-02-01,0.41,bmo,4641400000.0,2025-04-23,1999-12-31,0.0,34.3534375,2095343.75
1999-09-30,ITW,USD,49826,1999-11-15,1999-11-15 00:00:00,1999,Q3,1593800000.0,964600000.0,629200000.0,0.3947797716,0,254600000.0,0.0,254600000.0,64900000.0,319500000.0,1284100000.0,0.0,0.0,64900000.0,470260000.0,0.2950558414,309700000.0,0.1943154725,-17773000.0,294800000.0,0.1849667461,107600000.0,232900000.0,0.1461287489,0.39,0.38,600288000,609684000,https://www.sec.gov/Archives/edgar/data/49826/000095013799004139/0000950137-99-004139-index.html,https://www.sec.gov/Archives/edgar/data/49826/000095013799004139/,2.655058905058905,0.3879804360573591,0.3734873927181619,0.140266005650621,0.2523788581480889,6.233008156085079,3.604769710538941,6.233008156085079,2.727524121754891,22378736640.0,23864536640.0,24.02182979819665,14.04111973898858,99.81595289919714,265.78072019002377,5.981060679923028,5.981060679923028,14.97335715899109,50.74753676689491,106.44307154326494,283.4268009501188,0.0104072005380192,0.0037625001515724,0.4375935428693607,0.2375997678130895,3.1595287713179943,1.5403088746028226,0.0,1.1976495726495726,0.0019800045334462,0.1902533276084156,0.1597440080311206,0.0,0.2289508053983456,0.6244424620874219,0.0878403814782281,2.157164869029276,0.0,7.376409526511304,0.0329825245841548,0.0438333992057666,-3.103052201609894,731200000.0,2163900000.0,-1064900000.0,3396900000.0,1092350000.0,298700000.0,619350000.0,61.94064499937257,27.001866058469837,58.31432718225171,1.4530039201385725,3.333102971665515,1.54336,0.0622460979260209,0.2332213870675409,1999-10-19,0.37,bmo,2325700000.0,2025-04-23,1999-09-30,0.0,38.1403125,1051190.625
1999-06-30,ITW,USD,49826,1999-08-11,1999-08-11 00:00:00,1999,Q2,1624200000.0,978500000.0,645700000.0,0.3975495629,0,258400000.0,0.0,258400000.0,63700000.0,322100000.0,1300600000.0,0.0,0.0,63700000.0,481538000.0,0.2964770348,323600000.0,0.1992365472,56246000.0,314700000.0,0.1937569265,114900000.0,239716000.0,0.1475901983,0.4,0.4,599944000,609412000,https://www.sec.gov/Archives/edgar/data/49826/000004982699000005/0000049826-99-000005-index.html,https://www.sec.gov/Archives/edgar/data/49826/000004982699000005/,2.707252676916512,0.3995639593028682,0.2565239422346085,-0.4323736882108996,0.1991852572906804,5.984725241022495,3.412985211953115,5.984725241022495,2.7645913618604405,24525710720.0,26064810720.0,25.577882494284907,15.100178992734884,159.36134320987657,-94.54784394757132,6.830722941094556,6.830722941094556,16.04778396749169,54.1282530558336,169.36199298245614,-100.48115158057055,0.0097740694545711,-0.0105766557781531,0.4619412338114468,0.2461232545370906,3.196217120974876,1.5258653052030933,0.0,0.7698849424712356,0.0017811104639825,0.1822281366283435,0.159093707671469,0.0,0.2289542803721675,2.685510071474984,0.2544637359931043,6.488226059654632,0.0,7.335108147427829,0.0351696465598825,0.0461347190146266,-3.1772965476777832,700400000.0,2047600000.0,-1116100000.0,3327600000.0,1059550000.0,295250000.0,605950000.0,60.27705947543406,28.329075114971896,56.44660194174757,1.4931053502482077,3.176948051948052,1.594427244582043,0.0667639604511906,0.6888976304455082,1999-07-20,0.39,bmo,2304412500.0,2025-04-23,1999-06-30,0.0256410256410256,37.37587301587301,1149238.0952380951
1999-03-31,ITW,USD,49826,1999-05-17,1999-05-17 00:00:00,1999,Q1,1473800000.0,897700000.0,576100000.0,0.3908942869,0,253300000.0,0.0,253300000.0,60300000.0,313600000.0,1211300000.0,0.0,0.0,60300000.0,387892000.0,0.2631917492,262500000.0,0.1781110056,-6779000.0,258800000.0,0.1756004885,94500000.0,188432000.0,0.1278545257,0.16,0.16,500934000,500934000,https://www.sec.gov/Archives/edgar/data/49826/000004982699000002/0000049826-99-000002-index.html,https://www.sec.gov/Archives/edgar/data/49826/,2.94210414944883,0.376161330634375,0.3836832796336443,0.0225578619139447,0.5002655040384562,6.8557933779699525,4.181988046329456,6.8557933779699525,3.0658729493306502,15498897960.0,16784097960.0,20.56298553324276,10.516283050617451,80.63942747138398,1371.5838902654866,4.512971481815799,4.512971481815799,11.388314533858054,43.2700286677735,87.32621207075962,1485.318403539823,0.0121577676352415,0.0007290840954733,0.447194479224296,0.2376773913985483,3.313293390943871,1.7249603869568844,0.0,1.169811320754717,0.0028200069522878,0.2319510486541564,0.1718686388926584,0.0,0.2072829131652661,0.941207075962539,0.1227439272628579,3.0,0.0,7.617407570247181,0.029931919808057,0.0367865997696347,-3.402094886751548,869300000.0,2094900000.0,-959000000.0,3241100000.0,1010200000.0,351750000.0,590000000.0,62.97801601302755,28.32237941405815,59.9732650105826,1.4290701056918451,3.177699115044248,1.500668672684721,0.0548676586203884,0.3611254177196996,1999-04-20,0.32,bmo,2091345454.0,2025-04-23,1999-03-31,0.03125,32.5655737704918,971629.5081967212
1998-12-31,ITW,USD,49826,1999-03-30,1999-03-30 00:00:00,1998,Q4,1509200000.0,915100000.0,594100000.0,0.3936522661,0,244800000.0,0.0,244800000.0,52600000.0,297400000.0,1212500000.0,0.0,0.0,52600000.0,349300000.0,0.2314471243,296700000.0,0.1965942221,-6400000.0,290300000.0,0.1923535648,106000000.0,184300000.0,0.1221176782,0.37,0.37,500256000,500934000,https://www.sec.gov/Archives/edgar/data/49826/000095013799000687/0000950137-99-000687-index.html,https://www.sec.gov/Archives/edgar/data/49826/,3.0168553700505343,0.368411373376831,0.4509691038188447,0.0271860807266679,0.1869043049958421,6.672583637177765,4.2952008571611335,6.672583637177765,2.7060145205654704,14507424000.0,15767624000.0,19.679088442756377,9.612658362046115,64.3059574468085,1066.7223529411765,4.346142600359497,4.346142600359497,10.44767028889478,45.14063555682794,69.89195035460993,1159.384117647059,0.01270384046127,0.0009374510595402,0.4055422408627921,0.22125788630643,3.6077870025765817,1.501227495908347,0.0,1.2240911557243626,0.0025848834362323,0.2034725990233315,0.1622051417969785,0.0,0.1943872380765584,0.9397163120567376,0.1404717731248343,4.030418250950571,0.0,7.437119959315548,0.0355207729978982,0.0373917101178761,-3.3062571963154865,612500000.0,2148700000.0,-945700000.0,2789300000.0,993200000.0,353650000.0,592450000.0,58.98423005565863,41.40531089498416,57.21997595891159,1.5258315640481246,2.1736342042755346,1.5728772774149191,0.0552127022168963,0.4237830230921768,1999-01-28,0.36,bmo,1467277777.0,2025-04-23,1998-12-31,0.0277777777777778,30.35140625,899743.75
1998-09-30,ITW,USD,49826,1998-11-16,1998-11-16 00:00:00,1998,Q3,1377200000.0,849800000.0,527400000.0,0.3829509149,0,211000000.0,0.0,211000000.0,51800000.0,262800000.0,1112600000.0,0.0,0.0,51800000.0,316400000.0,0.2297415045,264600000.0,0.1921289573,-6500000.0,258100000.0,0.1874092361,94200000.0,163900000.0,0.1190095847,0.17,0.16,500128000,500128000,https://www.sec.gov/Archives/edgar/data/49826/000004982698000004/0000049826-98-000004-index.html,https://www.sec.gov/Archives/edgar/data/49826/,2.753695054066159,0.3277161046772026,0.4430865698381214,-0.3837017723462793,0.2161446669652569,6.318582442894619,4.082154968328108,6.318582442894619,2.7075068782391707,13628488000.0,14874488000.0,20.78780964002441,9.89579436537903,61.50039711191336,-71.01869723814487,4.312676181133509,4.312676181133509,10.80052860877142,47.01165613147914,67.12314079422383,-77.51166232412714,0.012026279070723,-0.0140807989851845,0.428499098129806,0.2269542772861356,3.938053097345133,1.5107802078486117,0.0,1.3520439292251374,0.002201271336923,0.1830384380719951,0.1532094103979088,0.0,0.1874664789487798,1.8659747292418776,0.3002468777229161,7.982625482625482,0.0,6.825743737389481,0.0330834754959226,0.0338084531446605,-3.2965060944398235,658600000.0,2041600000.0,-858300000.0,2728100000.0,966200000.0,273950000.0,567650000.0,65.173540516991,30.321252059308076,63.87267592374676,1.3809285069688155,2.968215158924205,1.4090532250041452,0.0518654472959716,0.8267883421844008,1998-10-20,0.33,bmo,1377200000.0,2025-04-23,1998-09-30,0.0,28.2646875,1194828.125
1998-06-30,ITW,USD,49826,1998-08-14,1998-08-14 00:00:00,1998,Q2,1420500000.0,869200000.0,551300000.0,0.3881027807,0,213700000.0,0.0,213700000.0,53900000.0,267600000.0,1136800000.0,0.0,0.0,53900000.0,337600000.0,0.2376627948,283700000.0,0.199718409,-6600000.0,277100000.0,0.1950721577,101100000.0,176000000.0,0.1239000352,0.18,0.18,499932000,499932000,https://www.sec.gov/Archives/edgar/data/49826/000004982698000003/0000049826-98-000003-index.html,https://www.sec.gov/Archives/edgar/data/49826/,2.841386428554284,0.3520478785114775,0.2292311754398598,-0.3366457838266004,0.2168294888104782,6.097029195970652,4.396597937319475,6.097029195970652,2.299712760935487,16667732880.000002,17709032880.0,23.675756931818185,11.733708468849,145.44269528795812,-99.03584598930482,5.46823689511499,5.46823689511499,12.46676021119324,52.45566611374407,154.5290827225131,-105.22301176470587,0.0105593244904462,-0.0100973540439892,0.3771857878678521,0.2064463997126952,3.084419431279621,1.6241172789845355,0.0,0.6515065378055713,0.0017938852401383,0.1698863636363636,0.1504399859204505,0.0,0.1526485904112048,2.468586387434555,0.1991552270327349,5.24860853432282,0.0,6.949463242397946,0.037869780263928,0.0372968276505117,-2.8905431138634854,698200000.0,2198000000.0,-704000000.0,2435400000.0,925950000.0,265950000.0,531300000.0,59.24604012671594,27.08697653014266,55.10584445467096,1.519088867500802,3.3226299694189603,1.6332205937617437,0.0577408877661494,0.5658769592664602,1998-07-21,0.35,bmo,1420500000.0,2025-04-23,1998-06-30,0.0,33.34555555555556,644631.746031746
1998-03-31,ITW,USD,49826,1998-05-15,1998-05-15 00:00:00,1998,Q1,1341000000.0,832100000.0,508900000.0,0.3794929157,0,221100000.0,0.0,221100000.0,53500000.0,274600000.0,1106700000.0,0.0,0.0,53500000.0,287800000.0,0.2146159582,234300000.0,0.1747203579,-100000.0,234200000.0,0.1746457867,85500000.0,148700000.0,0.1108873975,0.15,0.15,499774000,499774000,https://www.sec.gov/Archives/edgar/data/49826/000004982698000001/0000049826-98-000001-index.html,https://www.sec.gov/Archives/edgar/data/49826/,2.6832128121911105,0.2975344855874855,0.3195444340842061,0.2164978570313782,0.4131867604157079,5.8204308347373015,4.212704142272307,5.8204308347373015,2.31504640097324,16182682120.000002,17133182120.000002,27.20693026227304,12.067622759134975,101.33176030056356,149.56268133086877,5.563162061260271,5.563162061260271,12.776422162565252,59.53155705350939,107.28354489668128,158.34733937153422,0.0091888352559445,0.0066861598836126,0.3977448520059128,0.2100123429899077,3.302640722724114,1.60917694777759,0.0,1.073974445191661,0.0018538336091347,0.2017484868863483,0.1648769574944071,0.0,0.1458469469251433,0.3224796493425172,0.0384041759880686,0.9626168224299064,0.0,6.242197138988787,0.0321019168212267,0.0315999744990118,-2.883303253070388,720900000.0,2105400000.0,-696000000.0,2406400000.0,909400000.0,269700000.0,526700000.0,61.53020134228188,29.23566878980892,57.36810479509674,1.462696335078534,3.07843137254902,1.568815987933635,0.0511189796830417,0.1030465770528278,1998-04-21,0.28,bmo,1251600000.0,2025-04-23,1998-03-31,0.0714285714285712,29.340491803278688,673845.9016393443
1997-12-31,ITW,USD,49826,1998-03-31,1998-03-31 00:00:00,1997,Q4,1348900000.0,832800000.0,516100000.0,0.382608051,0,228100000.0,0.0,228100000.0,38800000.0,266900000.0,1099700000.0,0.0,0.0,38800000.0,288000000.0,0.2135073022,249200000.0,0.184743124,3000000.0,252200000.0,0.1869671584,92000000.0,160200000.0,0.1187634369,0.32,0.32,499196000,499774000,https://www.sec.gov/Archives/edgar/data/49826/000095013798001347/0000950137-98-001347-index.html,https://www.sec.gov/Archives/edgar/data/49826/,2.7021450492391765,0.3209160329810335,0.4477199336533145,0.6973212926385628,0.3723988172982155,5.622040240707057,4.070946081298728,5.622040240707057,2.308912731672529,15005831760.0,15972531760.0,23.417340449438203,11.12449533694121,67.14018684563759,43.10781890261419,5.346813383217531,5.346813383217531,11.841153354585218,55.46017972222222,71.46546648769575,45.884894455616205,0.0106758494005666,0.0231976477923673,0.4106894708711919,0.2136501816564098,3.3565972222222222,1.6051472493306849,0.0,1.395131086142322,0.0019992227341885,0.1872659176029962,0.1691007487582474,0.0,0.1435271001705345,0.5574944071588367,0.0923715620134924,3.211340206185567,0.0,6.371386360472694,0.0349035036046872,0.0346715723406557,-2.933517095489547,700700000.0,2032200000.0,-729700000.0,2359100000.0,888550000.0,255650000.0,513200000.0,60.18237082066869,29.081412103746395,56.52017291066282,1.4954545454545454,3.0947603121516165,1.5923518164435946,0.0570817744521646,0.2496013589852482,1998-01-28,0.32,bmo,1348900000.0,2025-04-23,1997-12-31,0.0,26.55171875,634278.125
1997-09-30,ITW,USD,49826,1997-11-14,1997-11-14 00:00:00,1997,Q3,1315400000.0,819600000.0,495800000.0,0.3769195682,0,210700000.0,0.0,210700000.0,49300000.0,260000000.0,1079600000.0,0.0,0.0,49300000.0,285100000.0,0.2167401551,235800000.0,0.1792610613,-1000000.0,234800000.0,0.1785008362,85700000.0,149100000.0,0.1133495515,0.15,0.15,498908000,498908000,https://www.sec.gov/Archives/edgar/data/49826/000004982697000011/0000049826-97-000011-index.html,https://www.sec.gov/Archives/edgar/data/49826/,2.636558243203156,0.2988526942843169,0.4054855805078291,-0.0390853624315505,0.3672019691005155,5.343670576539162,3.859228555164479,5.343670576539162,2.0548878751192605,12392874720.0,13234874720.0,20.77946800804829,9.421373513760074,61.25988492338112,-635.5320369230769,4.648490142535634,4.648490142535634,10.061482986163904,46.42186853735531,65.42202036579337,-678.7115241025641,0.0120311068552462,-0.0015734847999819,0.3845461365341335,0.2096909451637315,2.953349701858997,1.598956426217503,0.0,1.3558981233243967,0.0024126766933055,0.2005365526492287,0.1601794131062794,0.0,0.1514798224622118,1.0963914977755809,0.1686179109016269,4.498985801217039,0.0,5.994316713041409,0.0369160051571429,0.0359407014583584,-2.2687048513954475,654300000.0,1925400000.0,-476400000.0,2187900000.0,878550000.0,241250000.0,504950000.0,59.8745628706097,26.59590043923865,55.278184480234266,1.5031424980002286,3.383980181668043,1.628128724672229,0.0559264816204051,0.4445709429393796,1997-10-16,0.29,bmo,1271553333.0,2025-04-23,1997-09-30,0.0344827586206896,25.15640625,633796.875
1997-06-30,ITW,USD,49826,1997-08-14,1997-08-14 00:00:00,1997,Q2,1326300000.0,816600000.0,509700000.0,0.3843021941,0,215900000.0,0.0,215900000.0,48100000.0,264000000.0,1080600000.0,0.0,0.0,48100000.0,293800000.0,0.2215185101,245700000.0,0.1852522054,-2400000.0,243300000.0,0.18344266,88900000.0,154400000.0,0.1164140843,0.16,0.15,498816000,498816000,https://www.sec.gov/Archives/edgar/data/49826/000004982697000010/0000049826-97-000010-index.html,https://www.sec.gov/Archives/edgar/data/49826/,2.6588962663587377,0.3095329740826276,0.2963016422889402,0.2125032075955863,0.3157476905311778,5.173851680780087,3.885400628688735,5.173851680780087,2.296237490377213,12455435520.0,13443335520.0,20.16747979274611,9.391114770413932,84.2722294993234,117.50410867924528,4.826191692498449,4.826191692498449,10.13596887581995,45.75675806671205,90.95626197564276,126.82392,0.012396194396581,0.0085103407126786,0.4438158710477371,0.232403368164756,3.3624914908100747,1.454462809917355,0.0,0.9578742709008424,0.0019027837253819,0.1534974093264248,0.1627836839327452,0.0,0.1304047884751953,0.2828146143437077,0.031516248209304,0.8690228690228691,0.0,6.0027700447227605,0.0381528476933405,0.0360259461477437,-2.5569548691301,549900000.0,1938100000.0,-587800000.0,1987700000.0,859900000.0,234750000.0,510900000.0,59.850712508482246,26.484202792064657,55.82292432035267,1.5037414965986395,3.3982521847690386,1.6122408687068115,0.059826410415375,0.0837984346933538,1997-07-17,0.31,bmo,1326300000.0,2025-04-23,1997-06-30,0.0,23.62171875,740146.875
1997-03-31,ITW,USD,49826,1997-05-15,1997-05-15 00:00:00,1997,Q1,1229800000.0,768400000.0,461400000.0,0.3751829566,0,215700000.0,0.0,215700000.0,49200000.0,264900000.0,1033300000.0,0.0,0.0,49200000.0,245700000.0,0.1997885835,196500000.0,0.1597820784,-2400000.0,194100000.0,0.1578305416,70800000.0,123300000.0,0.1002602049,0.0613,0.0613,498424000,498424000,https://www.sec.gov/Archives/edgar/data/49826/000004982697000008/0000049826-97-000008-index.html,https://www.sec.gov/Archives/edgar/data/49826/,2.46737717284882,0.2473797409434537,0.173948284994302,0.0942972248527358,0.2323323114456768,4.934553713304335,3.6551209412066834,4.934553713304335,2.202542413687945,10217692000.0,11199692000.0,20.71713706407137,8.308417628882745,117.85111880046136,217.3977021276596,4.154377719048587,4.154377719048587,9.10692145064238,45.58279202279202,129.17753171856978,238.29131914893617,0.012067304436266,0.0045998646269627,0.4463508843260825,0.2300840441808312,3.9967439967439966,1.4469428349044366,0.0,0.7031630170316302,0.0022999323134813,0.1905920519059205,0.1753943730687917,0.0,0.1336533020350847,0.4579008073817762,0.0322816718165555,0.806910569105691,0.0,5.24079611638801,0.0318097334322163,0.0298287207276949,-2.6282843522783814,516800000.0,1821800000.0,-638700000.0,1954200000.0,838950000.0,238650000.0,520650000.0,61.31240852171085,26.84539302446642,60.35528370640292,1.4678920983528287,3.3525305410122166,1.4911701921210945,0.0501321406789998,0.0796510601415662,1997-04-16,0.24,bmo,1180608000.0,2025-04-23,1997-03-31,0.0416666666666667,20.97,876577.0491803279
1996-12-31,ITW,USD,49826,1997-03-27,1997-03-27 00:00:00,1996,Q4,1296700000.0,805900000.0,490800000.0,0.3784992674,0,222400000.0,0.0,222400000.0,43000000.0,265400000.0,1071300000.0,0.0,0.0,43000000.0,268400000.0,0.2069869669,225400000.0,0.1738258657,-13900000.0,211500000.0,0.1631063469,77200000.0,134300000.0,0.1035706023,0.27,0.27,496080000,498424000,https://www.sec.gov/Archives/edgar/data/49826/000095013797001181/0000950137-97-001181-index.html,https://www.sec.gov/Archives/edgar/data/49826/,2.613892920496694,0.2707224641186905,0.4098129333978391,0.306402193194646,0.2775761973875181,4.829866150620868,3.39622641509434,4.829866150620868,2.4377116594097727,9906717600.0,10978317600.0,18.441395383469843,7.639945708336547,48.72955041810132,65.17577368421053,4.134690150250417,4.134690150250417,8.466351199197964,40.90282265275708,54.00057845548451,72.22577368421052,0.0135564578927736,0.0153431243462516,0.5047161936560934,0.2516125005201614,3.992548435171386,1.3951447551874026,0.0,1.5137751303052869,0.0023721277772165,0.1749813849590469,0.1715123004550011,0.0,0.1479755316050102,0.2523364485981308,0.0395619649880465,1.1930232558139535,0.0,5.424015899436465,0.0359858033584088,0.0327960927960927,-2.7806502983389776,481800000.0,1684800000.0,-709100000.0,2001300000.0,838700000.0,245900000.0,533550000.0,58.30878383589111,27.7069115274848,58.741779377093934,1.5435067253898345,3.248286981056026,1.5321292775665398,0.0560517529215358,0.103410740203193,1997-01-29,0.27,bmo,1296700000.0,2025-04-23,1996-12-31,0.0,19.195,681087.5
1996-09-30,ITW,USD,49826,1996-11-14,1996-11-14 00:00:00,1996,Q3,1238300000.0,782500000.0,455800000.0,0.3680852782,0,212500000.0,0.0,212500000.0,44400000.0,256900000.0,1039400000.0,0.0,0.0,44400000.0,243300000.0,0.1964790439,198900000.0,0.1606234354,-3900000.0,195000000.0,0.1574739562,72200000.0,122800000.0,0.0991682145,0.0625,0.0613,495416000,495416000,https://www.sec.gov/Archives/edgar/data/49826/000004982696000013/0000049826-96-000013-index.html,https://www.sec.gov/Archives/edgar/data/49826/,2.4995155586416264,0.2478724950344761,0.404104833109952,0.3276034686001259,0.3284108708640819,4.599568847191048,3.370097049752128,4.599568847191048,1.4836016600190547,8932350480.0,9504650480.0,18.184752605863192,7.213397787289026,44.61713526473527,55.03604731977819,3.919932628252951,3.919932628252951,7.675563659856254,39.065558898479246,47.47577662337663,58.562233394947626,0.0137477811999154,0.0181699095174778,0.3225523324702681,0.1811862150569442,2.3522400328812165,1.859514687100894,0.0,1.628966639544345,0.0023622001898877,0.1718241042345276,0.1716062343535492,0.0,0.1501503722329044,0.1893106893106893,0.0306064766211741,0.8536036036036037,0.0,5.064819704620502,0.0384882005899704,0.0356200145032632,-1.446612543801573,807600000.0,1669600000.0,-30700000.0,2180700000.0,844950000.0,238150000.0,544750000.0,60.85520471614311,28.029392971246008,62.235143769968055,1.478920339185477,3.2109150594993845,1.4461282572537424,0.0538903760916311,0.076501364509826,1996-10-16,0.24,bmo,,2025-04-23,1996-09-30,0.0416666666666667,17.136875,605450.0
1996-06-30,ITW,USD,49826,1996-08-14,1996-08-14 00:00:00,1996,Q2,1324800000.0,833400000.0,491400000.0,0.370923913,0,229400000.0,0.0,229400000.0,47000000.0,276400000.0,1109800000.0,0.0,0.0,47000000.0,262000000.0,0.1977657005,215000000.0,0.1622886473,-8000000.0,207000000.0,0.15625,76600000.0,130400000.0,0.0984299517,0.0663,0.065,495140000,495140000,https://www.sec.gov/Archives/edgar/data/49826/000004982696000011/0000049826-96-000011-index.html,https://www.sec.gov/Archives/edgar/data/49826/,2.675606899058852,0.2633598578179908,0.1950963363897079,0.1153209193359453,0.2770933473361069,4.378559599305247,3.255442905036959,4.378559599305247,1.6560972654198811,8357963199.999999,9040763200.0,16.023702453987728,6.308849033816425,86.52135817805382,146.3741366024518,3.855149077490774,3.855149077490774,6.824247584541062,34.506729770992365,93.5896811594203,158.3321050788091,0.0156018873114923,0.0068318080175323,0.3782287822878228,0.2040359302296648,2.606106870229008,1.740923759580476,0.0,0.7413660782808903,0.0025484677893772,0.1633435582822086,0.1731582125603864,0.0,0.1383711960984349,0.4089026915113871,0.0298158212560386,0.8404255319148937,0.0,5.093680276010083,0.0419252789124191,0.0376573870855954,-1.6158056307307025,734700000.0,1611900000.0,-124600000.0,2038900000.0,827100000.0,236850000.0,542300000.0,57.92119565217392,25.11879049676026,59.22246220302376,1.553835327234342,3.582975064488392,1.5196936542669583,0.0601476014760147,0.0797754170537625,1996-07-18,0.26,bmo,,2025-04-23,1996-06-30,0.0,16.626825396825396,726882.5396825396
1996-03-31,ITW,USD,49826,1996-05-15,1996-05-15 00:00:00,1996,Q1,1136900000.0,720500000.0,416400000.0,0.3662591257,0,211100000.0,0.0,211100000.0,43800000.0,254900000.0,975400000.0,0.0,0.0,43800000.0,205300000.0,0.1805787668,161500000.0,0.142052951,-4700000.0,156800000.0,0.1379189023,58000000.0,98800000.0,0.0869029818,0.05,0.05,489784000,489784000,https://www.sec.gov/Archives/edgar/data/49826/000004982696000006/0000049826-96-000006-index.html,https://www.sec.gov/Archives/edgar/data/49826/,2.321227316531369,0.2017215752249971,0.2639939238521471,0.1823252699149012,0.2423517305587769,4.160609574832987,3.0678829851526386,4.160609574832987,1.495761396860657,7880624560.0,8494524560.0,19.9408516194332,6.931677860849679,60.948372467130696,88.24887525195969,3.867221788202964,3.867221788202964,7.471654991643944,41.376154700438384,65.6962456303171,95.12345531914892,0.0125370773912366,0.0113315891805407,0.3595053489056826,0.1923642474529986,2.990258158792012,1.788463647329751,0.0,1.3087044534412955,0.0024871125189092,0.1983805668016194,0.185680358870613,0.0,0.14053145677975,0.3093580819798917,0.0351833934382971,0.91324200913242,0.0,4.345561659896118,0.0337226536293202,0.0301845289013809,-1.5978472142822142,719000000.0,1502600000.0,-139700000.0,1990800000.0,771450000.0,231300000.0,527600000.0,63.45676840531269,30.116585704371964,66.97848716169327,1.4182884231536923,2.9883865615927,1.3437150317045878,0.048483658847777,0.0816686539372458,1996-04-17,0.19,bmo,,2025-04-23,1996-03-31,0.0526315789473684,15.50047619047619,834526.9841269841
1995-12-31,ITW,USD,49826,1996-03-29,1996-03-29 00:00:00,1995,Q4,1087300000.0,675000000.0,412300000.0,0.379196174,0,221600000.0,0.0,221600000.0,39200000.0,260800000.0,935800000.0,0.0,0.0,39200000.0,190700000.0,0.1753885772,151500000.0,0.1393359698,18500000.0,170000000.0,0.1563505932,63700000.0,106300000.0,0.0977651062,0.22,0.22,473476116,489784000,https://www.sec.gov/Archives/edgar/data/49826/000095013196001325/0000950131-96-001325-index.html,https://www.sec.gov/Archives/edgar/data/49826/,2.2964199528915628,0.2245097406349426,0.3070904636718782,0.5250528835545318,0.2462637418441609,4.0639853521143605,2.9684707475297443,4.0639853521143605,1.672312442471755,6983772711.0,7658972711.0,16.424677119002823,6.423041213096662,48.03144918156809,28.09240833065165,3.629442215466168,3.629442215466168,7.044028980962016,40.16241589407446,52.67519058459423,30.8084179847144,0.0152209993650808,0.035596805664714,0.4114956865190728,0.2191469928869945,3.540639748295753,1.8010341990833236,0.0,1.367826904985889,0.0028637816303068,0.1881467544684854,0.2038075967994113,0.0,0.1435609310564335,0.7097661623108665,0.0949140071737331,2.63265306122449,0.0,4.53090462163093,0.032239333931231,0.0343523784901758,-1.5984438801132683,681600000.0,1405500000.0,-156400000.0,1895200000.0,735450000.0,210550000.0,515400000.0,61.360250160949136,29.53333333333333,69.2,1.466747605557804,3.0474040632054176,1.300578034682081,0.0552437376572081,0.2179624198826536,1996-01-30,0.22,bmo,,2025-04-23,1995-12-31,0.0454545454545455,14.731269841269842,654546.0317460317
1995-09-30,ITW,USD,49826,1995-11-09,1995-11-09 00:00:00,1995,Q3,1045100000.0,663000000.0,382100000.0,0.3656109463,0,184200000.0,0.0,184200000.0,33800000.0,218000000.0,881000000.0,0.0,0.0,33800000.0,197900000.0,0.1893598699,164100000.0,0.1570184671,-2800000.0,161300000.0,0.1543392977,61300000.0,100000000.0,0.0956846235,0.0538,0.0538,470220000,470220000,https://www.sec.gov/Archives/edgar/data/49826/000004982695000015/0000049826-95-000015-index.html,https://www.sec.gov/Archives/edgar/data/49826/,2.2225766662413338,0.2126664114669729,0.2792309982561354,-0.1044192080302836,0.2173450725192463,3.8822253413295904,2.871421887627068,3.8822253413295904,0.9127642380162476,6921638400.0,7248638400.0,17.304096,6.62294364175677,52.71621020563595,-140.97023217922606,3.791639769926048,3.791639769926048,6.935832360539662,36.62778372915614,55.20669002284844,-147.6301099796334,0.0144474464311802,-0.0070936961977094,0.2351136674883593,0.1381752623784688,1.6523496715512884,1.882412186831172,0.0,1.313,0.0025427505718877,0.176,0.1762510764520141,0.0,0.1530165475500611,1.373952779893374,0.1726150607597359,5.337278106508876,0.0,4.310037814979229,0.041367826554812,0.0380098065300847,-0.7983497086470163,700900000.0,1350200000.0,214500000.0,1855600000.0,730850000.0,205100000.0,515850000.0,62.83035116256818,27.09502262443439,69.47511312217195,1.4324287280701755,3.3216432865731464,1.2954279015240329,0.054779512462339,0.3836502062864191,1995-10-18,0.2,bmo,,2025-04-23,1995-09-30,0.0499999999999999,14.817301587301587,692349.2063492064
1995-06-30,ITW,USD,49826,1995-08-14,1995-08-14 00:00:00,1995,Q2,1090700000.0,673700000.0,417000000.0,0.3823232786,0,196900000.0,0.0,196900000.0,40500000.0,237400000.0,911100000.0,0.0,0.0,40500000.0,220100000.0,0.2017970111,179600000.0,0.1646648941,-8300000.0,171300000.0,0.1570551022,65100000.0,106200000.0,0.0973686623,0.0575,0.0575,469328000,469328000,https://www.sec.gov/Archives/edgar/data/49826/000004982695000011/0000049826-95-000011-index.html,https://www.sec.gov/Archives/edgar/data/49826/,2.3239610677394062,0.2262809804656871,0.1751440357276787,0.1082398663621177,0.1574591756724508,3.728948624416186,2.7292213547881228,3.728948624416186,0.9149251696042,6453260000.0,6808760000.0,15.19129001883239,5.916622352617585,78.50681265206812,127.03267716535431,3.6873664362036456,3.6873664362036456,6.2425598239662605,30.93484779645616,82.8316301703163,134.03070866141732,0.0164567985793227,0.0078719902808812,0.2453574081481058,0.1409255004922875,1.615174920490686,1.8368688748294253,0.0,0.7732831608654751,0.0026498235000604,0.1610169491525423,0.1805262675346108,0.0,0.1539875287167706,0.3819951338199513,0.0287888511964793,0.7753086419753087,0.0,4.357209932270773,0.0466369462961095,0.0411979207075801,-0.8820590290798759,674600000.0,1280900000.0,183800000.0,1821100000.0,688500000.0,192350000.0,492950000.0,60.40982855047218,28.134184355054177,69.45376280243431,1.4898237945635842,3.1989553656220324,1.2958261204077708,0.0606822467287583,0.0669041693655609,1995-07-20,0.2,bmo,,2025-04-23,1995-06-30,0.15,12.609365079365078,603758.7301587302
1995-03-31,ITW,USD,49826,1995-05-15,1995-05-15 00:00:00,1995,Q1,929100000.0,585400000.0,343700000.0,0.3699278872,0,173900000.0,0.0,173900000.0,38400000.0,212300000.0,797700000.0,0.0,0.0,38400000.0,169800000.0,0.1827575073,131400000.0,0.1414271876,-10400000.0,121000000.0,0.1302335594,46000000.0,75000000.0,0.0807232806,0.0413,0.0413,456616000,456616000,https://www.sec.gov/Archives/edgar/data/49826/000004982695000002/0000049826-95-000002-index.html,https://www.sec.gov/Archives/edgar/data/49826/,2.034751300874257,0.1642518001997301,0.1721358866093172,0.0810308880985335,0.2599558491161063,3.5274716610894057,2.695043537677173,3.5274716610894057,0.7467981849081066,5579847520.0,5802147520.0,18.599491733333338,6.005647960391777,70.99042646310433,150.80668972972973,3.464237610976594,3.464237610976594,6.244911764072759,34.1704800942285,73.8186707379135,156.81479783783783,0.0134412275122528,0.0066310055727114,0.2117091947600422,0.1238558767979078,1.3091872791519434,2.044036423346768,0.0,1.048,0.0030645998727936,0.228,0.187170379937574,0.0,0.138057533052448,0.5292620865139949,0.0447745129695404,1.0833333333333333,0.0,3.610589333608575,0.0378415095440856,0.0316042307530234,-0.6726111218178952,699400000.0,1230600000.0,226800000.0,1723600000.0,628750000.0,174400000.0,452750000.0,62.47013238618017,26.76631363170482,71.64332080628631,1.4406884788339278,3.362435381964388,1.2562231759656652,0.0465636058856397,0.0911049985107836,1995-04-20,0.15,bmo,,2025-04-23,1995-03-31,0.1333333333333334,10.886190476190476,520050.79365079367
1994-12-31,ITW,USD,49826,1995-03-29,1995-03-29 00:00:00,1994,Q4,937900000.0,606300000.0,331600000.0,0.3535558162,0,159600000.0,0.0,159600000.0,29000000.0,188600000.0,794900000.0,0.0,0.0,29000000.0,172000000.0,0.1833884209,143000000.0,0.1524682802,-6500000.0,136500000.0,0.1455379038,51700000.0,84800000.0,0.0904147564,0.19,0.19,455832000,456616000,https://www.sec.gov/Archives/edgar/data/49826/000091205795001849/0000912057-95-001849-index.html,https://www.sec.gov/Archives/edgar/data/49826/,2.057556292669229,0.1860334509205145,0.2086294950771337,0.1230716579792555,0.1687025044314572,3.381728356061005,2.5169360641639904,3.381728356061005,0.7458888362379122,4986802080.0,5249902080.0,14.701657075471696,5.316986970892419,52.43745615141955,88.89130267379679,3.2350321634771326,3.2350321634771326,5.59750728222625,30.522686511627903,55.20401766561514,93.5811422459893,0.0170048858245442,0.0112496945136431,0.2205643853389555,0.1317574113543886,1.5296511627906977,2.009707192870783,0.0,1.1214622641509433,0.0034089983374676,0.2004716981132075,0.1701673952446956,0.0,0.1527610928114706,0.4100946372239747,0.0415822582364857,1.3448275862068966,0.0,3.762323539178976,0.0439988585201799,0.0387869917211727,-0.6206233875638393,634500000.0,1147300000.0,223900000.0,1669900000.0,620250000.0,168300000.0,429850000.0,58.78451860539503,25.932706580900543,65.23998020781791,1.531015344433562,3.470520892959359,1.3795221843003411,0.0550113525786571,0.0855578370978781,1995-02-02,0.17,bmo,,2025-04-23,1994-12-31,0.1176470588235293,10.547936507936509,524793.6507936508
1994-09-30,ITW,USD,49826,1994-11-03,1994-11-03 00:00:00,1994,Q3,870900000.0,545500000.0,325400000.0,0.373636468,0,164600000.0,0.0,164600000.0,34400000.0,199000000.0,744500000.0,0.0,0.0,32900000.0,160800000.0,0.1846365828,126400000.0,0.1451372144,-10300000.0,116100000.0,0.1333103686,44700000.0,71400000.0,0.0819841543,0.04,0.04,455200000,455200000,https://www.sec.gov/Archives/edgar/data/49826/000004982694000009/0000049826-94-000009-index.html,https://www.sec.gov/Archives/edgar/data/49826/,1.9132249560632688,0.156854130052724,0.29701230228471,0.2293497363796133,0.1274165202108963,3.1603690685413004,2.3554481546572936,3.1603690685413004,0.7462653778558875,4866088000.0,5147788000.0,17.03812324929972,5.5874245033873,35.99177514792899,46.61003831417624,3.3825163353260117,3.3825163353260117,5.910882994603284,32.01360696517413,38.0753550295858,49.30831417624521,0.0146729775540434,0.0214546058353239,0.2361323508967051,0.138027711186055,1.751865671641791,2.061707523245985,0.0,1.893557422969188,0.0030414575322106,0.2072829131652661,0.1889998851762544,0.0,0.1488765186298809,0.2278106508875739,0.0353657136295786,0.9361702127659576,0.0,3.339705251973688,0.0401790287512609,0.0340860266386594,-0.6227482425307557,628000000.0,1072200000.0,197000000.0,1587700000.0,626650000.0,158550000.0,425450000.0,64.8880468480882,26.71127406049496,69.32722273143905,1.3870043000477783,3.3693638048177887,1.2981913374583531,0.0496315862644237,0.0676625659050966,1994-10-19,0.14,bmo,,2025-04-23,1994-09-30,0.1428571428571427,10.2503125,643050.0
1994-06-30,ITW,USD,49826,1994-08-12,1994-08-12 00:00:00,1994,Q2,881000000.0,547400000.0,333600000.0,0.3786606129,0,167700000.0,0.0,167700000.0,36500000.0,204200000.0,751600000.0,0.0,0.0,36500000.0,165900000.0,0.1883087401,129400000.0,0.1468785471,-14500000.0,114900000.0,0.1304199773,44200000.0,70700000.0,0.0802497162,0.0388,0.0388,453128000,453128000,https://www.sec.gov/Archives/edgar/data/49826/000004982694000006/0000049826-94-000006-index.html,https://www.sec.gov/Archives/edgar/data/49826/,1.9442629897071029,0.1560265532035098,0.2105365371374093,0.1366059921258452,0.0999717519111597,3.0176903656362,2.216592221182536,3.0176903656362,0.9169594463374588,4417998000.0,4788198000.0,15.622340876944836,5.014753688989784,46.31025157232704,71.37315024232633,3.2309477841158403,3.2309477841158403,5.434958002270148,28.861952983725136,50.19075471698113,77.35376413570275,0.0160027234054881,0.0140108709872661,0.3038613426941641,0.1700220967345936,2.231464737793852,2.0567700389764445,0.0,1.349363507779349,0.0033272989258935,0.2079207920792079,0.1903518728717366,0.0,0.1485391603240854,0.3511530398322851,0.0380249716231555,0.9178082191780822,0.0,3.254826584271004,0.0409599805438995,0.0339773164167627,-0.7651259688211719,623600000.0,1004400000.0,137300000.0,1571100000.0,602450000.0,150750000.0,425350000.0,63.888762769580026,25.51698940445744,70.81293386919985,1.4086984330028782,3.527061855670103,1.2709542605061528,0.0517039637267807,0.073930545011564,1994-07-26,0.15,bmo,,2025-04-23,1994-06-30,0.0666666666666667,10.09,463993.5483870968
1994-03-31,ITW,USD,49826,1994-05-16,1994-05-16 00:00:00,1994,Q1,771400000.0,486600000.0,284800000.0,0.3691988592,0,161600000.0,0.0,161600000.0,33700000.0,195300000.0,681900000.0,0.0,0.0,33700000.0,123200000.0,0.1597096189,89500000.0,0.1160228157,-6700000.0,82800000.0,0.1073373088,31900000.0,50900000.0,0.0659839253,0.0288,0.0288,453020000,453020000,https://www.sec.gov/Archives/edgar/data/49826/000004982694000004/0000049826-94-000004-index.html,https://www.sec.gov/Archives/edgar/data/49826/,1.702794578605801,0.1123570703280208,0.136417818197872,0.0750518740894441,0.0843229879475519,2.874486777625712,2.0756258001854224,2.874486777625712,1.019822524391859,4589092600.0,5012892600.0,22.539747544204324,5.949044075706508,74.25716181229775,134.97331176470587,3.5241073567808328,3.5241073567808328,6.498434793881255,40.68906331168832,81.11476699029126,147.4380176470588,0.0110915173078006,0.0074088720720083,0.3547842113346644,0.1933297066577394,3.439935064935065,2.094425276920284,0.0,1.2141453831041258,0.003203247631133,0.2888015717092338,0.2094892403422349,0.0,0.1514416035485626,0.4498381877022653,0.0360383717915478,0.8249258160237388,0.0,2.69570038082681,0.028570763777724,0.0251010947825229,-0.8932828572689947,602700000.0,940300000.0,65900000.0,1544900000.0,561850000.0,147750000.0,411950000.0,67.61083743842364,27.059186189889022,77.68187422934648,1.3311475409836069,3.3260423786739577,1.1585714285714286,0.0390876977422822,0.0613659441084278,1994-04-21,0.11,bmo,,2025-04-23,1994-03-31,0.0,10.64095238095238,596476.1904761905
1993-12-31,ITW,USD,49826,1994-03-30,1994-03-30 00:00:00,1993,Q4,800300000.0,496000000.0,304300000.0,0.3802324128,0,0.0,0.0,182400000.0,24900000.0,207300000.0,703300000.0,0.0,0.0,24900000.0,121900000.0,0.1523178808,97000000.0,0.1212045483,-1400000.0,95600000.0,0.1194552043,36800000.0,58800000.0,0.0734724478,0.13,0.13,451308000,451308000,https://www.sec.gov/Archives/edgar/data/49826/000091205794001174/0000912057-94-001174-index.html,https://www.sec.gov/Archives/edgar/data/49826/,1.7732900812748722,0.1302879629875827,0.2457301886959681,0.1602010157143236,0.0784386715945651,2.7890044049739866,1.982903028530405,2.7890044049739866,1.0695578186072483,4400253000.0,4847553000.0,18.708558673469387,5.498254404598276,39.67766456266907,60.86103734439834,3.495871136887265,3.495871136887265,6.057169811320755,39.76663658736669,43.711027953110914,67.04775933609959,0.0133628679987264,0.0164308734065973,0.3834909033129419,0.2065556934400274,3.6694011484823625,2.0025636330342427,0.0,1.8860544217687072,0.0033407169996816,0.25,0.0,0.0,0.1556763233343318,0.3480613165013526,0.0482319130326127,1.5502008032128514,0.0,2.8593545268937466,0.0314353168586905,0.0298008210430287,-0.9587687344341336,547500000.0,894900000.0,15400000.0,1495100000.0,551200000.0,141600000.0,415450000.0,61.19955016868674,27.07258064516129,73.28830645161291,1.4705990444689452,3.324396782841823,1.228026739291904,0.0467148645427822,0.0855291729816444,1994-02-11,0.12,bmo,,2025-04-23,1993-12-31,0.0833333333333334,9.4684375,494362.5
1993-09-30,ITW,USD,49826,1993-09-30,1993-09-29 20:00:00,1993,Q3,779500000.0,491500000.0,288000000.0,0.3694676074,0,0.0,0.0,152500000.0,38900000.0,191400000.0,682900000.0,0.0,0.0,38900000.0,135500000.0,0.1738293778,96600000.0,0.1239255933,-12500000.0,84100000.0,0.1078896729,33200000.0,50900000.0,0.0652982681,0.0288,0.0288,451308000,451308000,,,1.7272018222588563,0.1127832876882306,0.2264528880498462,0.7542520850505642,0.0498550878779015,2.7280704086787737,1.9168727343632288,2.7280704086787737,1.1539791007471616,4359635280.0,4857935280.0,21.41274695481336,5.59286116741501,42.65787945205479,12.80738918918919,3.5409643274853804,3.5409643274853804,6.2321171007055804,35.851920885608855,47.53361330724071,14.271255229142186,0.0116752885805621,0.0780799259886712,0.4230019493177387,0.2197282929710572,3.677490774907749,1.9939641398899344,0.0,2.003921568627451,0.0030965893091864,0.2652259332023575,0.0,0.0,0.1544595392793857,2.3307240704500978,0.3055805003207184,6.123393316195373,0.0,2.631124639589459,0.0299991781698984,0.0253979342348186,-1.073213858384961,559900000.0,865100000.0,-15800000.0,1481100000.0,574900000.0,140250000.0,431100000.0,64.44900577293136,24.537131230925738,78.18921668362157,1.3964528842708706,3.667910447761194,1.1510538641686183,0.041341780376868,0.5277991970007179,1993-10-22,0.12,bmo,,2025-04-23,1993-09-30,-0.0833333333333333,9.5109375,447525.0
1993-06-30,ITW,USD,49826,1993-06-30,1993-06-29 20:00:00,1993,Q2,829300000.0,522000000.0,307300000.0,0.3705534788,0,0.0,0.0,165000000.0,35800000.0,200800000.0,722800000.0,0.0,0.0,35800000.0,142300000.0,0.171590498,106500000.0,0.1284215604,-18200000.0,88300000.0,0.1064753406,33500000.0,54800000.0,0.0660798264,0.0313,0.0313,451012000,451012000,,,1.8387537360425,0.121504527595718,0.126382446586787,-0.0022172359050313,0.1159614378331397,2.6759820137823382,1.8662474612648887,2.6759820137823382,1.3540659672026465,4212452080.0,4770852080.0,19.217390875912407,5.0795274086579045,73.90266807017544,-4212.45208,3.4903074654072417,3.4903074654072417,5.752866369227059,33.52671876317639,83.69915929824562,-4770.85208,0.0130090500637813,-0.0002373914245215,0.5060071256939266,0.2484237074401009,3.924104005621925,1.756115531977601,0.0,1.04014598540146,0.003204784231041,0.2463503649635036,0.0,0.0,0.1485579465484277,1.0175438596491229,0.0699385023513806,1.6201117318435754,0.0,2.70476217713931,0.032821099532141,0.0261812622426066,-1.192429469725861,513100000.0,841700000.0,-59700000.0,1448800000.0,564800000.0,148700000.0,438700000.0,64.20354515856747,25.25862068965517,75.03448275862068,1.4017917511832318,3.5631399317406145,1.1994485294117647,0.0454055845554727,0.1285996824918184,1993-07-23,0.12,bmo,,2025-04-23,1993-06-30,0.0,9.184444444444445,387352.38095238095
1993-03-31,ITW,USD,49826,1993-03-31,1993-03-30 19:00:00,1993,Q1,750000000.0,477600000.0,272400000.0,0.3632,0,0.0,0.0,160200000.0,32100000.0,192300000.0,669900000.0,0.0,0.0,32100000.0,112200000.0,0.1496,80100000.0,0.1068,-12300000.0,67800000.0,0.0904,25800000.0,42000000.0,0.056,0.0119,0.0119,450920000,450920000,,,1.6632662113013394,0.093142907832875,0.0975782843963452,-0.4823472012773884,0.1481415772199059,2.5343741683668943,1.7486472101481416,2.5343741683668943,1.3638782932670983,4004169600.000001,4552369600.0,23.834342857142857,5.338892800000001,91.00385454545456,-18.409975172413795,3.503823591179559,3.503823591179559,6.069826133333334,40.57370409982175,103.46294545454543,-20.930434942528738,0.0104890661973958,-0.0543183785222284,0.5381519075953798,0.2569995821145006,4.885918003565062,1.7229759952288657,0.0,1.0476190476190477,0.0033714855634486,0.3214285714285714,0.0,0.0,0.1480568324279147,5.943181818181818,0.3486666666666667,8.146417445482866,0.0,2.3046316496372863,0.0254106975093709,0.0206013636140677,-1.239244211833585,484900000.0,788500000.0,-94600000.0,1396300000.0,515100000.0,144550000.0,421400000.0,64.56,28.435929648241203,83.32914572864321,1.3940520446096654,3.165009940357853,1.0800542740841248,0.0367518375918795,0.5799254856737337,1993-04-22,0.1,bmo,,2025-04-23,1993-03-31,-0.1,8.90258064516129,578593.5483870967
1992-12-31,ITW,USD,49826,1992-12-31,1992-12-30 19:00:00,1992,Q4,714400000.0,442700000.0,271700000.0,0.3803191489,0,0.0,0.0,146400000.0,30500000.0,176900000.0,619600000.0,0.0,0.0,30500000.0,125300000.0,0.1753919373,94800000.0,0.1326987682,-11500000.0,83300000.0,0.1166013438,31700000.0,51600000.0,0.0722284434,0.12,0.12,447344000,447344000,,,1.596981294037698,0.1153474730855896,0.1674326692657105,0.2150470331556922,0.0697449837261704,2.9947870095496976,2.1976376122178904,2.9947870095496976,0.7495350334418255,3650327040.0,3954427040.0,17.685693023255816,5.109640313549832,48.736008544726296,37.94518752598753,2.72473467194148,2.72473467194148,5.535312206047032,31.55967310454908,52.79608865153538,41.10631018711019,0.014135719740881,0.0263538030828054,0.2502799134134508,0.1521186825151982,2.426975259377494,1.9598205578310903,0.0,1.4515503875968991,0.0036709039637171,0.2596899224806202,0.0,0.0,0.1617820524453316,0.2843791722296395,0.0298152295632698,0.6983606557377049,0.0,2.787906932552612,0.033087474340649,0.0279281229703399,-0.589814549876605,492100000.0,983100000.0,140300000.0,1372800000.0,517700000.0,141350000.0,420800000.0,62.00727883538634,28.095775920487917,81.44115653941721,1.4514425030475415,3.203328509406657,1.1050923614578132,0.0385160856908263,0.0476143638899817,1992-12-30,,bmo,,2025-04-23,1992-12-31,,8.040000000000001,510975.0
1992-09-30,ITW,USD,49826,1992-09-30,1992-09-29 20:00:00,1992,Q3,710600000.0,438600000.0,272000000.0,0.3827751196,0,0.0,0.0,148600000.0,32700000.0,181300000.0,619900000.0,0.0,0.0,32700000.0,123400000.0,0.1736560653,90700000.0,0.1276386153,-11600000.0,79100000.0,0.1113143822,30000000.0,49100000.0,0.0690965381,0.0138,0.0138,447344000,447344000,,,1.5884867126864337,0.1097589327229157,0.2441074430415966,0.1716799599413427,0.1359133016202296,3.074814907543188,2.2752065524518046,3.074814907543188,0.8774008369398048,3739795839.999999,4071495839.999999,19.04173034623218,5.262870588235294,34.24721465201465,48.69525833333333,2.71886284260269,2.71886284260269,5.729659217562623,32.99429367909238,37.28476043956043,53.01426874999999,0.0131290589381478,0.0205358803757586,0.2853507815339876,0.1668154192698372,2.688006482982172,1.7983179942875278,0.0,2.2240325865580446,0.0032889495914301,0.2505091649694501,0.0,0.0,0.1520251604403077,0.2967032967032967,0.0455952716014635,0.9908256880733946,0.0,2.7556286139246247,0.0303114599380861,0.0246090617481956,-0.6453646410815838,503100000.0,1017800000.0,155900000.0,1411200000.0,535950000.0,145350000.0,436500000.0,68.79819870531945,29.65116279069768,90.49247606019152,1.3081737849779087,3.0352941176470587,0.9945578231292516,0.0356961105052708,0.0724274831002539,1993-02-16,0.11,bmo,,2025-04-23,1992-09-30,0.0909090909090908,7.77859375,476925.0
1992-06-30,ITW,USD,49826,1992-06-30,1992-06-29 20:00:00,1992,Q2,717100000.0,442300000.0,274800000.0,0.383210152,0,0.0,0.0,146600000.0,30600000.0,177200000.0,619500000.0,0.0,0.0,30600000.0,128200000.0,0.178775624,97600000.0,0.1361037512,-15100000.0,82500000.0,0.1150467159,31300000.0,51200000.0,0.0713986892,0.0144,0.0144,447024000,447024000,,,1.6041644296503097,0.1145352374816564,0.2147535702781058,0.1530119188231504,0.1344446830595225,2.8776978417266186,2.0734904613622533,2.8776978417266186,1.0035255377787322,3401852640.0,3790352640.0,16.61060859375,4.743902719286013,35.435965,49.73468771929824,2.6444750000000004,2.6444750000000004,5.285668163436062,29.56593322932917,39.48284,55.41451228070176,0.0150506225337262,0.0201066910411498,0.3487251243781094,0.1945950635492127,3.030421216848674,1.7820224719101123,0.0,1.875,0.0036156768977506,0.240234375,0.0,0.0,0.1559449963128443,0.2875,0.0384883558778413,0.9019607843137256,0.0,2.723224307380626,0.0332333762290966,0.0263130845924555,-0.7746228390421991,487200000.0,926900000.0,91300000.0,1373700000.0,514900000.0,147950000.0,434350000.0,66.35476223678705,29.74903911372372,87.90413746326024,1.356345753735578,3.02530779753762,1.0238425925925927,0.0398009950248756,0.0617416514549554,1992-06-29,,bmo,,2025-04-23,1992-06-30,,7.83952380952381,508838.09523809527
1992-03-31,ITW,USD,49826,1992-03-31,1992-03-30 19:00:00,1992,Q1,669500000.0,413500000.0,256000000.0,0.3823749066,0,0.0,0.0,145200000.0,31500000.0,176700000.0,590200000.0,0.0,0.0,31500000.0,110800000.0,0.1654966393,79300000.0,0.1184466019,-14400000.0,64900000.0,0.0969380134,24700000.0,40200000.0,0.0600448096,0.0113,0.0113,446832000,446832000,,,1.4983259927668564,0.0899666988935438,0.0698249006337952,0.0165610341246822,0.1192842052494002,2.797471980520643,2.005899308912522,2.797471980520643,1.0493876893329035,3623807519.999999,4039407519.999999,22.53611641791045,5.412707274085138,116.14767692307692,489.70371891891887,2.899046016,2.899046016,6.0334690365944725,36.45674657039711,129.46818974358973,545.865881081081,0.0110933044258377,0.0020420510634626,0.37512,0.2082704095229635,3.750902527075812,1.7664966266249795,0.0,0.7761194029850746,0.0033942200108906,0.3059701492537313,0.0,0.0,0.1571022474904503,0.7628205128205128,0.0355489171023151,0.7555555555555555,0.0,2.379660623918692,0.0272251239147689,0.0211835379670126,-0.7920762165646149,465800000.0,896300000.0,72100000.0,1337500000.0,492050000.0,152350000.0,431950000.0,67.36221060492905,32.582829504232166,95.04957678355504,1.336060666533626,2.762191048764195,0.9468742844057706,0.03216,0.053263866509113,1992-03-30,,bmo,,2025-04-23,1992-03-31,,8.180317460317461,408558.7301587302
1991-12-31,ITW,USD,49826,1991-12-31,1991-12-30 19:00:00,1991,Q4,704200000.0,435000000.0,269200000.0,0.382277762,0,0.0,0.0,150000000.0,34800000.0,184800000.0,619800000.0,0.0,0.0,34800000.0,119200000.0,0.1692700937,84400000.0,0.1198523147,-12400000.0,72000000.0,0.1022436808,24900000.0,47100000.0,0.0668844078,0.11,0.11,443064000,443064000,,,1.589386634887962,0.1063051839011971,0.1893631619811133,0.129552389722478,0.2101276565010923,2.7357221530072406,1.9448657530289075,2.7357221530072406,1.104129425997147,3531220080.0,3927320080.0,18.74320636942675,5.014513036069299,42.08843957091776,61.519513588850174,2.913307548882105,2.913307548882105,5.576995285430275,32.94731610738255,46.80953611442193,68.42021045296167,0.0133381661105642,0.0162550049839997,0.4035970629486016,0.2167382924992246,3.322986577181208,1.6842105263157894,0.0,1.7813163481953291,0.0034548965297002,0.2590233545647558,0.0,0.0,0.1552434539896327,0.3158522050059594,0.0376313547287702,0.7614942528735632,0.0,2.558023171905467,0.0307894639006617,0.0247023653432632,-0.8487487135041438,442000000.0,861700000.0,43000000.0,1318100000.0,476050000.0,145050000.0,419650000.0,61.72962226640159,32.06896551724138,88.38620689655173,1.4579710144927536,2.806451612903226,1.0182584269662922,0.0388581800181503,0.0598107722586353,1991-12-30,,bmo,,2025-04-23,1991-12-31,,7.88734375,593600.0
1991-09-30,ITW,USD,49826,1991-09-30,1991-09-29 20:00:00,1991,Q3,654200000.0,413600000.0,240600000.0,0.3677774381,0,0.0,0.0,133300000.0,27100000.0,160400000.0,574000000.0,0.0,0.0,27100000.0,107300000.0,0.1640171201,80200000.0,0.1225924794,-8300000.0,71900000.0,0.1099052278,26900000.0,45000000.0,0.0687863039,0.0131,0.0131,443064000,443064000,,,1.4765361211924235,0.1015654623259845,0.1627304407489662,0.1110449054764097,0.1758211003376487,2.664174927324269,1.8769297437841936,2.664174927324269,1.0404817362728636,3779335919.999999,4162435919.999999,20.996310666666663,5.777034423723631,52.41797392510402,76.8157707317073,3.201741714672992,3.201741714672992,6.362635157444206,38.79250624417521,57.73142746185852,84.60235609756097,0.011906853731065,0.0130181600792977,0.3905455777702474,0.2142890345372565,3.570363466915191,1.4834757834757837,0.0,1.6022222222222222,0.0032016206699085,0.2688888888888889,0.0,0.0,0.1621345233114861,0.3176144244105409,0.0350045857535921,0.8450184501845018,0.0,2.467434611037783,0.0289490252504644,0.0249653259361997,-0.7563805680443457,339400000.0,831600000.0,70500000.0,1182400000.0,477100000.0,137250000.0,423950000.0,64.53531030265974,29.39796905222437,89.67359767891682,1.3945853762523983,3.061435973353072,1.0036398932297983,0.0381226702812605,0.0516855352725565,1991-09-29,,bmo,,2025-04-23,1991-09-30,,7.77546875,502162.5
1991-06-30,ITW,USD,49826,1991-06-30,1991-06-29 20:00:00,1991,Q2,673100000.0,418000000.0,255100000.0,0.3789927202,0,0.0,0.0,141400000.0,27400000.0,168800000.0,586800000.0,0.0,0.0,27400000.0,113700000.0,0.1689199227,86300000.0,0.128212747,-10000000.0,76300000.0,0.1133561135,29000000.0,47300000.0,0.0702718764,0.0138,0.0138,441848000,441848000,,,1.523374554145317,0.1070503883688508,0.1830946388803389,0.1142926979413735,0.1579728775506509,2.595236370878673,1.8250620122757144,2.595236370878673,1.104904854157991,3574550320.0,3992950320.0,18.892972093023257,5.31057839845491,44.1848,70.78317465346535,3.1172497776227432,3.1172497776227432,5.932179943544793,35.118296569920844,49.35661705809642,79.06832316831684,0.0132324336673486,0.0141276511670424,0.4257434376907648,0.2251014385835485,3.6798592788038698,2.161022105049686,0.0,1.7103594080338267,0.0027695791396776,0.2093023255813953,0.0,0.0,0.1569070453707119,0.3757725587144623,0.0451641658000297,1.1094890510948905,0.0,2.500194768764906,0.0309458662832058,0.0258681979764834,-0.8386933968242473,572500000.0,806400000.0,43500000.0,1407900000.0,477500000.0,136350000.0,453850000.0,64.86257614024662,30.01435406698565,93.83253588516747,1.3875489589775305,2.9985652797704447,0.9591555759522716,0.0412488009069503,0.0688019409389654,1991-06-29,,bmo,,2025-04-23,1991-06-30,,7.3,634237.5
1991-03-31,ITW,USD,49826,1991-03-31,1991-03-30 19:00:00,1991,Q1,608200000.0,381900000.0,226300000.0,0.3720815521,0,0.0,0.0,128200000.0,26100000.0,154300000.0,536200000.0,0.0,0.0,26100000.0,98100000.0,0.1612956264,72000000.0,0.1183821111,-4400000.0,67600000.0,0.1111476488,26400000.0,41200000.0,0.0677408747,0.0119,0.0119,439400000,439400000,,,1.384160218479745,0.0937642239417387,0.0937642239417387,0.0341374601729631,0.1172052799271734,2.562812926718252,1.8809740555302683,2.562812926718252,1.0052344105598543,3014284000.0,3404484000.0,18.290558252427186,4.9560736599802695,73.16223300970874,200.95226666666667,2.6767462925139864,2.6767462925139864,5.597638934561,34.704220183486235,82.63310679611651,226.9656,0.0136682542189123,0.0049763061476622,0.3922386999378385,0.2081134564643799,3.9775739041794087,2.0976273823415013,0.0,1.0,0.003284362057457,0.2402912621359223,0.0,0.0,0.1411609498680738,0.6359223300970874,0.0430779348898388,1.003831417624521,0.0,2.3252427220799645,0.0263537666234662,0.0226025894228659,-0.811162949476559,564400000.0,826500000.0,82300000.0,1350500000.0,472000000.0,145400000.0,469950000.0,69.53469253535022,31.413982717989004,111.20974076983504,1.294317939987231,2.8649662415603903,0.8092816274634457,0.0365864488056122,0.0596267637687756,1991-03-30,,bmo,,2025-04-23,1991-03-31,,6.6298360655737705,649704.9180327869
1990-12-31,ITW,USD,49826,1990-12-31,1990-12-30 19:00:00,1990,Q4,676600000.0,422300000.0,254300000.0,0.3758498374,0,0.0,0.0,136800000.0,28200000.0,165000000.0,587300000.0,0.0,0.0,28200000.0,117500000.0,0.1736624298,89300000.0,0.1319834466,-15900000.0,73400000.0,0.1084835944,27700000.0,45700000.0,0.0675436004,0.1,0.1,438292000,438292000,,,1.54371971197284,0.1042683872851888,0.1629050952333147,0.1193268414664196,0.1067781296487273,2.491033375010267,1.8181942631852737,2.491033375010267,1.131437489162476,2642900760.0,3092000760.0,14.45788161925602,3.9061495122672185,37.01541680672269,50.53347533460803,2.4206821395860048,2.4206821395860048,4.569909488619569,26.314900085106384,43.30533277310924,59.12047342256214,0.0172916065149566,0.0197888625980795,0.4542040666788789,0.2306189833976654,3.822127659574468,2.164080242240727,0.0,1.562363238512035,0.0037458841246842,0.2166301969365426,0.0,0.0,0.1371436543738083,0.2675070028011204,0.0282293822051433,0.6773049645390071,0.0,2.417449220859207,0.032953764391094,0.0246308073730731,-0.9631136320078852,615100000.0,796900000.0,85000000.0,1393500000.0,488700000.0,157850000.0,476050000.0,63.06384865503991,33.56618517641487,99.73952166706134,1.427125079097237,2.681269841269841,0.9023504273504274,0.0418574830555046,0.0435782537668951,1990-12-30,,bmo,,2025-04-23,1990-12-31,,5.6090625,628900.0
1990-09-30,ITW,USD,49826,1990-09-30,1990-09-29 20:00:00,1990,Q3,647300000.0,405500000.0,241800000.0,0.3735516762,0,0.0,0.0,127400000.0,26000000.0,153400000.0,558900000.0,0.0,0.0,26100000.0,114500000.0,0.1768886142,88400000.0,0.1365672795,-12000000.0,76400000.0,0.1180287347,30200000.0,46200000.0,0.0713733972,0.0131,0.0131,438292000,438292000,,,1.4768693017440429,0.1054091792686154,0.1770509158278043,0.106549971252042,0.1430553147216924,2.4102653025836656,1.6847216011243646,2.4102653025836656,1.1743312677393154,2467583960.0,2919583960.0,13.352727056277056,3.8121179669395953,31.798762371134018,52.839056959314775,2.335842446043165,2.335842446043165,4.510403151552604,25.49854986899563,37.62350463917526,62.51785781584582,0.0187227671880311,0.0189253945385509,0.4872207497160166,0.2401549085479656,3.947598253275109,2.167091087169441,0.0,1.6796536796536796,0.0040120215402923,0.2142857142857142,0.0,0.0,0.1483762597984322,0.3981958762886597,0.0477367526649158,1.1839080459770115,0.0,2.390908188473936,0.0318212658507159,0.0253122945430637,-0.9230718333896124,595800000.0,738400000.0,19500000.0,1429900000.0,496600000.0,152300000.0,472400000.0,69.97837169782173,35.112207151664606,107.44512946979036,1.2861116630240412,2.563211125158028,0.8376368518901054,0.0437334343051874,0.0705009445757622,1990-09-29,,bmo,,2025-04-23,1990-09-30,,6.015555555555556,752761.9047619047
1990-06-30,ITW,USD,49826,1990-06-30,1990-06-29 20:00:00,1990,Q2,652600000.0,409000000.0,243600000.0,0.3732761263,0,0.0,0.0,129500000.0,23900000.0,153400000.0,562400000.0,0.0,0.0,24300000.0,114500000.0,0.175452038,90200000.0,0.1382163653,-7800000.0,82400000.0,0.1262641741,32500000.0,49900000.0,0.0764633773,0.0144,0.0144,432864000,432864000,,,1.5076328823833811,0.1152787018555481,0.0711539883196569,0.0203297109484734,0.1118134102166038,2.238347379315443,1.5067088046129962,2.238347379315443,1.206614548680417,2913174720.0,3387074720.0,14.595063727454912,4.463951455715599,94.5835948051948,331.0425818181818,3.0066825472184955,3.0066825472184955,5.190123689855961,29.58143860262009,109.96995844155845,384.89485454545456,0.0171290790275703,0.0030207594277077,0.539064918980287,0.2549297149550956,4.1388646288209605,2.1178829190056137,0.0,0.6172344689378757,0.0027461449342798,0.1603206412825651,0.0,0.0,0.154578289730574,0.7142857142857143,0.033711308611707,0.9053497942386832,0.0,2.409514485172932,0.0342402956743687,0.0288089602216962,-1.001989077400754,557600000.0,652200000.0,-23500000.0,1349500000.0,451650000.0,138000000.0,433250000.0,67.56205945448973,32.21515892420538,101.37652811735944,1.3321085935905286,2.793715846994536,0.8877794660299544,0.051501702962122,0.0508242773711835,1990-06-29,,bmo,,2025-04-23,1990-06-30,,6.57015873015873,531225.3968253968
1990-03-31,ITW,USD,49826,1990-03-31,1990-03-30 19:00:00,1990,Q1,567700000.0,350700000.0,217000000.0,0.382244143,0,0.0,0.0,116600000.0,23500000.0,140100000.0,490800000.0,0.0,0.0,23500000.0,100400000.0,0.1768539722,76900000.0,0.1354588691,-9200000.0,67700000.0,0.1192531267,27100000.0,40600000.0,0.0715166461,0.0119,0.0119,422352000,422352000,,,1.3441394855476,0.096128347918324,0.1602928363071561,0.0911561919915141,0.0918664999810584,2.163834905481683,1.437189832177899,2.163834905481683,0.9189017691404326,2665041120.0,3014341120.0,16.41035172413793,4.6944532675709,39.36545228951255,69.22184727272727,2.916118962687384,2.916118962687384,5.309743033292232,30.023317928286858,44.52497961595273,78.29457454545455,0.0152342865163746,0.0144463061793207,0.4246635299266878,0.2153957153957154,3.479083665338645,2.100949293818013,0.0,1.667487684729064,0.0030393527286363,0.1995073891625615,0.0,0.0,0.1703296703296703,0.431314623338257,0.0514356174035582,1.2425531914893615,0.0,2.1633613149954942,0.0328540871461359,0.0271590072914576,-0.7959001022843505,475500000.0,607000000.0,19500000.0,1214600000.0,396800000.0,126200000.0,385500000.0,65.53813633961599,33.25919589392643,104.14029084687768,1.3732462506047411,2.7060185185185186,0.8642188270083785,0.0444249917934128,0.0691366443156419,1990-03-30,,bmo,,2025-04-23,1990-03-31,,5.726349206349206,590552.380952381
1989-12-31,ITW,USD,49826,1989-12-31,1989-12-30 19:00:00,1989,Q4,559200000.0,355100000.0,204100000.0,0.3649856938,0,0.0,0.0,109500000.0,20200000.0,129700000.0,484800000.0,0.0,0.0,20200000.0,94600000.0,0.1691702432,74400000.0,0.1330472103,-8800000.0,65600000.0,0.1173104435,24100000.0,41500000.0,0.0742131617,0.0967,0.0967,428972000,428972000,,,1.303581585744524,0.0967429109592234,0.1706405080051845,0.1403354997528976,0.0720326734612049,2.030668668351314,1.3569650233581678,2.030668668351314,0.8636927351901755,2522355360.0,2861955360.0,15.194911807228914,4.510649785407725,34.458406557377046,41.89959069767442,2.895597933647113,2.895597933647113,5.117945922746781,30.253227906976743,39.09775081967213,47.54078671096345,0.0164528760134733,0.0238665815906288,0.4253243026059006,0.2194905213270142,3.5898520084566594,2.147472642001042,0.0,1.763855421686747,0.0031716387495852,0.1927710843373494,0.0,0.0,0.1712085308056872,0.1775956284153005,0.023247496423462,0.6435643564356436,0.0,2.1024243051356004,0.0351168194961812,0.0296640457469621,-0.7418899135607918,440400000.0,582100000.0,7300000.0,1143000000.0,374650000.0,118100000.0,358950000.0,61.190987124463526,31.123627147282452,92.55984229794424,1.4708048395581272,2.8916938110749184,0.9723439211391018,0.0476409137871656,0.0303050082522868,1989-12-30,,bmo,,2025-04-23,1989-12-31,,,
1989-09-30,ITW,USD,49826,1989-09-30,1989-09-29 20:00:00,1989,Q3,546900000.0,344100000.0,202800000.0,0.3708173341,0,0.0,0.0,104700000.0,21900000.0,126600000.0,470700000.0,0.0,0.0,21900000.0,98100000.0,0.1793746572,76200000.0,0.1393307735,-8800000.0,67400000.0,0.1232400805,26500000.0,40900000.0,0.0747851527,0.0119,0.0119,428972000,428972000,,,1.274908385628899,0.0953442182706563,,,0.0641067482259914,1.9411523362830208,1.275374616525088,1.9411523362830208,0.8667232360154042,2312159080.0,2656459080.0,14.13300171149144,4.227754763210824,0.0,0.0,2.7767011889035667,2.7767011889035667,4.857303126714207,27.07909357798165,0.0,0.0,0.017689094298823,,0.4464993394980185,0.228084166615545,3.509683995922528,2.244778613199666,0.0,0.0,0.0034786641929499,0.1966558679706601,0.0,0.0,0.1752039752162444,0.0,,0.0,,2.040648713292213,0.0355010052569527,0.0304202305689847,-0.7383349029773505,447000000.0,547100000.0,8700000.0,1124600000.0,,,,60.74053757542512,29.65998256320837,92.24934612031386,1.4817122730967218,3.0343915343915344,0.975616671392118,0.0491173291701693,,1989-09-29,,bmo,,2025-04-23,1989-09-30,,,
1989-06-30,ITW,USD,49826,1989-06-30,1989-06-29 20:00:00,1989,Q2,572800000.0,0.0,572800000.0,1.0,0,0.0,0.0,0.0,0.0,0.0,0.0,0.0,0.0,0.0,572800000.0,1.0,572800000.0,1.0,-572800000.0,0.0,0.0,0.0,0.0,0.0,0.0131,0.0131,422352000,422352000,,,1.3562147213698523,0.0,,,,,,,,1947042720.0,,0.0,3.399166759776537,0.0,0.0,0.0,0.0,,,0.0,0.0,0.0,,0.0,0.0,,0.0,0.0,0.0,0.0032537960954446,0.0,0.0,0.0,0.0,0.0,,0.0,,,0.0,0.0,,,,,,,,,,0.0,0.0,0.0,0.0,0.0,0.0,,1989-06-29,,bmo,,2025-04-23,1989-06-30,,,
1989-03-31,ITW,USD,49826,1989-03-31,1989-03-30 19:00:00,1989,Q1,493800000.0,0.0,493800000.0,1.0,0,0.0,0.0,0.0,0.0,0.0,0.0,0.0,0.0,0.0,493800000.0,1.0,493800000.0,1.0,-493800000.0,0.0,0.0,0.0,0.0,0.0,0.0113,0.0113,414240000,414240000,,,1.1920625724217844,0.0,,,,,,,,1752235200.0000002,,0.0,3.548471445929527,0.0,0.0,0.0,0.0,,,0.0,0.0,0.0,,0.0,0.0,,0.0,0.0,0.0,0.0035460992907801,0.0,0.0,0.0,0.0,0.0,,0.0,,,0.0,0.0,,,,,,,,,,0.0,0.0,0.0,0.0,0.0,0.0,,1989-03-30,,bmo,,2025-04-23,1989-03-31,,,
1988-12-31,ITW,USD,49826,1988-12-31,1988-12-30 19:00:00,1988,Q4,500400000.0,0.0,500400000.0,1.0,0,0.0,0.0,0.0,-1657100000.0,-1657100000.0,-1657100000.0,0.0,0.0,0.0,-1156700000.0,-2.3115507594,-1156700000.0,-2.3115507594,1156700000.0,0.0,0.0,0.0,0.0,0.0,0.08,0.075,414240000,414240000,,,1.2079953650057935,0.0,,,0.0644553881807647,1.7977500965623794,1.3540459636925457,1.7977500965623794,0.6218617226728467,1797801600.0,2028701600.0,0.0,3.59272901678657,0.0,0.0,2.4141286424063377,2.4141286424063377,4.054159872102318,-1.7538701478343564,0.0,0.0,0.0,,0.3459111051430106,0.1866396174467468,-0.1996196075041065,2.220286247666459,0.0,0.0,0.0034562211981566,0.0,0.0,0.0,0.1331691059266773,0.0,,0.0,,0.0,,0.0,-0.5157034569331789,392200000.0,560900000.0,78100000.0,918800000.0,,,,56.92446043165467,0.0,0.0,1.581042654028436,0.0,0.0,0.0,,1988-12-30,,bmo,,2025-04-23,1988-12-31,,,
1988-09-30,ITW,USD,49826,1988-09-30,1988-09-29 20:00:00,1988,Q3,480700000.0,0.0,480700000.0,1.0,0,0.0,0.0,0.0,0.0,0.0,0.0,0.0,0.0,0.0,480700000.0,1.0,480700000.0,1.0,-480700000.0,0.0,0.0,0.0,0.0,0.0,0.0106,0.0106,414240000,414240000,,,1.1604383932020086,0.0,,,,,,,,1818513600.0,,0.0,3.7830530476388593,0.0,0.0,0.0,0.0,,,0.0,0.0,0.0,,0.0,0.0,,0.0,0.0,0.0,0.0034168564920273,0.0,0.0,0.0,0.0,0.0,,0.0,,,0.0,0.0,,,,,,,,,,0.0,0.0,0.0,0.0,0.0,0.0,,1988-09-29,,bmo,,2025-04-23,1988-09-30,,,
1988-06-30,ITW,USD,49826,1988-06-30,1988-06-29 20:00:00,1988,Q2,500900000.0,0.0,500900000.0,1.0,0,0.0,0.0,0.0,0.0,0.0,0.0,0.0,0.0,0.0,500900000.0,1.0,500900000.0,1.0,-500900000.0,0.0,0.0,0.0,0.0,0.0,0.0119,0.0119,414240000,414240000,,,1.2092023947470063,0.0,,,,,,,,2245180800.0,,0.0,4.4822934717508485,0.0,0.0,0.0,0.0,,,0.0,0.0,0.0,,0.0,0.0,,0.0,0.0,0.0,0.0023062730627306,0.0,0.0,0.0,0.0,0.0,,0.0,,,0.0,0.0,,,,,,,,,,0.0,0.0,0.0,0.0,0.0,0.0,,1988-06-29,,bmo,,2025-04-23,1988-06-30,,,
1988-03-31,ITW,USD,49826,1988-03-31,1988-03-30 19:00:00,1988,Q1,447800000.0,0.0,447800000.0,1.0,0,0.0,0.0,0.0,0.0,0.0,0.0,0.0,0.0,0.0,447800000.0,1.0,447800000.0,1.0,-447800000.0,0.0,0.0,0.0,0.0,0.0,0.0094,0.0094,410032000,410032000,,,1.0921098841066064,0.0,,,,,,,,1787739520.0000002,,0.0,3.992272264403752,0.0,0.0,0.0,0.0,,,0.0,0.0,0.0,,0.0,0.0,,0.0,0.0,0.0,0.0028669724770642,0.0,0.0,0.0,0.0,0.0,,0.0,,,0.0,0.0,,,,,,,,,,0.0,0.0,0.0,0.0,0.0,0.0,,1988-03-30,,bmo,,2025-04-23,1988-03-31,,,
1987-12-31,ITW,USD,49826,1987-12-31,1987-12-30 19:00:00,1987,Q4,452100000.0,0.0,452100000.0,1.0,0,0.0,0.0,0.0,-1458700000.0,-1458700000.0,-1458700000.0,0.0,0.0,0.0,-1006600000.0,-2.2264985623,-1006600000.0,-2.2264985623,1006600000.0,0.0,0.0,0.0,0.0,0.0,0.065,0.065,410032000,410032000,,,1.102596870488157,0.0,,,0.0782865727552971,1.4840305146915362,1.0226031139033052,1.4840305146915362,0.8711515198813751,1693432160.0,2018532160.0,0.0,3.7457026321610254,0.0,0.0,2.7829616433853737,2.7829616433853737,4.464791329351914,-2.0052971984899663,0.0,0.0,0.0,,0.5870172555464256,0.2779982878044984,-0.3229684085038744,1.972498537156232,0.0,0.0,0.0030266343825665,0.0,0.0,0.0,0.1472488131372091,0.0,,0.0,,0.0,,0.0,-0.4883155461037187,332400000.0,419300000.0,-2200000.0,840300000.0,,,,115.2023888520239,0.0,0.0,0.7812337998963194,0.0,0.0,0.0,,1987-12-30,,bmo,,2025-04-23,1987-12-31,,,
1987-09-30,ITW,USD,49826,1987-09-30,1987-09-29 20:00:00,1987,Q3,419800000.0,0.0,419800000.0,1.0,0,0.0,0.0,0.0,0.0,0.0,0.0,0.0,0.0,0.0,419800000.0,1.0,419800000.0,1.0,-419800000.0,0.0,0.0,0.0,0.0,0.0,0.0081,0.0081,410032000,410032000,,,1.0238225309244156,0.0,,,,,,,,2410988160.0,,0.0,5.743182848975703,0.0,0.0,0.0,0.0,,,0.0,0.0,0.0,,0.0,0.0,,0.0,0.0,0.0,0.002125850340136,0.0,0.0,0.0,0.0,0.0,,0.0,,,0.0,0.0,,,,,,,,,,0.0,0.0,0.0,0.0,0.0,0.0,,1987-09-29,,bmo,,2025-04-23,1987-09-30,,,
1987-06-30,ITW,USD,49826,1987-06-30,1987-06-29 20:00:00,1987,Q2,425100000.0,0.0,425100000.0,1.0,0,0.0,0.0,0.0,0.0,0.0,0.0,0.0,0.0,0.0,425100000.0,1.0,425100000.0,1.0,-425100000.0,0.0,0.0,0.0,0.0,0.0,0.0088,0.0088,410032000,410032000,,,1.0367483513481874,0.0,,,,,,,,2013257120.0,,0.0,4.735961232651141,0.0,0.0,0.0,0.0,,,0.0,0.0,0.0,,0.0,0.0,,0.0,0.0,0.0,0.0012729124236252,0.0,0.0,0.0,0.0,0.0,,0.0,,,0.0,0.0,,,,,,,,,,0.0,0.0,0.0,0.0,0.0,0.0,,1987-06-29,,bmo,,2025-04-23,1987-06-30,,,
1987-03-31,ITW,USD,49826,1987-03-31,1987-03-30 19:00:00,1987,Q1,401400000.0,0.0,401400000.0,1.0,0,0.0,0.0,0.0,0.0,0.0,0.0,0.0,0.0,0.0,401400000.0,1.0,401400000.0,1.0,-401400000.0,0.0,0.0,0.0,0.0,0.0,0.0038,0.0038,410032000,410032000,,,0.9789479845475476,0.0,,,,,,,,1779538880.0,,0.0,4.433330543099153,0.0,0.0,0.0,0.0,,,0.0,0.0,0.0,,0.0,0.0,,0.0,0.0,0.0,0.0025921658986175,0.0,0.0,0.0,0.0,0.0,,0.0,,,0.0,0.0,,,,,,,,,,0.0,0.0,0.0,0.0,0.0,0.0,,1987-03-30,,bmo,,2025-04-23,1987-03-31,,,
1986-12-31,ITW,USD,49826,1986-12-31,1986-12-30 19:00:00,1986,Q4,389500000.0,0.0,389500000.0,1.0,0,0.0,0.0,0.0,-847100000.0,-847100000.0,-847100000.0,0.0,0.0,0.0,-457600000.0,-1.1748395379,-457600000.0,-1.1748395379,457600000.0,0.0,0.0,0.0,0.0,0.0,0.065,0.065,403184000,403184000,,,0.9660601611175048,0.0,,,0.0672149688479701,1.1820905591491726,0.6900075399817454,1.1820905591491726,1.2500496051430612,1306316160.0,1783216160.0,0.0,3.3538283953786907,0.0,0.0,2.740906756189677,2.740906756189677,4.57821863928113,-3.896888461538462,0.0,0.0,0.0,,1.057490558120017,0.3949224259520451,-1.042176573426573,1.965154503616042,0.0,0.0,0.0558024691358024,0.0,0.0,0.0,0.1554615264065193,0.0,,0.0,,0.0,,0.0,-1.1244245803404898,293600000.0,278200000.0,-201800000.0,809800000.0,,,,55.36328626444159,0.0,0.0,1.6256260434056762,0.0,0.0,0.0,,1986-12-30,,bmo,,2025-04-23,1986-12-31,,,
1986-09-30,ITW,USD,49826,1986-09-30,1986-09-29 20:00:00,1986,Q3,192000000.0,0.0,192000000.0,1.0,0,0.0,0.0,0.0,0.0,0.0,0.0,0.0,0.0,0.0,192000000.0,1.0,192000000.0,1.0,-192000000.0,0.0,0.0,0.0,0.0,0.0,0.0028,0.0028,403184000,403184000,,,0.4762093733878328,0.0,,,,,,,,1060373920.0,,0.0,5.522780833333333,0.0,0.0,0.0,0.0,,,0.0,0.0,0.0,,0.0,0.0,,0.0,0.0,0.0,0.0687452471482889,0.0,0.0,0.0,0.0,0.0,,0.0,,,0.0,0.0,,,,,,,,,,0.0,0.0,0.0,0.0,0.0,0.0,,1986-09-29,,bmo,,2025-04-23,1986-09-30,,,
1986-06-30,ITW,USD,49826,1986-06-30,1986-06-29 20:00:00,1986,Q2,203000000.0,0.0,203000000.0,1.0,0,0.0,0.0,0.0,0.0,0.0,0.0,0.0,0.0,0.0,203000000.0,1.0,203000000.0,1.0,-203000000.0,0.0,0.0,0.0,0.0,0.0,0.0031,0.0031,403184000,403184000,,,0.5034922020715108,0.0,,,,,,,,1056342080.0,,0.0,5.203655566502463,0.0,0.0,0.0,0.0,,,0.0,0.0,0.0,,0.0,0.0,,0.0,0.0,0.0,0.0690076335877862,0.0,0.0,0.0,0.0,0.0,,0.0,,,0.0,0.0,,,,,,,,,,0.0,0.0,0.0,0.0,0.0,0.0,,1986-06-29,,bmo,,2025-04-23,1986-06-30,,,
1986-03-31,ITW,USD,49826,1986-03-31,1986-03-30 19:00:00,1986,Q1,174700000.0,0.0,174700000.0,1.0,0,0.0,0.0,0.0,0.0,0.0,0.0,0.0,0.0,0.0,174700000.0,1.0,174700000.0,1.0,-174700000.0,0.0,0.0,0.0,0.0,0.0,0.0025,0.0025,402896000,402896000,,,0.4336106588300703,0.0,,,,,,,,1003211040.0,,0.0,5.742478763594734,0.0,0.0,0.0,0.0,,,0.0,0.0,0.0,,0.0,0.0,,0.0,0.0,0.0,0.0726104417670682,0.0,0.0,0.0,0.0,0.0,,0.0,,,0.0,0.0,,,,,,,,,,0.0,0.0,0.0,0.0,0.0,0.0,,1986-03-30,,bmo,,2025-04-23,1986-03-31,,,
1985-12-31,ITW,USD,49826,1985-12-31,1985-12-30 19:00:00,1985,Q4,148600000.0,0.0,148600000.0,1.0,0,0.0,0.0,0.0,-514100000.0,-514100000.0,-514100000.0,0.0,0.0,0.0,-365500000.0,-2.4596231494,-365500000.0,-2.4596231494,365500000.0,0.0,0.0,0.0,0.0,0.0,-0.025,-0.025,401904000,401904000,,,0.3697400374218719,0.0,,,0.133862813010072,1.0037222819379752,1.0037222819379752,1.0037222819379752,0.0437915522114733,880169760.0,843969760.0,0.0,5.923080484522207,0.0,0.0,2.181878433316807,2.181878433316807,5.679473485868102,-2.3090827906976745,0.0,0.0,0.0,,0.0436291522062469,0.0337229354282429,0.0990424076607387,2.9133333333333336,0.0,0.0,,0.0,0.0,0.0,0.0,0.0,,0.0,,0.0,,0.0,0.1247188383295513,172200000.0,403400000.0,143700000.0,309200000.0,,,,59.17227456258412,0.0,0.0,1.5209825997952915,0.0,0.0,0.0,,1985-12-30,,bmo,,2025-04-23,1985-12-31,,,
1985-09-30,ITW,USD,49826,1985-09-30,1985-09-29 20:00:00,1985,Q3,144100000.0,0.0,144100000.0,1.0,0,0.0,0.0,0.0,0.0,0.0,0.0,0.0,0.0,0.0,144100000.0,1.0,144100000.0,1.0,-144100000.0,0.0,0.0,0.0,0.0,0.0,0.0022,0.0022,401904000,401904000,,,0.3585433337314384,0.0,,,,,,,,731465280.0,,0.0,5.07609493407356,0.0,0.0,0.0,0.0,,,0.0,0.0,0.0,,0.0,0.0,,0.0,0.0,0.0,,0.0,0.0,0.0,0.0,0.0,,0.0,,,0.0,0.0,,,,,,,,,,0.0,0.0,0.0,0.0,0.0,0.0,,1985-09-29,,bmo,,2025-04-23,1985-09-30,,,
