date,symbol,reportedCurrency,cik,fillingDate,acceptedDate,calendarYear,period,revenue,costOfRevenue,grossProfit,grossProfitRatio,researchAndDevelopmentExpenses,generalAndAdministrativeExpenses,sellingAndMarketingExpenses,sellingGeneralAndAdministrativeExpenses,otherExpenses,operatingExpenses,costAndExpenses,interestIncome,interestExpense,depreciationAndAmortization,ebitda,ebitdaratio,operatingIncome,operatingIncomeRatio,totalOtherIncomeExpensesNet,incomeBeforeTax,incomeBeforeTaxRatio,incomeTaxExpense,netIncome,netIncomeRatio,eps,epsdiluted,weightedAverageShsOut,weightedAverageShsOutDil,link,finalLink,revenuePerShare,netIncomePerShare,operatingCashFlowPerShare,freeCashFlowPerShare,cashPerShare,bookValuePerShare,tangibleBookValuePerShare,shareholdersEquityPerShare,interestDebtPerShare,marketCap,enterpriseValue,peRatio,priceToSalesRatio,pocfratio,pfcfRatio,pbRatio,ptbRatio,evToSales,enterpriseValueOverEBITDA,evToOperatingCashFlow,evToFreeCashFlow,earningsYield,freeCashFlowYield,debtToEquity,debtToAssets,netDebtToEBITDA,currentRatio,interestCoverage,incomeQuality,dividendYield,payoutRatio,salesGeneralAndAdministrativeToRevenue,researchAndDdevelopementToRevenue,intangiblesToTotalAssets,capexToOperatingCashFlow,capexToRevenue,capexToDepreciation,stockBasedCompensationToRevenue,grahamNumber,roic,returnOnTangibleAssets,grahamNetNet,workingCapital,tangibleAssetValue,netCurrentAssetValue,investedCapital,averageReceivables,averagePayables,averageInventory,daysSalesOutstanding,daysPayablesOutstanding,daysOfInventoryOnHand,receivablesTurnover,payablesTurnover,inventoryTurnover,roe,capexPerShare,report_date,epsEstimated,time,revenueEstimated,updatedFromDate,fiscalDateEnding,surprise(%),QuarterAvgPrice,QuarterAvgVolume
2025-03-31,IVZ,USD,914208,2025-04-28,2025-04-28 13:53:01,2025,Q1,1529200000.0,10100000.0,1519100000.0,0.9933952393,0,137300000.0,17000000.0,154300000.0,1087500000.0,1241800000.0,1251900000.0,0.0,0.0,41500000.0,349800000.0,0.2287470573,277300000.0,0.1813366466,67600000.0,344900000.0,0.2255427675,77600000.0,230300000.0,0.1506016218,0.38,0.38,452900000,454000000,https://www.sec.gov/Archives/edgar/data/914208/000091420825000144/0000914208-25-000144-index.htm,https://www.sec.gov/Archives/edgar/data/914208/000091420825000144/ivz-20250331.htm,3.376462795319055,0.508500772797527,-0.1867962022521528,-0.2384632369176418,5.754691984985648,34.858467652903514,3.682490616030029,32.45462574519762,0.0,6870493000.0,4997093000.0,7.458199088145896,4.492867512424797,-81.2115011820331,-63.61567592592593,0.467421812813378,0.467421812813378,3.2677825006539365,14.285571755288736,-59.06729314420804,-46.26937962962963,0.0335201564138119,-0.0157193959734767,0.0,0.0,-5.355631789594054,0.0,0.0,-0.3164983164983165,0.022079929344226,0.6587060356057316,0.0897855087627517,0.0,0.5016984323256442,-0.2765957446808511,0.0153021187549045,0.563855421686747,0.0099398378236986,19.269718501484885,0.0080323788843709,0.0164218482601255,-20.211856922057848,1616300000.0,1667800000.0,-10739900000.0,16194300000.0,953850000.0,15300000.0,0.0,46.765629087104365,0.0,0.0,1.9244903095897308,0.0,0.0,0.0156680522767319,0.051667034665489,2025-04-22,0.39,bmo,1118981940.0,2025-05-11,2025-03-31,0.1282051282051281,17.065,4662870.483333333
2024-12-31,IVZ,USD,914208,2025-02-25,2025-02-25 13:27:00,2024,Q4,1593000000.0,990400000.0,602600000.0,0.3782799749,0,135000000.0,23700000.0,158700000.0,132200000.0,290900000.0,1281300000.0,24600000.0,12400000.0,44100000.0,373900000.0,0.2347143754,311700000.0,0.1956685499,5700000.0,317400000.0,0.1992467043,78700000.0,268500000.0,0.1685499058,0.46,0.46,455950000,456650000,https://www.sec.gov/Archives/edgar/data/914208/000091420825000114/0000914208-25-000114-index.htm,https://www.sec.gov/Archives/edgar/data/914208/000091420825000114/ivz-20241231.htm,3.493804145191359,0.5888803596885623,0.6950323500383814,0.6950323500383814,3.2810615199034983,34.36517161969514,3.512227217896699,31.933106700296086,16.578133567277114,7970006000.0,14020406000.0,7.420862197392924,5.003142498430634,25.14990848848217,25.14990848848217,0.5473942815541315,0.5473942815541315,8.80125925925926,37.49774271195507,44.24236667718523,44.24236667718523,0.0336888077625035,0.0397615760891522,0.5183002630512572,0.2794041963945218,16.1818668093073,3.1419797687861277,25.137096774193548,1.234514998052201,0.0190715038357562,0.5661080074487895,0.0847457627118644,0.0,0.5208431294869469,0.0220889870621647,0.0043942247332077,0.0,0.0,20.569577914774552,0.0089544216449428,0.0207472085925124,-19.75934861278649,1778700000.0,1601400000.0,-8731000000.0,16325100000.0,1068350000.0,743100000.0,0.0,62.88700564971752,2.780694668820679,0.0,1.431138262510107,32.36601307189542,0.0,0.0184410607215708,0.0153525605877837,2025-01-28,0.49,bmo,1125541380.0,2025-04-27,2024-12-31,0.0612244897959184,17.81046875,3478445.90625
2024-09-30,IVZ,USD,914208,2024-10-29,2024-10-29 15:18:45,2024,Q3,1515400000.0,1125000000.0,390400000.0,0.25762175,0,140800000.0,18900000.0,159700000.0,130200000.0,289900000.0,1414900000.0,10900000.0,13400000.0,44000000.0,202500000.0,0.133628085,100500000.0,0.0663191237,44600000.0,145100000.0,0.095750297,41500000.0,114200000.0,0.075359641,0.12,0.12,454900000,455600000,https://www.sec.gov/Archives/edgar/data/914208/000091420824000427/0000914208-24-000427-index.htm,https://www.sec.gov/Archives/edgar/data/914208/000091420824000427/ivz-20240930.htm,3.331281600351726,0.2510441855352824,0.9637282919322928,0.9012969883490876,3.6038689821938887,34.96724554847219,2.988568916245329,32.43416135414377,16.413057814904374,7988043999.999999,13801544000.0,17.486961471103328,5.271244555892833,18.22090328467153,19.48303414634146,0.5414044719166615,0.5414044719166615,9.107525405833444,68.15577283950617,31.48162408759124,33.66230243902439,0.0142963659188657,0.0513267077647544,0.5051340965006812,0.2709889246834844,28.70864197530864,1.8294861225611432,7.5,4.231660231660232,0.0193414057308647,1.3528896672504378,0.0929127623069816,0.0,0.5289354461032775,0.0647810218978102,0.0187409264880559,0.6454545454545455,0.0336544806651709,13.535293549276888,0.0027548673676014,0.0088147890857164,-20.199824137173007,1207400000.0,1359500000.0,-8933000000.0,16334800000.0,850350000.0,1409250000.0,0.0,60.79187013329815,116.448,0.0,1.4804611176240718,0.7728771640560593,0.0,0.0077401164406308,0.0624313035832051,2024-10-22,0.4319,bmo,1110874436.0,2025-04-25,2024-09-30,0.0187543412827043,16.420625,3795417.765625
2024-06-30,IVZ,USD,914208,2024-07-31,2024-07-31 13:55:24,2024,Q2,1483300000.0,1064100000.0,419200000.0,0.2826130931,0,180400000.0,20600000.0,201000000.0,127800000.0,328800000.0,1276500000.0,11000000.0,16300000.0,46400000.0,303200000.0,0.2044090878,206800000.0,0.1394188633,53100000.0,259900000.0,0.1752174199,64000000.0,191400000.0,0.1290366076,0.29,0.29,455500000,456100000,https://www.sec.gov/Archives/edgar/data/914208/000091420824000335/0000914208-24-000335-index.htm,https://www.sec.gov/Archives/edgar/data/914208/000091420824000335/ivz-20240630.htm,3.2564215148188804,0.4201975850713502,1.0737650933040614,1.0151481888035123,3.3837541163556533,34.61119648737651,2.943358946212953,32.019758507135016,16.63556531284303,6764175000.0,12784075000.0,8.835129310344827,4.560220454392233,13.829840523410343,14.628406141868512,0.4637761398697291,0.4637761398697291,8.618671206094518,42.163835751978894,26.137957472909424,27.647221020761247,0.0282961336748383,0.0683601473941759,0.518423037367158,0.2783168185632886,19.854551451187337,1.878787878787879,12.687116564417176,2.5553814002089865,0.0225304638037898,0.7962382445141066,0.1216207105777657,0.0,0.5309523108408546,0.0545900633817215,0.0180004045034719,0.5754310344827587,0.0124047731409694,17.399111097509664,0.0060405971853211,0.0150201288560688,-20.53364434687157,1197700000.0,1340700000.0,-8841600000.0,16196800000.0,692700000.0,1342050000.0,0.0,41.08339513247488,115.2720610048605,0.0,2.190666075911978,0.7807616105363563,0.0,0.0131230716489544,0.0586169045005488,2024-07-23,0.3984,bmo,1088185342.0,2025-04-25,2024-06-30,0.0793172690763052,15.375555555555556,4303642.079365079
2024-03-31,IVZ,USD,914208,2024-05-01,2024-05-01 13:08:52,2024,Q1,1475300000.0,1094300000.0,381000000.0,0.2582525588,0,138500000.0,18100000.0,156600000.0,0.0,127500000.0,1262200000.0,12400000.0,15900000.0,45100000.0,343900000.0,0.2331051312,213100000.0,0.1444451976,69800000.0,282900000.0,0.1917576086,68700000.0,200700000.0,0.1360401274,0.31,0.31,453200000,453500000,https://www.sec.gov/Archives/edgar/data/914208/000091420824000276/0000914208-24-000276-index.htm,https://www.sec.gov/Archives/edgar/data/914208/000091420824000276/ivz-20240331.htm,3.255295675198588,0.4428508384819064,-0.1200353045013239,-0.1663724624889673,3.1454104148278907,34.97969991173875,3.087819947043248,32.11562224183584,19.07281553398058,7473267999.999999,14675668000.0,9.309003487792724,5.065592082966176,-137.37624999999997,-99.11496021220158,0.5134572786984362,0.5134572786984362,9.947582186673896,42.67423088107008,-269.7733088235294,-194.63750663129977,0.0268557209509949,-0.010089294268585,0.592787259185973,0.3072920376675737,20.943297470194825,1.7795186194368755,13.40251572327044,-0.2710513203786746,0.0199912541608303,0.7443946188340808,0.0938792110079305,0.0,0.5147735529183822,-0.3860294117647059,0.0142343930048125,0.4656319290465632,0.014302175828645,17.88867463952308,0.0060304369545479,0.0147315726889707,-22.655946601941743,1029900000.0,1399400000.0,-9873300000.0,16066900000.0,704900000.0,676350000.0,0.0,43.20951670846608,108.66124463127116,0.0,2.08287448821121,0.8282621858916137,0.0,0.0137892653969824,0.0463371579876434,2024-04-23,0.4,bmo,1082009591.0,2025-04-25,2024-03-31,-0.175,16.139508196721312,4734780.8852459015
2023-12-31,IVZ,USD,914208,2024-02-21,2024-02-21 14:26:50,2023,Q4,1413400000.0,928200000.0,485200000.0,0.3432856941,0,155900000.0,25700000.0,161600000.0,1399400000.0,1561000000.0,2415600000.0,21300000.0,16800000.0,46400000.0,-1209600000.0,-0.8558086883,166900000.0,0.1180840526,-1100400000.0,-933500000.0,-0.6604641291,-266400000.0,-683100000.0,-0.4833026744,-1.64,-1.64,451700000,453100000,https://www.sec.gov/Archives/edgar/data/914208/000091420824000219/0000914208-24-000219-index.htm,https://www.sec.gov/Archives/edgar/data/914208/000091420824000219/ivz-20231231.htm,3.129067965463804,-1.5122869160947532,1.5813593092760685,1.4921408014168696,4.27628957272526,35.235775957493914,3.0471551914987822,32.31702457383219,20.06154527341156,8058328000.0,15171728000.0,-2.9491758161323376,5.701378236875619,11.281433571328574,11.955976261127596,0.5520310187976105,0.5520310187976105,10.734206877034104,-12.54276455026455,21.239994400112,22.50998219584569,-0.0847694459694368,0.0836401794516182,0.6196224036827972,0.312610165273832,-5.880787037037037,2.2981029810298104,9.93452380952381,-1.0456741326306545,0.0185398261277029,-0.2187088274044795,0.1103014008773171,0.0,0.5025126322847328,0.0564188716225675,0.0285128059997169,0.8685344827586207,0.0147870383472477,,0.0043090290434907,-0.0474566144697169,-23.37851450077485,1628600000.0,1376400000.0,-10134600000.0,16767700000.0,673450000.0,661550000.0,0.0,44.66888354322909,3.0542986425339365,0.0,2.014825374198147,29.466666666666665,0.0,-0.0467953636214172,0.0892185078591985,2024-01-23,0.39,bmo,1115170000.0,2025-04-25,2023-12-31,0.205128205128205,14.427619047619048,5595304.015873016
2023-09-30,IVZ,USD,914208,2023-10-31,2023-10-31 15:26:43,2023,Q3,1442000000.0,926700000.0,515300000.0,0.3573509015,0,117200000.0,23700000.0,276300000.0,11300000.0,287600000.0,1228800000.0,10800000.0,17300000.0,42200000.0,289500000.0,0.2007628294,227700000.0,0.1579056865,2300000.0,230000000.0,0.1595006935,61300000.0,190600000.0,0.1321775312,0.29,0.29,451700000,453100000,https://www.sec.gov/Archives/edgar/data/914208/000091420823000479/0000914208-23-000479-index.htm,https://www.sec.gov/Archives/edgar/data/914208/000091420823000479/ivz-20230930.htm,3.192384325880009,0.4219614788576489,0.7839273854328094,0.6971441222050033,3.442771751162276,36.73168031879566,2.042948859862741,33.7699800752712,18.79101173345141,6558684000.0,13474184000.0,8.602681007345225,4.54832454923717,18.522123693871787,20.82783105747857,0.4299676803964887,0.4299676803964887,9.344094313453535,46.542949913644215,38.05191753741881,42.7887710384249,0.0290607079103063,0.048012680592631,0.5553071673473668,0.2878072813142381,23.88773747841105,1.1099411764705882,13.16184971098266,2.098992294013041,0.022763712964369,0.7833158447009444,0.0812760055478502,0.0,0.5323853694171211,0.1107031911889296,0.0271844660194174,0.9289099526066352,0.0,17.90577257492629,0.00595129582052,0.0138491273451237,-23.91111357095417,186900000.0,922800000.0,-10952900000.0,16442000000.0,674300000.0,1326150000.0,0.5,40.28155339805825,125.43865328585304,0.0,2.234273318872017,0.717482192629297,0.0,0.0124951651708743,0.086783263227806,2023-10-24,0.36,bmo,1097950000.0,2025-04-25,2023-09-30,-0.0277777777777778,16.096190476190475,3940425.555555556
2023-06-30,IVZ,USD,914208,2023-08-02,2023-08-02 13:39:19,2023,Q2,1442800000.0,1050900000.0,391900000.0,0.2716246188,0,151900000.0,23100000.0,175000000.0,13100000.0,763300000.0,1255600000.0,7100000.0,18400000.0,47400000.0,295700000.0,0.2049487108,203800000.0,0.1412531189,26100000.0,229900000.0,0.1593429443,65500000.0,191400000.0,0.1326587192,0.29,0.29,457900000,458800000,https://www.sec.gov/Archives/edgar/data/914208/000091420823000416/0000914208-23-000416-index.htm,https://www.sec.gov/Archives/edgar/data/914208/000091420823000416/ivz-20230630.htm,3.150906311421708,0.4179951954575234,0.7235204193055252,0.6215330858265997,2.843852369512994,36.48962655601659,1.999563223411225,33.47652325835335,18.32605372352042,7697298999.999999,14783299000.0,10.053943312434692,5.334972969226503,23.233622094778145,27.04602600140548,0.502142945677772,0.502142945677772,10.246256584419186,49.994247548190735,44.62209175973438,51.944128601546026,0.0248658652859918,0.036974008674991,0.5462296707526306,0.2842405067588211,23.963476496449104,1.2123344600210562,11.076086956521738,2.015206812652068,0.0196302625115641,0.7894461859979102,0.1052813972830607,0.0,0.5361228604987474,0.1409598551162088,0.0323676185195453,0.9852320675105484,0.0221790962018297,17.74381814488666,0.0077713878470079,0.014006791171477,-23.847128192836863,383200000.0,915600000.0,-10561300000.0,16761500000.0,754450000.0,1413250000.0,0.5,43.86470751316884,116.5315443905224,8.564087924636026e-08,2.051763367463026,0.7723230690085985,1050900000.0,0.0124862188415346,0.1019873334789255,2023-07-25,0.39,bmo,1107030000.0,2025-04-25,2023-06-30,-0.2051282051282051,16.09483870967742,4546095.903225807
2023-03-31,IVZ,USD,914208,2023-05-03,2023-05-03 16:25:06,2023,Q1,1418200000.0,917900000.0,500300000.0,0.3527711183,0,105000000.0,19600000.0,124600000.0,166200000.0,290800000.0,1218400000.0,8600000.0,18000000.0,46800000.0,277900000.0,0.195952616,209500000.0,0.1477224651,26200000.0,235700000.0,0.1661965872,69900000.0,204200000.0,0.1439853335,0.32,0.32,458100000,458900000,https://www.sec.gov/Archives/edgar/data/914208/000091420823000338/0000914208-23-000338-index.htm,https://www.sec.gov/Archives/edgar/data/914208/000091420823000338/ivz-20230331.htm,3.095830604671469,0.4457542021392709,-0.2158917266972276,-0.2990613403187077,2.652041039074438,36.6946081641563,2.348613839772975,33.49268718620389,18.07552936040166,7512839999.999999,14560340000.0,9.197894221351614,5.297447468622196,-75.96400404448939,-54.83824817518247,0.4896591279410805,0.4896591279410805,10.266774784938654,52.39417056495142,-147.22285136501517,-106.27985401459854,0.0271801342767848,-0.018235447580409,0.5385126767907189,0.2778837196005825,25.359841669665347,0.8015418814737738,11.63888888888889,-0.5965018094089264,0.0192869806890603,0.7095984329089128,0.0740375123395853,0.0,0.5291676335960018,-0.3852376137512639,0.0268650401917924,0.8141025641025641,0.0266535044422507,18.32795368335473,0.0054481987266164,0.0145863394145463,-24.239958524339663,-419600000.0,1075900000.0,-11228800000.0,15886900000.0,803750000.0,762700000.0,0.0,51.13030602171767,143.7215382939318,0.0,1.7602085143353603,0.626210942829854,0.0,0.0133090008472919,0.08316961362148,2023-04-25,0.37,bmo,1098350000.0,2025-04-25,2023-03-31,0.027027027027027,17.844032258064516,5300655.193548387
2022-12-31,IVZ,USD,914208,2023-02-23,2023-02-22 17:46:55,2022,Q4,1443400000.0,911500000.0,531900000.0,0.3685049189,0,179600000.0,31800000.0,141400000.0,145400000.0,205300000.0,1185900000.0,17800000.0,17600000.0,48600000.0,456600000.0,0.3163364279,245100000.0,0.1698073992,145300000.0,390400000.0,0.2704724955,89600000.0,247000000.0,0.1711237356,0.41,0.41,457000000,459100000,https://www.sec.gov/Archives/edgar/data/914208/000091420823000297/0000914208-23-000297-index.htm,https://www.sec.gov/Archives/edgar/data/914208/000091420823000297/ivz-20221231.htm,3.1584245076586432,0.5404814004376368,1.0142231947483589,0.8542669584245076,3.138074398249453,36.85382932166302,2.501750547045952,33.29015317286652,18.76542669584245,8221429999.999999,15345530000.0,8.321285425101212,5.6958777885548,17.737713052858684,21.05899077868852,0.5404000368091707,0.5404000368091707,10.631515865318,33.60825667980727,33.10793959007551,39.30719774590164,0.0300434352661276,0.0474856563882438,0.5625361518641215,0.2876048499838692,15.602496714848884,1.3546863566819662,13.926136363636363,1.5408909574468086,0.0176246711338538,0.5866396761133603,0.1244284328668421,0.0,0.5275735294117647,0.1577130528586839,0.0506443120410142,1.5041152263374489,0.016003879728419,20.12053537240554,0.0067807837942581,0.0175701918494227,-23.80557986870897,533200000.0,1143300000.0,-10878100000.0,16793200000.0,751500000.0,696000000.0,0.0,49.99445753082998,5.884805266044981,0.0,1.8001995510102269,15.293624161073826,0.0,0.0162354735236893,0.1599562363238512,2023-01-24,0.36,bmo,1084298169.0,2025-04-25,2022-12-31,0.0833333333333334,17.103492063492062,4860097.904761905
2022-09-30,IVZ,USD,914208,2022-11-02,2022-11-02 16:51:40,2022,Q3,1445700000.0,872100000.0,573600000.0,0.3967628139,0,48700000.0,27600000.0,660800000.0,-437400000.0,223400000.0,1215800000.0,3300000.0,18600000.0,47900000.0,331100000.0,0.2290240022,350200000.0,0.2422355952,-95100000.0,255100000.0,0.1764543128,86800000.0,236600000.0,0.1636577437,0.39,0.39,457000000,459500000,https://www.sec.gov/Archives/edgar/data/914208/000091420822000500/0000914208-22-000500-index.htm,https://www.sec.gov/Archives/edgar/data/914208/000091420822000500/ivz-20220930.htm,3.163457330415755,0.5177242888402626,1.0765864332603938,0.9393873085339168,1.0614879649890592,36.11269146608315,2.0824945295404813,32.61203501094092,17.624507658643328,6260900000.0,13070700000.0,6.6154902789518175,4.330704848862143,12.72540650406504,14.583973911017935,0.4200903131437159,0.4200903131437159,9.041087362523346,39.47659317426759,26.566463414634143,30.446540880503143,0.0377900940759315,0.0685684166813078,0.5391815455222528,0.2745226650815287,20.56720024161885,1.009153208415201,18.827956989247312,2.9233511586452763,0.0231436374962066,0.6124260355029586,0.0336861036176246,0.0,0.5312876854594338,0.1274390243902439,0.043369993774642,1.3089770354906054,0.0179843674344608,19.49079165292281,0.0084987932967631,0.0172447722684237,-25.727352297593,19100000.0,951700000.0,-10662600000.0,16074900000.0,724300000.0,1342650000.0,0.0,43.65221000207512,137.50257997936018,0.0,2.061751283513976,0.6545331732212549,0.0,0.0158752524540885,0.137199124726477,2022-10-25,0.41,bmo,1114695054.0,2025-04-25,2022-09-30,-0.170731707317073,16.86359375,4525351.4375
2022-06-30,IVZ,USD,914208,2022-08-03,2022-08-03 16:51:17,2022,Q2,1530400000.0,1017200000.0,513200000.0,0.3353371668,0,119700000.0,33800000.0,153500000.0,150000000.0,303500000.0,1171100000.0,2100000.0,25800000.0,49300000.0,344700000.0,0.2252352326,344700000.0,0.2252352326,-62800000.0,281900000.0,0.1842002091,63000000.0,180200000.0,0.1177469942,0.27,0.26,456500000,459500000,https://www.sec.gov/Archives/edgar/data/914208/000091420822000431/0000914208-22-000431-index.htm,https://www.sec.gov/Archives/edgar/data/914208/000091420822000431/ivz-20220630.htm,3.3524644030668127,0.3947426067907996,0.2696604600219058,0.196933187294633,2.539759036144578,36.55553121577218,1.8992332968236585,33.10777656078861,18.46243154435925,7363345000.0,14632845000.0,10.215517480577136,4.811385912179822,59.815962632006496,81.9059510567297,0.4871967155627014,0.4871967155627014,9.561451254573967,42.45095735422106,118.8695775792039,162.76802002224693,0.0244725732666335,0.0122091250647633,0.5559393133382295,0.2783444364571152,21.089353060632437,4.950177641906965,13.36046511627907,0.5623572407492006,0.0196649756326778,0.8035516093229744,0.0782148457919498,0.0,0.524091735764426,0.2696994313566206,0.0216936748562467,0.6734279918864098,0.0180345007841087,17.147991881112294,0.0071224690503362,0.0125434181858681,-25.80317634173056,9561800000.0,867000000.0,-1516700000.0,25873800000.0,751850000.0,1312100000.0,0.0,43.95321484579195,119.7021234762092,0.0,2.047631790206048,0.751866361150122,0.0,0.0119229573168714,0.0727272727272727,2022-07-27,0.52,bmo,1196508464.0,2025-04-25,2022-06-30,-0.25,18.91935483870968,3939820.435483871
2022-03-31,IVZ,USD,914208,2022-04-29,2022-04-29 06:59:59,2022,Q1,1629400000.0,945500000.0,683900000.0,0.4197250522,0,102200000.0,21700000.0,123900000.0,182300000.0,306200000.0,1319100000.0,1200000.0,23200000.0,49500000.0,377700000.0,0.2318031177,377700000.0,0.2318031177,-57400000.0,320300000.0,0.1965754265,82800000.0,256900000.0,0.1576653983,0.43,0.43,459500000,462400000,https://www.sec.gov/Archives/edgar/data/914208/000091420822000355/0000914208-22-000355-index.htm,https://www.sec.gov/Archives/edgar/data/914208/000091420822000355/ivz-20220331.htm,3.546028291621328,0.5590859630032644,-0.816974972796518,-0.8689880304678999,3.576496191512513,36.53384113166485,1.5967355821545155,33.39499455930359,20.007181719260064,10596070000.0,18152070000.0,10.311473335928376,6.503050202528538,-28.226078849227488,-26.5366140746306,0.6905226458129684,0.6905226458129684,11.140340002454892,48.059491660047655,-48.35394246137454,-45.45972952667167,0.0242448379446341,-0.037683782760967,0.5975953079178886,0.2878808807740364,20.00529520783691,4.605577145973955,16.280172413793103,-1.5806315789473684,0.0129293219089719,0.5332814324639937,0.062722474530502,0.0,0.5039775474197741,-0.0636654235482152,0.0146679759420645,0.4828282828282828,0.0181048238615441,20.49610049705145,0.0070622058720122,0.0162592878571157,-27.97796517954298,10576600000.0,733700000.0,-1556500000.0,27129800000.0,770650000.0,655250000.0,0.0,41.77427273843133,121.01216287678476,0.0,2.1544360703424568,0.7437268937308267,0.0,0.0167416096448354,0.0520130576713819,2022-04-26,0.61,bmo,1275383894.0,2025-04-25,2022-03-31,-0.081967213114754,22.17951612903225,5401135.0322580645
2021-12-31,IVZ,USD,914208,2022-02-18,2022-02-18 07:12:27,2021,Q4,1763400000.0,998900000.0,764500000.0,0.4335374844,0,119200000.0,38000000.0,157200000.0,0.0,255300000.0,1401400000.0,21600000.0,23200000.0,50400000.0,761400000.0,0.4317795168,509200000.0,0.2887603493,178600000.0,687800000.0,0.3900419644,130700000.0,486000000.0,0.2756039469,0.92,0.92,463300000,465600000,https://www.sec.gov/Archives/edgar/data/914208/000091420822000319/0000914208-22-000319-index.htm,https://www.sec.gov/Archives/edgar/data/914208/000091420822000319/ivz-20211231.htm,3.8061731059788473,1.0489963306712713,-0.0079861860565508,-0.0848262464925534,4.634362184329808,36.0,1.226635009712929,33.446578890567665,21.01057630045327,10665166000.0,18229066000.0,5.486196502057613,6.048069638198934,-2882.477297297298,-271.3782697201018,0.6882617225312666,0.6882617225312666,10.33745378246569,23.94151037562385,-4926.774594594594,-463.8439185750637,0.0455689109761629,-0.0036848934184428,0.6266859407065141,0.2971033115500404,9.934200157604414,0.982215944076207,21.948275862068964,-0.0066415365284509,0.0129393204006388,0.2839506172839506,0.0675966882159464,0.0,0.4928928947304011,-9.62162162162162,0.0201882726550981,0.7063492063492064,0.0193376431892934,28.096621094333305,0.013782550001609,0.0293210900688381,-28.644398877617096,-49100000.0,568300000.0,-13295000000.0,16579500000.0,871350000.0,720450000.0,0.0,40.06464783940116,3.5318850735809395,0.0,2.2463694267515923,25.482142857142858,0.0,0.0313633371623278,0.0768400604360026,2022-01-25,0.76,bmo,1174300000.0,2025-04-25,2021-12-31,0.131578947368421,24.3371875,3640867.46875
2021-09-30,IVZ,USD,914208,2021-10-29,2021-10-29 07:12:15,2021,Q3,1750000000.0,1023100000.0,726900000.0,0.4153714286,0,105000000.0,20300000.0,125300000.0,137800000.0,263100000.0,1244300000.0,1900000.0,23100000.0,51000000.0,719200000.0,0.4109714286,463800000.0,0.2650285714,221500000.0,685300000.0,0.3916,139700000.0,389300000.0,0.2224571429,0.71,0.71,463300000,466000000,https://www.sec.gov/Archives/edgar/data/914208/000091420821000529/0000914208-21-000529-index.htm,https://www.sec.gov/Archives/edgar/data/914208/000091420821000529/ivz-20210930.htm,3.77725016188215,0.8402762788689834,1.2972156270235269,1.2410964817612775,6.941290740341032,35.12756313403842,0.323332613857112,32.54932009497086,20.14267213468595,11170163000.0,18169663000.0,7.173235936295916,6.382950285714286,18.58596173044925,19.42637043478261,0.7407220774398048,0.7407220774398048,10.382664571428572,25.2637138487208,30.232384359401,31.59941391304348,0.0348517743205716,0.051476419815897,0.6173035987825014,0.2836907530040623,9.73234149054505,0.6579783524062928,20.07792207792208,1.1015395894428153,0.0123543407558152,0.354482404315438,0.06,0.0,0.4914015097260612,0.043261231281198,0.0148571428571428,0.5098039215686274,0.0189714285714285,24.806944296006,0.0137280108607282,0.0233266023931787,-27.20726311245413,-1324000000.0,149800000.0,-13992200000.0,15313300000.0,990650000.0,1434200000.0,0.0,49.253142857142855,123.30466230085035,0.0,1.8272945598830528,0.729899407861882,0.0,0.0258154786771971,0.056119145262249,2021-10-26,0.73,bmo,1338850000.0,2025-04-25,2021-09-30,0.0547945205479452,25.0096875,4206343.265625
2021-06-30,IVZ,USD,914208,2021-07-30,2021-07-30 07:31:25,2021,Q2,1721400000.0,1158200000.0,563200000.0,0.3271755548,0,103300000.0,24500000.0,127800000.0,96100000.0,223900000.0,1240400000.0,400000.0,24600000.0,52800000.0,648500000.0,0.3767282445,470900000.0,0.2735564076,178400000.0,649300000.0,0.3771929825,154200000.0,427500000.0,0.2483443709,0.8,0.79,462800000,466200000,https://www.sec.gov/Archives/edgar/data/914208/000091420821000459/0000914208-21-000459-index.htm,https://www.sec.gov/Archives/edgar/data/914208/000091420821000459/ivz-20210630.htm,3.719533275713051,0.9237251512532412,1.097018150388937,1.0388936905790838,5.839023336214347,34.1194900605013,-0.9474935177182368,32.212618841832324,19.1423941227312,12370644000.0,19468044000.0,7.234294736842105,7.186385500174277,24.366050817411857,25.729292845257905,0.8297990340756641,0.8297990340756641,11.309424886720112,30.020114109483423,38.3455662792988,40.49094009983361,0.0345576188272817,0.0388662061570925,0.5926012878991146,0.2657120342633029,10.944333076329992,0.3974365460831436,19.142276422764223,1.0254494041607756,0.0111392745599986,0.3223391812865497,0.060009294760079,0.0,0.4881137137426162,0.0529840456962773,0.0156268153828279,0.509469696969697,0.0198675496688741,25.87472009063147,0.0141802326017794,0.0251183943029719,-30.224503025064823,-3572900000.0,-438500000.0,-15101300000.0,13180900000.0,1071150000.0,1698750000.0,0.0,53.51690484489369,113.97254360214126,0.0,1.6817116060961312,0.7896638712756529,0.0,0.0286758787228333,0.058124459809853,2021-07-27,0.7,bmo,1333870000.0,2025-04-25,2021-06-30,0.1142857142857144,27.252380952380957,3950292.761904762
2021-03-31,IVZ,USD,914208,2021-04-30,2021-04-30 07:24:49,2021,Q1,1659700000.0,1012000000.0,647700000.0,0.3902512502,0,96600000.0,15800000.0,112400000.0,191000000.0,303400000.0,1186900000.0,1300000.0,23800000.0,51100000.0,579600000.0,0.3492197385,344300000.0,0.207447129,133800000.0,478100000.0,0.288064108,106500000.0,327000000.0,0.1970235585,0.58,0.58,461600000,464700000,https://www.sec.gov/Archives/edgar/data/914208/000091420821000378/0000914208-21-000378-index.htm,https://www.sec.gov/Archives/edgar/data/914208/000091420821000378/ivz-20210331.htm,3.59553726169844,0.7084055459272097,-0.0582755632582322,-0.1022530329289428,5.297876949740035,33.29246100519931,-1.8351386481802423,31.51603119584055,19.08123916811092,11641552000.0,18837752000.0,8.900269113149847,7.014250768211123,-432.7714498141264,-246.64305084745763,0.8002276632892946,0.8002276632892946,11.350094595408809,32.50129744651484,-700.2881784386617,-399.1049152542373,0.0280890383000479,-0.0040544422255726,0.603809510716397,0.2518268996459441,12.415804002760524,0.2678918079461628,14.466386554621849,-0.0723896663078579,0.0112270254000497,0.3996941896024464,0.0582032897511598,0.0,0.4648567292117598,-0.7546468401486989,0.0122311261071277,0.3972602739726027,0.0232572151593661,22.412897044042275,0.0108325818618793,0.017517919706856,-35.158524696707104,-6222700000.0,-847100000.0,-17236700000.0,10548100000.0,1072350000.0,1139850000.0,0.0,60.66337289871663,171.7114624505929,0.0,1.4835970322695986,0.5241350735446447,0.0,0.0224776254828908,0.0439774696707105,2021-04-27,0.62,bmo,1206740000.0,2025-04-25,2021-03-31,0.0967741935483871,22.423934426229508,4981529.655737705
2020-12-31,IVZ,USD,914208,2021-02-19,2021-02-19 07:49:21,2020,Q4,1630100000.0,994600000.0,635500000.0,0.3898533832,0,95900000.0,20600000.0,116500000.0,171200000.0,114700000.0,1232900000.0,9100000.0,24400000.0,53200000.0,432900000.0,0.2655665297,217800000.0,0.1336114349,181900000.0,399700000.0,0.245199681,68900000.0,270300000.0,0.165818048,0.46,0.46,461000000,463500000,https://www.sec.gov/Archives/edgar/data/914208/000091420821000331/0000914208-21-000331-index.htm,https://www.sec.gov/Archives/edgar/data/914208/000091420821000331/ivz-20201231.htm,3.536008676789588,0.5863340563991323,1.231236442516269,1.1414316702819958,3.774403470715835,32.58286334056399,-2.605639913232104,31.15357917570499,19.82711496746204,8035230000.0,15441030000.0,7.43177025527192,4.929286546837617,14.156501057082451,15.27029646522235,0.5594862760935259,0.5594862760935259,9.472443408379856,35.66881496881497,27.20406976744186,29.34441277080958,0.0336393606654694,0.0654866133265631,0.6347324151568745,0.2497226338959185,17.107415107415108,0.3282554779403399,8.926229508196721,1.7158403869407497,0.0162658691786047,0.4835368109507954,0.0588307465799644,0.0,0.4443856991406444,0.0729386892177589,0.0253972148947917,0.7781954887218046,0.0308570026378749,20.27298942219572,0.0065040716108248,0.0133269566417844,-41.15813449023861,-5904500000.0,-1201200000.0,-18598100000.0,10881200000.0,1002800000.0,1079850000.0,0.5,56.64683148273112,31.571486024532472,0.0,1.5887914230019493,2.850673545428489,0.0,0.0188207606288905,0.0898047722342733,2021-01-26,0.57,bmo,1131190000.0,2025-04-25,2020-12-31,0.2631578947368421,15.38203125,5928100.390625
2020-09-30,IVZ,USD,914208,2020-10-30,2020-10-30 07:37:39,2020,Q3,1497600000.0,925300000.0,572300000.0,0.382144765,0,89700000.0,15600000.0,105300000.0,198500000.0,713600000.0,1114300000.0,2600000.0,33800000.0,51600000.0,482900000.0,0.3224492521,268500000.0,0.179286859,118100000.0,386600000.0,0.2581463675,91900000.0,250900000.0,0.1675347222,0.42,0.41,461100000,463500000,https://www.sec.gov/Archives/edgar/data/914208/000091420820000440/0000914208-20-000440-index.htm,https://www.sec.gov/Archives/edgar/data/914208/000091420820000440/ivz10q3q2020.htm,3.247885491216656,0.5441335935805682,0.8713944914335285,0.8141400997614401,4.533506831489915,31.6174365647365,-3.179136846671004,30.219041422684885,18.93840815441336,5261151000.0,12639251000.0,5.2422787963332,3.513054887820513,13.093954703832752,14.014786893979757,0.3775765035165781,0.3775765035165781,8.439670806623932,26.173640505280595,31.456572921851667,33.66875599360682,0.0476891843628894,0.0713532076916249,0.6242787426438926,0.2413791189732917,15.278732656864776,0.3177689614935822,7.943786982248521,1.3634204275534445,0.0248234654356052,0.520526106018334,0.0598958333333333,0.0,0.4452223378425251,0.0657043305126928,0.0176282051282051,0.5116279069767442,0.0287126068376068,19.23465365135087,0.0111230403081146,0.0125495178264175,-40.411190630015184,-7308400000.0,-1465900000.0,-18054600000.0,9287400000.0,904900000.0,1844850000.0,0.5,58.87019230769231,176.12882308440504,9.726575164811413e-08,1.5287872601061658,0.5109896178484647,925300000.0,0.0180063154872972,0.0572543916720884,2020-10-27,0.48,bmo,1356679245.0,2025-04-25,2020-09-30,0.1041666666666667,10.59578125,6231889.640625
2020-06-30,IVZ,USD,914208,2020-07-31,2020-07-31 08:39:44,2020,Q2,1419000000.0,898600000.0,520400000.0,0.3667371388,0,188900000.0,14400000.0,203300000.0,200000000.0,403300000.0,1308400000.0,2400000.0,34800000.0,50300000.0,190500000.0,0.1342494715,117100000.0,0.0825229035,-11700000.0,105400000.0,0.0742776603,43400000.0,99700000.0,0.070260747,0.09,0.09,460100000,463100000,https://www.sec.gov/Archives/edgar/data/914208/000091420820000375/0000914208-20-000375-index.htm,https://www.sec.gov/Archives/edgar/data/914208/000091420820000375/ivz10q2q2020.htm,3.0841121495327104,0.216692023473158,0.7344055640078244,0.6735492284286024,4.304064333840469,30.79873940447729,-3.8272114757661377,29.563138448163443,18.88589437078896,4950676000.0,12334076000.0,12.41393179538616,3.488848484848485,14.651305119857945,15.975075830913198,0.3639667695927069,0.3639667695927069,8.692090204369274,64.74580577427821,36.5021485646641,39.800180703452725,0.0201386638915574,0.0625975119357437,0.6362740773415674,0.243249548189808,38.75800524934383,0.1715502105084297,3.3649425287356323,5.45,0.0268246195065077,1.3319959879638916,0.133121916842847,0.0,0.4477741145785025,0.082864752885469,0.0197322057787174,0.5566600397614314,0.0336856941508104,12.005713912024024,0.0027116260910763,0.0050743852970067,-40.872962399478375,-8776100000.0,-1760900000.0,-19591300000.0,7710400000.0,872350000.0,1906200000.0,0.0,52.6553911205074,188.1827286890719,0.0,1.709226692363286,0.4782585555378146,0.0,0.0073298044405234,0.0608563355792219,2020-07-28,0.42,bmo,1783885714.0,2025-04-25,2020-06-30,-0.1666666666666666,8.96952380952381,8895613.825396825
2020-03-31,IVZ,USD,914208,2020-04-23,2020-04-23 16:23:25,2020,Q1,1598900000.0,937000000.0,661900000.0,0.4139721058,0,106300000.0,32700000.0,139000000.0,205900000.0,344900000.0,1356200000.0,6400000.0,36300000.0,48400000.0,231900000.0,0.1450372131,317000000.0,0.1982613046,-139600000.0,177400000.0,0.110951279,57400000.0,140700000.0,0.0879979986,0.18,0.18,455700000,458900000,https://www.sec.gov/Archives/edgar/data/914208/000091420820000295/0000914208-20-000295-index.htm,https://www.sec.gov/Archives/edgar/data/914208/000091420820000295/ivz10q1q2020.htm,3.5086679833223613,0.3087557603686636,-0.1689708141321044,-0.2111037963572525,2.7546631555848147,30.982883475971036,-3.840904103576914,29.623217028746986,19.306122448979597,4137756000.0,11669756000.0,7.352089552238806,2.58787666520733,-53.73709090909091,-43.01201663201663,0.3065163378841866,0.3065163378841866,7.298615298017387,50.32236308753773,-151.55527272727272,-121.30723492723492,0.0340039383665929,-0.0232493167794331,0.6490336535968532,0.236728837876614,32.47951703320397,0.1579005609513189,8.732782369146005,-0.6416666666666667,0.0483595456087792,1.4221748400852878,0.0664832072049534,0.0,0.4287733006941236,-0.2493506493506493,0.012008255675777,0.396694214876033,0.0296453811995747,14.345474032294163,0.0087559173681888,0.0066551569188562,-45.974599517226245,-9892900000.0,-1750300000.0,-21036800000.0,6539100000.0,1052850000.0,1174050000.0,0.0,51.4760147601476,185.71504802561364,0.0,1.7483870967741937,0.4846133953969485,0.0,0.0104227626617676,0.0421329822251481,2020-04-23,0.56,bmo,2445376470.0,2025-04-25,2020-03-31,-0.3928571428571428,15.200806451612904,6290177.612903226
2019-12-31,IVZ,USD,914208,2020-03-02,2020-03-02 06:06:35,2019,Q4,1742800000.0,1123800000.0,619000000.0,0.3551755795,0,121700000.0,41000000.0,162700000.0,19500000.0,301300000.0,1425100000.0,14000000.0,34600000.0,52500000.0,410100000.0,0.2353109938,314600000.0,0.1805141152,8400000.0,323000000.0,0.1853339454,80400000.0,239000000.0,0.1371356438,0.4,0.39,454100000,457900000,https://www.sec.gov/Archives/edgar/data/914208/000091420820000245/0000914208-20-000245-index.htm,https://www.sec.gov/Archives/edgar/data/914208/000091420820000245/a201910-k.htm,3.8379211627394847,0.5263157894736842,1.0209205020920502,0.913675401893856,23.148205241136317,32.375688174410925,-2.567496146223299,30.52741686853116,19.19026646113191,8164718000.0,15143218000.0,8.540500000000002,4.68482786320863,17.61155737704918,19.6787611472644,0.5889787556357078,0.5889787556357078,8.689016525131972,36.92567178736893,32.66440465918895,36.49847674138346,0.0292722908494818,0.0508162070018829,0.6261280432822363,0.2201835095115968,17.01658132162887,0.2444176124929566,9.092485549132949,1.910964550700742,0.026492035609803,0.905020920502092,0.069830158365848,0.0,0.4025261096440159,0.1050474547023296,0.0279435391324305,0.9276190476190476,0.0279435391324305,19.01338696733036,0.0277213094902294,0.0101474996391056,-29.31843206342215,-9386600000.0,-1165900000.0,-21682100000.0,7064600000.0,1108050000.0,1155550000.0,83200000.0,61.51480376405784,33.203416978109985,0.0,1.4630624580255205,2.710564399421129,0.0,0.0172407574391343,0.1072451001981942,2020-01-29,0.7,bmo,1892182857.0,2025-04-25,2019-12-31,-0.0857142857142856,17.05796875,4748273.0
2019-09-30,IVZ,USD,914208,2019-10-23,2019-10-23 16:08:08,2019,Q3,1720600000.0,991100000.0,729500000.0,0.423980007,0,104500000.0,33200000.0,137700000.0,316700000.0,454400000.0,1407300000.0,3300000.0,35000000.0,48500000.0,400100000.0,0.2325351622,275100000.0,0.1598860862,41500000.0,316600000.0,0.1840055794,74000000.0,231500000.0,0.1345460886,0.36,0.36,462800000,466900000,https://www.sec.gov/Archives/edgar/data/914208/000162828019012494/0001628280-19-012494-index.htm,https://www.sec.gov/Archives/edgar/data/914208/000162828019012494/ivz10q3q2019.htm,3.7178046672428695,0.5002160760587727,0.6955488331892826,0.6380726015557476,3.372515125324114,31.027657735522904,-2.831460674157303,29.328435609334484,16.888288677614522,7839832000.000001,14086432000.0,8.466341252699785,4.556452400325468,24.354867971419697,26.54870301388419,0.5775964400436154,0.5775964400436154,8.186930140648611,35.207278180454885,43.760273376825104,47.70210633254317,0.0295286939822179,0.037666623468462,0.5732546488668847,0.2053473875338467,15.612596850787304,0.987765404602821,7.86,1.3268755152514426,0.0264291377672378,0.8950323974082074,0.0607346274555387,0.0,0.4135503042906834,0.0826343584964274,0.0154597233523189,0.5484536082474227,0.0287109147971637,18.168309965224687,0.0086317711854687,0.010417885461762,-45.63337294727744,-164800000.0,-1310400000.0,-10226600000.0,16057500000.0,999450000.0,1923250000.0,176450000.0,53.60978728350576,172.21773786701644,15.110483301382304,1.6787979315055128,0.5225942525705246,5.956129807692308,0.0170556685232664,0.057476231633535,2019-10-23,0.57,bmo,1401060000.0,2025-04-25,2019-09-30,0.2280701754385965,17.6565625,5554499.265625
2019-06-30,IVZ,USD,914208,2019-07-25,2019-07-25 16:28:20,2019,Q2,1439400000.0,873700000.0,565700000.0,0.3930109768,0,94200000.0,33400000.0,127600000.0,419800000.0,547400000.0,1365700000.0,2800000.0,33000000.0,40300000.0,149800000.0,0.1040711408,18300000.0,0.0127136307,58200000.0,76500000.0,0.0531471446,14500000.0,40100000.0,0.0278588301,0.0929,0.09,431600000,433800000,https://www.sec.gov/Archives/edgar/data/914208/000091420819000345/0000914208-19-000345-index.htm,https://www.sec.gov/Archives/edgar/data/914208/000091420819000345/ivz10q2q2019.htm,3.335032437442076,0.0929101019462465,1.0838739573679332,1.0192307692307692,3.387627432808156,34.050278035217794,-2.4803058387395738,32.286144578313255,16.920991658943468,8865064000.0,14699864000.0,55.26847880299252,6.158860636376268,18.950542967079947,20.15245283018868,0.6361862114003172,0.6361862114003172,10.212494094761706,98.12993324432576,31.423394613082515,33.416376449192995,0.0045233739993304,0.0496217511796869,0.5217263378472446,0.1888268998010462,38.95060080106809,0.9845399045091368,0.5545454545454546,7.54516129032258,0.0141454139530182,3.1271820448877805,0.0654439349729053,0.0,0.4095071867516506,0.0596408721675929,0.019383076281784,0.6923076923076923,0.0414061414478254,8.215439863148086,0.0006161587552094,0.001763815824199,-49.85970806302131,-223100000.0,-1070500000.0,-9597700000.0,16111300000.0,1023650000.0,1600300000.0,289750000.0,60.90037515631513,200.8698637976422,19.211399793979627,1.47782340862423,0.448051282051282,4.684718498659517,0.0028777081673807,0.064643188137164,2019-07-25,0.57,bmo,1306532307.0,2025-04-25,2019-06-30,0.1403508771929826,20.759206349206348,4349882.142857143
2019-03-31,IVZ,USD,914208,2019-04-25,2019-04-25 16:25:51,2019,Q1,1214600000.0,749300000.0,465300000.0,0.3830890828,0,83800000.0,28000000.0,111800000.0,153300000.0,587000000.0,956100000.0,4700000.0,33100000.0,36300000.0,328900000.0,0.270788737,200200000.0,0.1648279269,56600000.0,256800000.0,0.2114276305,66200000.0,177700000.0,0.1463033097,0.44,0.44,387900000,401900000,https://www.sec.gov/Archives/edgar/data/914208/000091420819000227/0000914208-19-000227-index.htm,https://www.sec.gov/Archives/edgar/data/914208/000091420819000227/ivz10q1q2019.htm,3.131219386439804,0.4581077597318896,-0.3103892755864914,-0.3647847383346223,3.34261407579273,24.389017788089717,0.2098478989430265,22.349316834235623,20.006444960041247,7746363000.0,14205463000.0,10.898090883511536,6.377707064054009,-64.33856312292359,-54.7446148409894,0.8935396168087388,0.8935396168087388,11.69558949448378,43.19082699908787,-117.985573089701,-100.39196466431096,0.0229397976831191,-0.0182666368720391,0.8913522429723276,0.2399321878124359,19.638491942839767,1.0398458219880478,6.04833836858006,-0.6316894018887723,0.0155040500942184,0.6758581879572313,0.0689939074592458,0.0,0.2912167071345625,-0.1752491694352159,0.0173719743125308,0.581267217630854,0.0410011526428453,15.177743508030847,0.0082243863137331,0.0077844704851604,-52.71468161897396,563400000.0,81400000.0,-8043200000.0,10405300000.0,989700000.0,767450000.0,196500000.0,79.5298863823481,150.21219805151475,47.20405711997864,1.1316500512438274,0.5991524068447145,1.9066157760814249,0.0204976180314442,0.0543954627481309,2019-04-25,0.53,bmo,1149532142.0,2025-04-25,2019-03-31,0.0566037735849057,18.69754098360656,4563743.213114754
2018-12-31,IVZ,USD,914208,2019-02-22,2019-02-21 21:51:55,2018,Q4,1255900000.0,825100000.0,430800000.0,0.3430209412,0,119600000.0,39900000.0,551200000.0,238700000.0,290100000.0,980300000.0,10300000.0,29200000.0,36500000.0,227800000.0,0.1813838681,230400000.0,0.1834540967,-82400000.0,148000000.0,0.1178437774,53200000.0,114200000.0,0.0909308066,0.28,0.28,411448500,410100000,https://www.sec.gov/Archives/edgar/data/914208/000091420819000195/0000914208-19-000195-index.htm,https://www.sec.gov/Archives/edgar/data/914208/000091420819000195/a201810-k.htm,3.0523868722330985,0.2775560003256787,0.4051539864648917,0.3220330126370615,4.456207763547564,22.68181801610651,-0.0019443502649784,20.850240066496777,18.62687553849388,6887647889.999999,12717047890.0,15.078038288091069,5.4842327334978895,41.31762381523695,51.98224822641509,0.8028684536298782,0.8028684536298782,10.12584432677761,55.82549556628621,76.28702993401319,95.9777199245283,0.0165804062321193,0.0192373364777217,0.8899612999487108,0.2464555948661002,25.589991220368745,0.2151269420234937,7.890410958904109,1.4558951965065503,0.0177564245375499,1.0709281961471104,0.0952305119834381,0.0,0.3012808924928337,0.2051589682063587,0.0272314674735249,0.936986301369863,0.0381399792977147,11.41095779811926,0.0230645048198888,0.0052759965257886,-46.50138474195434,-10356400000.0,-800000.0,-18807400000.0,-554500000.0,1157600000.0,574250000.0,28350000.0,64.93271757305519,31.010786571324687,0.0,1.3860501048449398,2.902215969046781,0.0,0.0133118851121368,0.0831209738278302,2019-01-30,0.54,bmo,1512788636.0,2025-04-25,2018-12-31,-0.1851851851851852,20.01222222222222,6339361.317460317
2018-09-30,IVZ,USD,914208,2018-10-24,2018-10-24 14:53:00,2018,Q3,1341800000.0,892400000.0,449400000.0,0.3349232374,0,60800000.0,33400000.0,94200000.0,136800000.0,231000000.0,1016600000.0,4000000.0,29600000.0,39600000.0,394800000.0,0.2942316292,322100000.0,0.2400506782,20200000.0,342300000.0,0.2551050827,61100000.0,269600000.0,0.2009241318,0.65,0.65,414300000,414400000,https://www.sec.gov/Archives/edgar/data/914208/000091420818000411/0000914208-18-000411-index.htm,https://www.sec.gov/Archives/edgar/data/914208/000091420818000411/ivz10q3q2018.htm,3.238715906348057,0.6507361815109823,0.6403572290610668,0.5870142408882453,6.174511223750905,23.514361573738835,0.6613565049481053,21.692251991310645,18.50036205648081,9533043000.0,15253843000.0,8.839987945103859,7.104667610672231,35.93306822465134,39.19836759868421,1.060747404613279,1.060747404613279,11.368194216723804,38.63688703140831,57.49658122879759,62.72139391447369,0.0282805815519766,0.025511266444513,0.8495621501930545,0.2348986887686978,14.490374873353597,1.1321053865137247,10.881756756756756,0.943456614509246,0.0130388586309743,0.461053412462908,0.0453122671038902,0.0,0.2912890185147582,0.0833019223520542,0.0164704128782232,0.5580808080808081,0.0318229244298703,17.8215739388245,0.0147026019349171,0.0117035223434827,-46.14657253198165,1916400000.0,274000000.0,-6338800000.0,11853600000.0,1472300000.0,841950000.0,102450000.0,94.51408555671486,87.15598386373823,5.718287763334828,0.9522390178127884,1.032631335339042,15.738977072310403,0.0299985534822133,0.0533429881728216,2018-10-18,0.66,bmo,1341800000.0,2025-04-25,2018-09-30,0.0,24.991904761904763,4123437.047619048
2018-06-30,IVZ,USD,914208,2018-07-26,2018-07-26 15:18:50,2018,Q2,1360600000.0,886700000.0,473900000.0,0.3483022196,0,87000000.0,32800000.0,119100000.0,122100000.0,648200000.0,1029000000.0,2800000.0,29500000.0,32400000.0,376100000.0,0.2764221667,331300000.0,0.2434955167,-17100000.0,314200000.0,0.230927532,72300000.0,245100000.0,0.1801411142,0.59,0.59,401200000,414100000,https://www.sec.gov/Archives/edgar/data/914208/000091420818000357/0000914208-18-000357-index.htm,https://www.sec.gov/Archives/edgar/data/914208/000091420818000357/ivz10q2q2018.htm,3.3913260219341974,0.6109172482552343,1.1191425722831505,1.0553339980059822,4.639082751744766,23.51246261216351,-0.0817547357926221,21.97731804586241,19.939930209371884,10655872000.0,16792372000.0,10.868902488780089,7.831744818462443,23.73245434298441,25.167387812942845,1.2085187075408572,1.2085187075408572,12.341887402616493,44.64868917841,37.39949220489978,39.660774681152574,0.0230014024192482,0.0397339607682975,0.9039501888333163,0.2455520947900588,16.3161393246477,1.0999812496093668,11.230508474576272,1.8561389003720543,0.011674314406179,0.507547939616483,0.0639423783624871,0.0,0.2916285417648672,0.0570155902004454,0.0188152285756284,0.7901234567901234,0.0300602675290313,17.380801476160077,0.0141236779508871,0.0106597196550269,-49.698342472582254,1439700000.0,-32800000.0,-7186500000.0,11381400000.0,1484050000.0,820250000.0,268900000.0,101.56916066441276,83.19950377805345,15.04229164317131,0.8860957342885054,1.0817372209344882,5.983130904183536,0.027797625123337,0.0638085742771684,2018-07-26,0.66,bmo,1360600000.0,2025-04-25,2018-06-30,0.0,28.76765625,3516448.671875
2018-03-31,IVZ,USD,914208,2018-04-26,2018-04-26 14:16:55,2018,Q1,1355800000.0,902500000.0,453300000.0,0.3343413483,0,83700000.0,28100000.0,111700000.0,118700000.0,644300000.0,1039000000.0,4200000.0,23200000.0,33600000.0,390400000.0,0.2879480749,321100000.0,0.2368343413,12500000.0,333600000.0,0.2460539903,68400000.0,253900000.0,0.1872695088,0.62,0.62,411300643,411800000,https://www.sec.gov/Archives/edgar/data/914208/000091420818000282/0000914208-18-000282-index.htm,https://www.sec.gov/Archives/edgar/data/914208/000091420818000282/ivz10q1q2018.htm,3.296372186804483,0.6173100001693895,-0.1269144624215916,-0.1769994801588481,5.229751123924209,23.026951601434767,3.1786967082373367,21.627245547486293,16.052248184790706,13165733582.429998,17622533582.43,12.963502936618744,9.710675307884642,-252.21711843735636,-180.8479887696428,1.4800775221105529,1.4800775221105529,12.99788581090869,45.13968643040472,-337.5964287821839,-242.0677689894231,0.0192849109706151,-0.0055295057844063,0.7396153024630985,0.2080736010828897,11.415983606557376,1.1229966255425632,13.84051724137931,-0.1968325791855203,0.0090841880743819,0.4710515951161875,0.0617347691399911,0.0,0.2581857168610112,-0.3946360153256705,0.0151939814131877,0.6130952380952381,0.0301666912523971,17.33179409158496,0.0152733171567215,0.0108247532561659,-45.533237836440726,1833400000.0,1307400000.0,-5408600000.0,10481400000.0,1490200000.0,570450000.0,194800000.0,95.0980970644638,81.85263157894737,38.85207756232687,0.946391176881195,1.099537037037037,2.3164784394250515,0.0285431632435106,0.0500850177372564,2018-04-26,0.66,bmo,1335564179.0,2025-04-25,2018-03-31,0.0151515151515151,34.48459016393443,3820420.196721312
2017-12-31,IVZ,USD,914208,2018-02-23,2018-02-23 12:10:39,2017,Q4,1375600000.0,885100000.0,490500000.0,0.3565716778,0,115000000.0,40700000.0,155700000.0,68700000.0,649400000.0,1019700000.0,6400000.0,23600000.0,34600000.0,402500000.0,0.2925995929,344300000.0,0.2502907822,55100000.0,399400000.0,0.2903460308,-23200000.0,408200000.0,0.2967432393,1.0,0.99,410000000,410600000,https://www.sec.gov/Archives/edgar/data/914208/000091420818000255/0000914208-18-000255-index.htm,https://www.sec.gov/Archives/edgar/data/914208/000091420818000255/a201710-k.htm,3.355121951219512,0.995609756097561,0.8748780487804878,0.8041463414634147,6.210487804878049,22.43609756097561,2.5595121951219517,21.21,16.827317073170732,14981400000.0,19339300000.0,9.175281724644782,10.89081128234952,41.76582102035127,45.43949044585988,1.7227722772277227,1.7227722772277227,14.058810700785113,48.047950310559,53.91497072762754,58.65726417955717,0.027247119761838,0.0220072890384076,0.7906532813560102,0.2171095841964331,10.827080745341616,0.2849826217666623,14.58898305084746,0.878735913767761,0.0079365079365079,0.2912787849093581,0.0835998836871183,0.0,0.2573321376244126,0.0808475048787287,0.0210817097993602,0.838150289017341,0.0293690026170398,21.79747384110504,0.0805615654795771,0.0173558849290373,-45.76304878048781,-10512400000.0,1049400000.0,-18280100000.0,-1872300000.0,1463350000.0,611000000.0,61400000.0,101.26635649898226,32.54886453508078,0.0,0.888745315932291,2.7650734145579507,0.0,0.0469405825599981,0.0707317073170731,2018-01-31,0.7,bmo,1319068493.0,2025-04-25,2017-12-31,0.0428571428571429,36.18111111111111,2419561.0634920634
2017-09-30,IVZ,USD,914208,2017-10-26,2017-10-26 14:41:53,2017,Q3,1337700000.0,856800000.0,480900000.0,0.3594976452,0,86600000.0,29500000.0,116100000.0,0.0,589300000.0,972600000.0,2500000.0,23600000.0,29700000.0,451000000.0,0.3371458473,355300000.0,0.2656051432,42400000.0,397700000.0,0.2973013381,123100000.0,267500000.0,0.1999700979,0.65,0.65,411538461,410500000,https://www.sec.gov/Archives/edgar/data/914208/000091420817000473/0000914208-17-000473-index.htm,https://www.sec.gov/Archives/edgar/data/914208/000091420817000473/ivz10q3q2017.htm,3.2504859855613835,0.6500000008504673,0.9471775713327556,0.8917757021013888,5.417962623911353,21.525084140313197,1.7587663574413763,20.20224301708705,15.606074786774304,14420307673.44,18617007673.44,13.47692305928972,10.779926495806237,36.99411922380708,39.292391480762944,1.7344608700312727,1.7344608700312727,13.91717700040368,41.279396171707326,47.76040962914316,50.72754134452317,0.0185502283347736,0.0254502198088295,0.7696535963435169,0.2106807144620956,9.305321507760532,1.1006530872585587,15.055084745762713,1.5021194605009631,0.0082522511096749,0.4448598130841121,0.06473798310533,0.0,0.2678278047575932,0.0584915341200615,0.0170441803094864,0.7676767676767676,0.031696194961501,17.18888607535341,0.0153820727309652,0.0120290135309539,-44.197144917641126,1451800000.0,723800000.0,-5638500000.0,10069400000.0,1465050000.0,845100000.0,120550000.0,92.77192195559542,94.7373949579832,12.899159663865548,0.9701211110305316,0.9499944561481316,6.977198697068404,0.0321746451768102,0.0554018692313669,2017-10-26,0.66,bmo,1243495774.0,2025-04-25,2017-09-30,0.0757575757575756,34.15730158730158,2420725.0793650798
2017-06-30,IVZ,USD,914208,2017-07-27,2017-07-27 14:50:12,2017,Q2,1254400000.0,814400000.0,440000000.0,0.3507653061,0,85900000.0,29100000.0,115000000.0,0.0,569900000.0,932700000.0,1600000.0,23600000.0,26200000.0,389600000.0,0.3105867347,318300000.0,0.2537468112,23900000.0,342200000.0,0.2727997449,92600000.0,239600000.0,0.1910076531,0.58,0.58,397500000,397900000,https://www.sec.gov/Archives/edgar/data/914208/000091420817000424/0000914208-17-000424-index.htm,https://www.sec.gov/Archives/edgar/data/914208/000091420817000424/ivz10q2q2017.htm,3.155723270440252,0.6027672955974843,0.6457861635220126,0.5632704402515724,5.022641509433963,21.38943396226415,2.1026415094339623,20.056603773584907,15.164528301886792,13988025000.0,18018125000.0,14.595184682804671,11.151167889030612,54.49172185430464,62.47443054935239,1.7545343367826902,1.7545343367826902,14.36393893494898,46.24775410677618,70.19137125048695,80.47398392139348,0.0171289370729606,0.0160065484584135,0.753126371903418,0.2125528789139246,10.344199178644764,1.1141794148911586,13.48728813559322,1.1045611015490533,0.0085001277878757,0.4962437395659432,0.0684789540816326,0.0,0.2713949413243181,0.1277756135566809,0.0261479591836734,1.251908396946565,0.0345184948979591,16.492815355425726,0.0152078360501689,0.0116412399183752,-41.5777358490566,1482300000.0,835800000.0,-5281700000.0,9631000000.0,1513450000.0,777500000.0,118150000.0,111.29464285714286,87.11566797642438,13.07342829076621,0.8086642599277978,1.0331092223772675,6.884192730346577,0.0300533082470994,0.0825157232704402,2017-07-27,0.61,bmo,1195600000.0,2025-04-25,2017-06-30,0.0491803278688525,32.596825396825395,2639807.301587302
2017-03-31,IVZ,USD,914208,2017-04-27,2017-04-27 15:58:22,2017,Q1,1192600000.0,814700000.0,377900000.0,0.3168707027,0,78000000.0,24400000.0,102400000.0,0.0,537200000.0,917500000.0,2900000.0,24000000.0,26300000.0,327800000.0,0.2748616468,258600000.0,0.2168371625,31300000.0,289900000.0,0.2430823411,75700000.0,212000000.0,0.177762871,0.52,0.52,395500000,395800000,https://www.sec.gov/Archives/edgar/data/914208/000091420817000360/0000914208-17-000360-index.htm,https://www.sec.gov/Archives/edgar/data/914208/000091420817000360/ivz10q1q2017.htm,3.0154235145385586,0.5360303413400759,0.3198482932996207,0.2513274336283186,4.886725663716814,20.33097345132743,1.1939317319848293,19.37623261694058,16.15802781289507,12114165000.0,16547965000.0,14.285571933962265,10.157777125607916,95.76415019762844,121.87288732394366,1.580802656818864,1.580802656818864,13.875536642629548,50.48189444783405,130.81395256916997,166.47852112676057,0.0175001743826338,0.0082052704416689,0.8307778633225895,0.239352003278331,13.525930445393533,1.1400670185583053,10.775,0.5905695611577965,0.0094765095241809,0.5415094339622641,0.0654033204762703,0.0,0.2845493610638034,0.2142292490118577,0.0227234613449605,1.0304182509505704,0.0412544021465705,15.286941915560671,0.012497756344882,0.0111401877016531,-39.0885587863464,1584200000.0,472200000.0,-5663500000.0,9620800000.0,1346400000.0,520500000.0,117450000.0,111.3642461848063,84.69743463851725,13.035473180311772,0.8081588398726028,1.062605973653319,6.904237288135593,0.027664322158861,0.0685208596713021,2017-04-27,0.56,bmo,1094845901.0,2025-04-25,2017-03-31,0.0892857142857141,31.25483870967742,3278821.870967742
2016-12-31,IVZ,USD,914208,2017-02-23,2017-02-23 12:11:17,2016,Q4,1194700000.0,716300000.0,478400000.0,0.4004352557,0,526300000.0,35200000.0,126700000.0,0.0,212000000.0,884200000.0,3500000.0,23500000.0,25700000.0,356200000.0,0.2981501632,294200000.0,0.2462542898,16800000.0,311000000.0,0.2603163974,92900000.0,226500000.0,0.1895873441,0.55,0.55,408600000,409000000,https://www.sec.gov/Archives/edgar/data/914208/000091420817000328/0000914208-17-000328-index.htm,https://www.sec.gov/Archives/edgar/data/914208/000091420817000328/a201610-k.htm,2.923886441507587,0.5543318649045521,-1.0102790014684289,-1.1238374938815467,5.132403328438571,19.323299069995105,0.8979441997063142,18.364659813999022,15.97895252080274,12396924000.0,16832224000.0,13.683139072847682,10.376599983259396,-30.03130813953488,-26.99678571428571,1.652086143020869,1.652086143020869,14.089080103791748,47.25498034811904,-40.77573643410853,-36.65554006968641,0.0182706613350214,-0.0370414467330766,0.8669607398917881,0.2527949079633019,12.451712521055589,1.152224502420392,12.519148936170213,-1.71571072319202,0.0092038960632492,0.5037527593818985,0.4405290030970118,0.0,0.2925511865486918,-0.1124031007751938,0.0388382020590943,1.8054474708171209,0.0345693479534611,15.134484225377973,0.0132680638124088,0.0124411585382599,-36.148861967694565,1550300000.0,366900000.0,-6104200000.0,9543600000.0,1208550000.0,571300000.0,123850000.0,91.68745291705032,34.46460980036298,14.68797989669133,0.9815955960890642,2.6113744075829386,6.127459366980325,0.0301847064154161,0.1135584924131179,2017-01-26,0.58,bmo,1174450847.0,2025-04-25,2016-12-31,0.0172413793103448,30.753492063492065,3664662.380952381
2016-09-30,IVZ,USD,914208,2016-10-27,2016-10-27 14:21:09,2016,Q3,1201600000.0,707200000.0,494400000.0,0.4114513981,0,83500000.0,26400000.0,109900000.0,78200000.0,188100000.0,882800000.0,2600000.0,23900000.0,25600000.0,372700000.0,0.3101697736,306300000.0,0.2549101198,39400000.0,345700000.0,0.2876997337,89800000.0,241200000.0,0.2007323569,0.58,0.58,400200000,400500000,https://www.sec.gov/Archives/edgar/data/914208/000091420816001159/0000914208-16-001159-index.htm,https://www.sec.gov/Archives/edgar/data/914208/000091420816001159/ivz10q3q2016.htm,3.002498750624688,0.6026986506746627,0.920039980009995,0.8300849575212393,4.805847076461769,20.418040979510245,1.3013493253373314,19.332083958020988,14.885307346326837,12514254000.0,16551154000.0,12.97082711442786,10.41465878828229,33.98765344921239,37.67084286574353,1.6175183217650937,1.6175183217650937,13.774262649800267,44.40878454521062,44.95153177620858,49.8228597230584,0.0192740214478625,0.0265457293738803,0.7668902762159577,0.2458063527179474,10.831499865843842,1.1330418819834254,12.815899581589958,1.438843298163345,0.0092454572202226,0.4796849087893864,0.0694906790945406,0.0,0.3169523194007714,0.0977729494839761,0.0299600532623169,1.40625,0.0327063914780292,16.19126216868661,0.0154098693946117,0.01462953078752,-32.67791104447776,1253800000.0,520800000.0,-5288500000.0,9348900000.0,1550650000.0,898350000.0,65400000.0,89.88015978695073,110.50197963800905,16.645927601809955,1.0013333333333334,0.8144650466428653,5.4067278287461775,0.031176082826011,0.0899550224887556,2016-10-27,0.61,bmo,1221626666.0,2025-04-25,2016-09-30,-0.0163934426229508,29.38265625,3659612.03125
2016-06-30,IVZ,USD,914208,2016-07-28,2016-07-28 15:34:08,2016,Q2,1189400000.0,775900000.0,413500000.0,0.3476542795,0,78600000.0,28300000.0,106900000.0,82300000.0,189200000.0,862500000.0,2500000.0,22100000.0,25200000.0,367500000.0,0.3089793173,301500000.0,0.2534891542,18700000.0,320200000.0,0.2692113671,83700000.0,225500000.0,0.1895913906,0.54,0.54,418900493,419100000,https://www.sec.gov/Archives/edgar/data/914208/000091420816001074/0000914208-16-001074-index.htm,https://www.sec.gov/Archives/edgar/data/914208/000091420816001074/ivz10q2q2016.htm,2.8393377899414407,0.5383140000267319,0.5867741960380075,0.492957166321597,4.068030542995804,19.199547707383577,0.7717823335194786,18.27617806121799,13.426577657429494,10698718591.22,14596918591.22,11.861107085609754,8.995055146477215,43.52611306436127,51.80977526014527,1.397447536046709,1.397447536046709,12.27250596201446,39.71950637066666,59.38534821489015,70.68725710033898,0.0210772905257138,0.0193013769115738,0.7317624315887094,0.2383673434654594,10.60734693877551,1.131083605536559,13.642533936651583,1.039323467230444,0.0109919705801505,0.5215077605321508,0.0660837397006894,0.0,0.3284459723947785,0.1598860862489829,0.0330418698503447,1.5595238095238095,0.0339667059021355,14.878247767799769,0.0155193122668125,0.0142871624618269,-29.434257552902903,1199900000.0,323300000.0,-5106500000.0,9351400000.0,1756050000.0,841650000.0,63650000.0,143.86833697662686,107.68913519783476,0.0,0.6255719770683217,0.8357389056441189,0.0,0.0294544077116994,0.0938170297164104,2016-07-28,0.54,bmo,1146921428.0,2025-04-25,2016-06-30,0.037037037037037,29.6790625,4571573.84375
2016-03-31,IVZ,USD,914208,2016-04-28,2016-04-28 13:23:07,2016,Q1,1148700000.0,762400000.0,386300000.0,0.336293201,0,77900000.0,24900000.0,102800000.0,79900000.0,529900000.0,915800000.0,3200000.0,23900000.0,24700000.0,278300000.0,0.2422738748,274400000.0,0.2388787325,-44700000.0,229700000.0,0.199965178,71900000.0,161000000.0,0.14015844,0.38,0.38,423684210,419100000,https://www.sec.gov/Archives/edgar/data/914208/000091420816000921/0000914208-16-000921-index.htm,https://www.sec.gov/Archives/edgar/data/914208/000091420816000921/ivz10q1q2016.htm,2.71121739467232,0.3800000004720497,-0.1623850933694224,-0.2237515530729833,3.8290310606571816,19.754807477956284,1.690409939988087,18.65540374988249,12.174869580341452,13036763141.7,16548863141.7,20.243421027484477,11.34914524392792,-189.4878363619186,-137.51859854113926,1.64938804930415,1.64938804930415,14.40660149882476,59.46411477434424,-240.5358014781977,-174.56606689556963,0.0123496912730597,-0.0072717436812799,0.6495951417004049,0.2266022896787917,12.619834710743802,1.1559181679673416,11.481171548117157,-0.4359949302915082,0.0086677957382345,0.7018633540372671,0.0678157917646034,0.0,0.3377849961603305,-0.377906976744186,0.0226342822320884,1.0526315789473684,0.033690258553147,12.629477513327164,0.0134073115449782,0.0107300427868786,-26.89349692781801,1340600000.0,716200000.0,-4349700000.0,9423100000.0,1439350000.0,528750000.0,124250000.0,126.2052755288587,89.11463798530954,15.027544596012593,0.7131239135833126,1.0099350907404954,5.989002356637863,0.0203694331983805,0.0613664597035608,2016-04-28,0.54,bmo,1265914285.0,2025-04-25,2016-03-31,-0.0925925925925926,28.852295081967213,4683397.491803279
2015-12-31,IVZ,USD,914208,2016-02-19,2016-02-19 11:33:01,2015,Q4,1239700000.0,725000000.0,514700000.0,0.4151810922,0,552200000.0,34100000.0,129800000.0,-19900000.0,219000000.0,965400000.0,68500000.0,73600000.0,25000000.0,343300000.0,0.2769218359,303600000.0,0.2448979592,-21900000.0,281700000.0,0.2272323949,86900000.0,201900000.0,0.1628619827,0.48,0.48,422900390,423200000,https://www.sec.gov/Archives/edgar/data/914208/000091420816000846/0000914208-16-000846-index.htm,https://www.sec.gov/Archives/edgar/data/914208/000091420816000846/a201510-k.htm,2.93142316563009,0.4774173889979151,1.1773458047650418,1.091273526609895,5.9914818238876535,20.957653881567715,3.152751880886182,18.64576194881258,17.931882257190637,14158705057.2,19453805057.2,17.53182894650817,11.42107369299024,28.436844862823857,30.67975093651137,1.7955822932799004,1.7955822932799004,15.692349001532628,56.667069785027664,39.07171130186784,42.15342374257854,0.0142597786439042,0.0325947887278941,0.9523797445880308,0.2995150200213774,15.42411884648995,1.2491890741042244,4.125,2.4660723130262507,0.0080303954027336,0.563150074294205,0.4454303460514641,0.0,0.3003086961377088,0.0731070496083551,0.0293619424054206,1.456,0.0301685891748003,14.152411355428889,0.012285700673151,0.0115085359249864,-29.947655049455022,1989700000.0,1333300000.0,-6235800000.0,9946300000.0,1456250000.0,592500000.0,123700000.0,92.04726950068566,37.56413793103448,15.04551724137931,0.9777584983042826,2.395902181097158,5.981848184818482,0.0256046060390853,0.0860722781551466,2016-01-28,0.6,bmo,1282448275.0,2025-04-25,2015-12-31,-0.0333333333333333,32.75046875,3478428.875
2015-09-30,IVZ,USD,914208,2015-10-29,2015-10-29 16:17:03,2015,Q3,1273500000.0,808900000.0,464600000.0,0.3648213585,0,87000000.0,24900000.0,111900000.0,79000000.0,190900000.0,932600000.0,2400000.0,20400000.0,22600000.0,384700000.0,0.3020808795,352700000.0,0.2769532784,-11000000.0,341700000.0,0.2683156655,100400000.0,249300000.0,0.1957597173,0.58,0.58,418000000,418300000,https://www.sec.gov/Archives/edgar/data/914208/000091420815000445/0000914208-15-000445-index.htm,https://www.sec.gov/Archives/edgar/data/914208/000091420815000445/ivz10q3q2015.htm,3.0466507177033493,0.5964114832535885,0.2322966507177033,0.1421052631578947,5.989712918660287,21.608133971291867,3.3619617224880383,19.360526315789475,17.654066985645933,13054140000.0,18234940000.0,13.090794223826716,10.25060070671378,134.44016477857878,219.76666666666668,1.613075982057904,1.613075982057904,14.31875932469572,47.40041590850013,187.7954685890834,306.9855218855219,0.0190973897935827,0.004550280600637,0.9093380453989398,0.294805746288388,13.467117234208477,1.2347472399767576,17.28921568627451,0.389490573606097,0.008901390669933,0.466105094263939,0.0683156654888103,0.0,0.3055379734158047,0.388259526261586,0.0296034550451511,1.668141592920354,0.0284255987436199,16.118433697876107,0.0146118602501806,0.0143810606104307,-29.01854066985646,1858400000.0,1405300000.0,-6155000000.0,9901200000.0,1700450000.0,881850000.0,129950000.0,116.226148409894,98.17777228334776,14.041290641612065,0.7743524261218533,0.916704442429737,6.4096671949286845,0.030805540796026,0.0901913875598086,2015-10-29,0.62,bmo,1294377049.0,2025-04-25,2015-09-30,-0.0161290322580645,35.58265625,3366267.71875
2015-06-30,IVZ,USD,914208,2015-07-30,2015-07-30 14:05:37,2015,Q2,1318100000.0,841700000.0,476400000.0,0.3614293301,0,89100000.0,29700000.0,118800000.0,74800000.0,193600000.0,965500000.0,2600000.0,19600000.0,23300000.0,396300000.0,0.300660041,364000000.0,0.2761550717,-10600000.0,353400000.0,0.2681131932,109400000.0,257300000.0,0.1952052196,0.6,0.6,420900293,421200000,https://www.sec.gov/Archives/edgar/data/914208/000091420815000385/0000914208-15-000385-index.htm,https://www.sec.gov/Archives/edgar/data/914208/000091420815000385/ivz10q2q2015.htm,3.1316205332268563,0.6113086739999014,1.2230925199189633,1.1579939669939836,4.994056870376187,21.986679871472557,3.432166772095832,19.786871471719312,16.747909462728742,15779551984.570002,21028651984.57,15.331861625116597,11.97143766373568,30.65181038183761,32.37495277917522,1.8946906312896992,1.8946906312896992,15.95376070447614,53.06245769510472,40.84819732822455,43.14454654199836,0.0163059128834329,0.0308880759400902,0.8440618133352545,0.3069922221300271,13.245268735806208,1.258398500177344,18.571428571428573,2.000777302759425,0.007382972603653,0.4527788573649436,0.0675972991427054,0.0,0.3410558862448304,0.0532245532245532,0.0207874971549958,1.1759656652360515,0.0273120400576587,16.497194871996335,0.0148029532518416,0.0170524962389072,-24.13404117064846,1529900000.0,1444600000.0,-6193500000.0,9749800000.0,1880500000.0,852900000.0,130100000.0,119.92033988316516,94.23428775098016,14.296067482475944,0.7504982064567557,0.9550663792125268,6.295437546746447,0.0308946603748664,0.0650985529249797,2015-07-30,0.62,bmo,1297177777.0,2025-04-25,2015-06-30,0.0161290322580645,40.03825396825397,2648343.73015873
2015-03-31,IVZ,USD,914208,2015-04-30,2015-04-30 15:27:47,2015,Q1,1291600000.0,760000000.0,531600000.0,0.4115825333,0,89900000.0,26700000.0,116600000.0,76900000.0,193500000.0,905200000.0,2500000.0,18700000.0,22700000.0,426700000.0,0.3303654382,338100000.0,0.2617683493,47200000.0,385300000.0,0.298312171,101300000.0,259600000.0,0.2009910189,0.6,0.6,420900000,421200000,https://www.sec.gov/Archives/edgar/data/914208/000091420815000333/0000914208-15-000333-index.htm,https://www.sec.gov/Archives/edgar/data/914208/000091420815000333/ivz10q1q2015.htm,3.068662390116417,0.6167735804229033,-0.1337609883582798,-0.1884057971014492,4.5801853171774765,21.47873604181516,3.1938702779757664,19.189831313851272,16.86623901164172,16705520999.999998,22172221000.0,16.087751348228043,12.933974140600805,-296.7232859680284,-210.66230769230768,2.0682829020675992,2.0682829020675992,17.166476463301333,51.96208343098195,-393.82275310834814,-279.59925598991174,0.0155397727493802,-0.0047469336634277,0.8766002228550205,0.3224004152778537,12.811577220529646,1.2922000740437638,18.08021390374332,-0.1982394366197183,0.0064709146155932,0.4164098613251155,0.0696035924434809,0.0,0.3504407773709997,-0.408525754884547,0.017807370703004,1.013215859030837,0.0315113038092288,16.318856325153455,0.014808245668753,0.0181982600893088,-22.395402708481825,1499600000.0,1344300000.0,-6289100000.0,9588800000.0,1722150000.0,584000000.0,129300000.0,139.68953236296065,97.63815789473684,14.980263157894738,0.6442859280690377,0.9217707701637357,6.007905138339921,0.0321406462795592,0.0546448087431694,2015-04-30,0.6,bmo,1230095238.0,2025-04-25,2015-03-31,0.05,39.05590163934426,3190529.0
2014-12-31,IVZ,USD,914208,2015-02-20,2015-02-20 12:00:39,2014,Q4,1276700000.0,728100000.0,548600000.0,0.4297015744,0,550900000.0,31900000.0,116300000.0,-35400000.0,232600000.0,960700000.0,61300000.0,53900000.0,22000000.0,402500000.0,0.3152659199,348200000.0,0.2727343934,-21600000.0,326600000.0,0.255815775,99700000.0,269800000.0,0.211326075,0.62,0.62,433200000,433600000,https://www.sec.gov/Archives/edgar/data/914208/000091420815000293/0000914208-15-000293-index.htm,https://www.sec.gov/Archives/edgar/data/914208/000091420815000293/a201410-kxbrl.htm,2.9471375807940903,0.6228070175438597,0.4224376731301939,0.3150969529085872,5.133887349953832,21.43421052631579,3.3684210526315788,19.21975992613112,15.651662049861496,17120064000.000002,21928264000.0,15.863661971830986,13.40962168089606,93.55226229508196,125.4217142857143,2.056217151092962,2.056217151092962,17.175737448108404,54.48015900621118,119.82657923497268,160.64662271062272,0.0157592868811705,0.0079731010351363,0.8078789334614461,0.328919315403423,11.94583850931677,1.4465216704407815,6.460111317254174,0.6918714555765595,0.006325910931174,0.4014084507042254,0.431503093913997,0.0,0.3826943765281174,0.2540983606557377,0.0364220255345813,2.113636363636364,0.0263961776454922,16.411262308055743,0.0145269841926405,0.0213721591584217,-17.993882733148663,1695800000.0,1459200000.0,-5671100000.0,9924500000.0,1544700000.0,554950000.0,117850000.0,101.48351217983864,42.45982694684796,16.328800988875155,0.8868435676576827,2.119650655021834,5.511733535200605,0.0324045159740571,0.1073407202216066,2015-01-29,0.62,bmo,1256434920.0,2025-04-25,2014-12-31,0.0161290322580645,39.406875,2719667.53125
2014-09-30,IVZ,USD,914208,2014-10-30,2014-10-30 13:39:03,2014,Q3,1311000000.0,840400000.0,470600000.0,0.358962624,0,114400000.0,26600000.0,141000000.0,76400000.0,217400000.0,967400000.0,56000000.0,55600000.0,21600000.0,424300000.0,0.3236460717,329600000.0,0.2514111365,17500000.0,347100000.0,0.2647597254,94900000.0,256000000.0,0.1952707857,0.59,0.59,423220338,423100000,https://www.sec.gov/Archives/edgar/data/914208/000091420814000403/0000914208-14-000403-index.htm,https://www.sec.gov/Archives/edgar/data/914208/000091420814000403/ivz10q3q2014.htm,3.097677219850432,0.6048858644406641,1.1036804190634146,1.016491792509272,4.5501121451304165,21.966335653746395,3.12910293077645,19.9047617602914,15.01581901765789,16708738944.239998,21416938944.24,16.317127875234373,12.745033519633866,35.77122445780347,38.83946755983264,1.9834449904725728,1.9834449904725728,16.336337867459953,50.47593434890407,45.85086479177906,49.78367955425383,0.0153213238206855,0.0257470058892926,0.7477831459740506,0.3136995169563268,11.096394060806034,1.3615798451646766,5.928057553956834,1.8565182829888711,0.0064995928395564,0.42421875,0.0872616323417238,0.0,0.3970071211593048,0.0789980732177264,0.0281464530892448,1.7083333333333333,0.0261632341723874,16.45911458848364,0.0147189480467568,0.02114182364746,-17.885600762409485,1377800000.0,1324300000.0,-5596100000.0,9717400000.0,1759050000.0,761000000.0,105900000.0,113.25858123569796,82.07520228462637,11.094716801523084,0.7946417747605771,1.096555323590814,8.111969111969112,0.0303890029795467,0.0871886265541425,2014-10-30,0.62,bmo,1270031250.0,2025-04-25,2014-09-30,0.032258064516129,39.329375,2352553.703125
2014-06-30,IVZ,USD,914208,2014-07-31,2014-07-31 08:48:44,2014,Q2,1289900000.0,753500000.0,536400000.0,0.4158461896,0,76100000.0,30200000.0,106300000.0,75300000.0,181600000.0,871600000.0,51100000.0,48500000.0,22400000.0,494500000.0,0.3833630514,354800000.0,0.2750600822,68800000.0,423600000.0,0.3283975502,107000000.0,274500000.0,0.2128071944,0.63,0.63,423700540,424400000,https://www.sec.gov/Archives/edgar/data/914208/000091420814000359/0000914208-14-000359-index.htm,https://www.sec.gov/Archives/edgar/data/914208/000091420814000359/ivz10q2q2014.htm,3.044367137223852,0.6478632290626771,1.8161411831101275,1.749112710595082,4.284157863003903,22.36933660740673,3.067024649059923,20.178638431756543,14.01673927533819,15994695385.0,20396695385.0,14.56711783697632,12.399949906969532,20.785828960363872,21.582371319659966,1.8707902481958432,1.8707902481958432,15.812617555624469,41.247108968655205,26.506426751137106,27.522190507353933,0.0171619398427199,0.0463341115389425,0.6889598465443232,0.2960074373727983,8.901921132457026,1.3401704245532011,7.315463917525773,2.428977272727273,0.0068210114274708,0.3974499089253188,0.0589968214590278,0.0,0.4109852006331817,0.0369070825211176,0.0220172106364834,1.2678571428571428,0.0259710055043026,17.15058167179573,0.0166556954948352,0.0234193036489749,-16.877663172201764,1353300000.0,1299500000.0,-5090000000.0,9886500000.0,2046650000.0,744800000.0,104850000.0,130.3566167919994,90.25082946250828,12.923689449236894,0.6904137451158807,0.9972207517204872,6.963955637707948,0.0321063896978841,0.0670284725150456,2014-07-31,0.59,bmo,,2025-04-25,2014-06-30,0.1016949152542373,36.18,2875513.3492063493
2014-03-31,IVZ,USD,914208,2014-05-01,2014-05-01 15:50:27,2014,Q1,1269500000.0,767500000.0,502000000.0,0.3954312722,0,121600000.0,23400000.0,145000000.0,112700000.0,257700000.0,975600000.0,51200000.0,49000000.0,23400000.0,370200000.0,0.2916108704,244300000.0,0.1924379677,53500000.0,297800000.0,0.2345805435,89000000.0,187800000.0,0.1479322568,0.43,0.43,428139534,424100000,https://www.sec.gov/Archives/edgar/data/914208/000091420814000316/0000914208-14-000316-index.htm,https://www.sec.gov/Archives/edgar/data/914208/000091420814000316/ivz10q1q2014amended.htm,2.965154813290379,0.4386420432736772,-0.511982619199095,-0.5619663238106856,4.75195546879817,21.038468267216828,2.186903861113653,19.338788741709617,14.949331915702045,15841162758.0,20433862758.0,21.087809848242813,12.47826920677432,-72.26807827554744,-65.84024421446384,1.913253228740172,1.913253228740172,16.095992719968493,55.196819983792544,-93.22017681569343,-84.92877289276808,0.011855190358748,-0.0151882790219104,0.7671050883486117,0.3121648653563547,12.405996758508914,1.434464371054154,4.985714285714286,-1.059961315280464,0.0061864145642029,0.5218317358892439,0.0957857424182749,0.0,0.3966863754097797,-0.0976277372262773,0.0168570303269003,0.9145299145299144,0.0287514769594328,13.815322315540945,0.0104632034706979,0.0152991397288842,-17.71595332282489,1727300000.0,936300000.0,-5635900000.0,10140800000.0,1858250000.0,534300000.0,105150000.0,157.7392674281213,86.07166123778501,11.90228013029316,0.570561797752809,1.0456403269754768,7.561576354679803,0.022681981231204,0.0499837046115904,2014-05-01,0.55,bmo,,2025-04-25,2014-03-31,0.0909090909090907,34.65,3727283.295081967
2013-12-31,IVZ,USD,914208,2014-02-21,2014-02-21 11:52:12,2013,Q4,1225100000.0,729600000.0,495500000.0,0.404456779,0,568400000.0,30000000.0,116400000.0,0.0,202200000.0,890500000.0,45700000.0,41700000.0,22400000.0,330100000.0,0.269447392,293300000.0,0.2394090278,45300000.0,338600000.0,0.2763856012,74200000.0,287400000.0,0.2345930944,0.65,0.64,385510204,-16200000,https://www.sec.gov/Archives/edgar/data/914208/000091420814000271/0000914208-14-000271-index.htm,https://www.sec.gov/Archives/edgar/data/914208/000091420814000271/a201310-k.htm,3.177866596755504,0.7455055586544215,0.4936315511897579,0.4386394918874832,5.248369508787373,23.286802545958032,2.1952726314865587,21.77011117454105,15.076124937019824,14032571425.6,17888071425.6,12.206481755045234,11.454225308627867,73.73920875249605,82.98386413719693,1.6720171848533232,1.6720171848533232,14.60131534209452,54.1898558788246,93.99932435943246,105.78398241040804,0.0204809219410555,0.0120505354914143,0.6875461716273861,0.2994369632339586,11.679794001817632,1.3513890378633486,7.03357314148681,0.5768414671112458,0.0071619090294922,0.3496868475991649,0.4639621255407722,0.0,0.4219402713992891,0.1114030478192327,0.0173047098196065,0.9464285714285714,0.0245694229042527,19.109398867985472,0.0147028910853124,0.0258000807935724,-18.40904579532219,1310400000.0,846300000.0,-5253600000.0,9792200000.0,1516200000.0,497450000.0,54400000.0,109.57064729409844,41.274671052631575,13.421052631578949,0.8213878645658733,2.180514046622833,6.705882352941177,0.0342444534470843,0.0549920593022746,2014-01-30,0.57,bmo,,2025-04-25,2013-12-31,0.0175438596491228,33.92140625,4069249.9375
2013-09-30,IVZ,USD,914208,2013-11-06,2013-11-06 07:12:18,2013,Q3,1171800000.0,711200000.0,460600000.0,0.3930704898,0,80100000.0,22600000.0,102700000.0,71900000.0,174600000.0,834600000.0,49000000.0,43200000.0,21800000.0,408000000.0,0.3481822837,286000000.0,0.2440689537,57000000.0,343000000.0,0.2927120669,92900000.0,228100000.0,0.1946577914,0.51,0.51,450000000,448800000,https://www.sec.gov/Archives/edgar/data/914208/000091420813000520/0000914208-13-000520-index.htm,https://www.sec.gov/Archives/edgar/data/914208/000091420813000520/ivz10q3q2013.htm,2.604,0.5068888888888889,0.7428888888888889,0.6835555555555556,3.808444444444445,20.26533333333333,2.116,18.957333331111112,12.075333333333331,14355000000.0,18126200000.0,15.733231039017973,12.250384024577572,42.94047262937481,46.66775032509753,1.6827261220146674,1.6827261220146674,15.46868066222905,44.42696078431373,54.221358061621295,58.92782834850456,0.0158899338209683,0.0214280738418669,0.6319102546809103,0.2872971460548405,9.24313725490196,1.2584702520665374,6.62037037037037,1.3441897868918375,0.0070219435736677,0.4419114423498466,0.0683563748079877,0.0,0.4352706051642817,0.07986838169309,0.0227854582693292,1.224770642201835,0.028673835125448,14.704026205135866,0.0140487467862101,0.0215263818502684,-15.054722222222225,1013100000.0,952200000.0,-4711400000.0,9516700000.0,1598800000.0,330150000.0,0.0,118.34869431643624,83.5587739032621,0.0,0.7604646635083393,1.0770861729516887,0.0,0.0267384067176277,0.0593333333333333,2013-10-31,0.52,bmo,1107883636.0,2025-04-25,2013-09-30,0.0576923076923077,31.91796875,3187498.75
2013-06-30,IVZ,USD,914208,2013-07-31,2013-07-31 11:59:44,2013,Q2,1135500000.0,758700000.0,376800000.0,0.3318361955,0,77300000.0,23800000.0,101100000.0,70400000.0,171500000.0,855900000.0,52800000.0,40600000.0,21900000.0,354300000.0,0.3120211361,273900000.0,0.2412153236,17900000.0,291800000.0,0.2569793043,83500000.0,202600000.0,0.1784236019,0.45,0.45,449100000,450100000,https://www.sec.gov/Archives/edgar/data/914208/000091420813000432/0000914208-13-000432-index.htm,https://www.sec.gov/Archives/edgar/data/914208/000091420813000432/ivz10q2q2013.htm,2.5283901135604543,0.4511244711645513,1.6481852594077042,1.5987530616789134,4.105989757292362,19.49231796927188,1.6562012914718325,18.17969271877088,12.314629258517034,14258925000.0,18472025000.0,17.594922260612044,12.557397622192866,19.263611186165903,19.859227019498608,1.746454161308102,1.746454161308102,16.267745486569794,52.13667795653401,24.95545122939746,25.727054317548745,0.0142086447610882,0.0503544271394933,0.6724110478290158,0.3026639321667604,11.891335026813437,1.4633058284981193,6.746305418719212,3.6337751595483554,0.0070973092291319,0.4995064165844027,0.068075737560546,0.0,0.4416107086544716,0.0299918940826803,0.0195508586525759,1.0136986301369864,0.0316160281814178,13.584157902977092,0.0131091842869239,0.0200031594328818,-14.023769761745712,1589000000.0,743800000.0,-4365900000.0,9928000000.0,1588550000.0,0.0,0.0,131.3104359313078,0.0,0.0,0.685398684131104,0.0,0.0,0.0248147467695511,0.0494321977287909,2013-07-31,0.51,bmo,1158210000.0,2025-04-25,2013-06-30,-0.0196078431372549,31.985625,4046289.6875
2013-03-31,IVZ,USD,914208,2013-04-30,2013-04-30 14:36:41,2013,Q1,1112200000.0,751700000.0,360500000.0,0.3241323503,0,67500000.0,22200000.0,89700000.0,67900000.0,509000000.0,840500000.0,52500000.0,42400000.0,22300000.0,273400000.0,0.2458190973,267000000.0,0.2400647366,21200000.0,288200000.0,0.2591260565,86300000.0,222200000.0,0.1997842115,0.5,0.49,447800725,449000000,https://www.sec.gov/Archives/edgar/data/914208/000091420813000352/0000914208-13-000352-index.htm,https://www.sec.gov/Archives/edgar/data/914208/000091420813000352/ivz10q1q2013.htm,2.4836940583336484,0.4962028589837589,-1.0821777923651197,-1.1225975572058309,4.486147270083138,19.739137313812968,1.4939681037809842,18.30323075068715,12.90373078337468,12704106568.25,16791006568.25,14.293549244205671,11.422501859602589,-26.215655320367315,-25.27174570966779,1.5499995812998708,1.5499995812998708,15.09711074289696,61.41553243690563,-34.64920876650846,-33.401644257509446,0.0174904074368614,-0.0395698821715132,0.6998243088260413,0.309471526072999,14.94842721287491,1.491513566127266,6.297169811320755,-2.4278557114228456,0.0060767752210877,0.3474347434743474,0.0606905232871785,0.0,0.4408103806415064,-0.0373503920759389,0.0162740514295989,0.8116591928251121,0.0301204819277108,14.295020010844135,0.012267951543957,0.0214389780303541,-14.618332741645292,1615900000.0,669000000.0,-4791800000.0,10123300000.0,1302000000.0,143950000.0,22450000.0,123.0318288077684,0.0,0.0,0.7315180215732702,0.0,0.0,0.0271101242038993,0.0404197648407112,2013-04-30,0.47,bmo,1005257692.0,2025-04-25,2013-03-31,0.1063829787234043,27.674166666666668,4034757.616666666
2012-12-31,IVZ,USD,914208,2013-02-22,2013-02-22 13:22:43,2012,Q4,1092900000.0,1297700000.0,-204800000.0,-0.1873913441,0,-2048500000.0,23300000.0,-2025200000.0,285800000.0,-435800000.0,870100000.0,54800000.0,46600000.0,22500000.0,259200000.0,0.2371671699,222800000.0,0.2038612865,-32700000.0,190100000.0,0.1739408912,62100000.0,158700000.0,0.1452099918,0.35,0.35,447800000,447800000,https://www.sec.gov/Archives/edgar/data/914208/000091420813000308/0000914208-13-000308-index.htm,https://www.sec.gov/Archives/edgar/data/914208/000091420813000308/a201210-k.htm,2.4405984814649395,0.3543992853952657,1.1201429209468512,1.051138901295221,3.3211255024564537,20.207682000893257,1.5924519874944172,18.572577043322912,11.460473425636446,11683102000.0,15645202000.0,18.40438248267171,10.690000914996798,23.2916706539075,24.82069683450181,1.404759282416314,1.404759282416314,14.315309726415958,60.35957561728395,31.19059409888357,33.2381601869556,0.0135837211726817,0.0402889575046079,0.6114611388995768,0.2907205414923052,15.28587962962963,1.4403243641725028,4.781115879828326,3.160680529300567,0.0066335122298855,0.4883427851291745,-1.874370939701711,0.0,0.4765440991516315,0.0616028708133971,0.0282734010430963,1.3733333333333333,0.0306523927166254,12.169528779796632,0.0101504719625636,0.0173319499808878,-13.66916033943725,1194600000.0,713100000.0,-4535800000.0,9880100000.0,1072000000.0,1012700000.0,22450000.0,89.23414768048312,19.96686445249287,3.113970871541959,1.008582502768549,4.507467870788468,28.902004454342983,0.0190818584070796,0.0690040196516302,2013-01-31,0.47,bmo,1113795555.0,2025-04-25,2012-12-31,-0.0425531914893616,24.875806451612902,3175260.064516129
2012-09-30,IVZ,USD,914208,2012-11-02,2012-11-02 08:30:44,2012,Q3,1013900000.0,-27500000.0,1041400000.0,1.0271229904,0,66200000.0,26400000.0,92500000.0,732900000.0,825400000.0,825400000.0,71200000.0,54500000.0,21600000.0,216000000.0,0.2130387612,216000000.0,0.2130387612,10000000.0,226000000.0,0.2229016668,74200000.0,170600000.0,0.1682611697,0.38,0.38,451300000,452800000,https://www.sec.gov/Archives/edgar/data/914208/000091420812000541/0000914208-12-000541-index.htm,https://www.sec.gov/Archives/edgar/data/914208/000091420812000541/ivz10q3q2012amended.htm,2.246620873033459,0.3780190560602703,0.1562153777974739,0.0870817637934854,3.981830268114337,20.379791712829604,1.9093729226678484,18.42477287835143,11.510303567471748,11332143000.0,15039443000.0,16.60630568581477,11.176785679061052,160.7396170212766,288.34969465648857,1.362839051845438,1.362839051845438,14.833260676595325,69.62705092592593,213.3254326241135,382.6830279898219,0.0150545223440967,0.0034680113020105,0.6181645440223208,0.2877834387772241,17.163425925925925,1.3066294004961845,3.963302752293578,0.4493307839388145,0.0068654269541074,0.4560375146541617,0.0652924351513956,0.0,0.4666983931470802,0.4425531914893617,0.030772265509419,1.4444444444444444,0.0354078311470559,12.518410169066348,0.0096656397543475,0.017910197054161,-13.452913804564592,976400000.0,861700000.0,-4502900000.0,9642000000.0,1030300000.0,1637800000.0,0.0,94.1276259986192,-5686.363636363636,0.0,0.9561486231610712,-0.0158273381294964,0.0,0.0205168909574148,0.0691336140039884,2012-11-01,0.45,bmo,1086321428.0,2025-04-25,2012-09-30,-0.0666666666666667,23.425873015873016,3791117.253968254
2012-06-30,IVZ,USD,914208,2012-10-31,2012-10-30 18:41:59,2012,Q2,1009000000.0,0.0,1009000000.0,1.0,0,85300000.0,26600000.0,111700000.0,694400000.0,806100000.0,806100000.0,70900000.0,60300000.0,26600000.0,373700000.0,0.3703666997,202900000.0,0.2010901883,83900000.0,286800000.0,0.2842418236,62300000.0,153900000.0,0.1525272547,0.34,0.34,455300000,455300000,https://www.sec.gov/Archives/edgar/data/914208/000091420812000533/0000914208-12-000533-index.htm,https://www.sec.gov/Archives/edgar/data/914208/000091420812000533/ivz10q2q2012amended.htm,2.216121238743685,0.3380188886448495,0.8906215681967933,0.8493301120140566,3.170217439051175,20.028113331869097,1.977597188666813,17.934987920052713,14.213924884691412,10289780000.0,15602180000.0,16.715042235217677,10.197998017839446,25.375536374845872,26.60920610292216,1.2601067868426854,1.2601067868426854,15.463012884043607,41.75054856837035,38.47639950678175,40.346987328678566,0.0149565879931349,0.0375809784077016,0.7851404638859634,0.3444546524184839,14.215681027562216,1.3480383161448968,3.3648424543946933,1.781634446397188,0.0075803369945713,0.50682261208577,0.0845391476709613,0.0,0.4415432307700573,0.0463625154130702,0.0186323092170465,0.706766917293233,0.0366699702675916,11.679178284596391,0.0097909059759466,0.0148059069700322,-16.034592576323302,948300000.0,900400000.0,-5821100000.0,9481300000.0,1139050000.0,1697200000.0,0.0,89.21506442021803,0.0,0.0,1.0087982403519296,0.0,0.0,0.0188468980381591,0.0412914561827366,2012-07-26,0.43,bmo,1029692682.0,2025-04-25,2012-06-30,-0.0465116279069767,23.109841269841272,4932295.698412699
2012-03-31,IVZ,USD,914208,2012-05-02,2012-05-02 14:10:29,2012,Q1,1033700000.0,0.0,1033700000.0,1.0,0,73300000.0,26700000.0,100000000.0,703900000.0,803900000.0,803900000.0,71400000.0,59200000.0,24300000.0,231900000.0,0.2243397504,229800000.0,0.2223082132,-81400000.0,148400000.0,0.1435619619,73600000.0,193900000.0,0.1875786011,0.43,0.43,454300000,455900000,https://www.sec.gov/Archives/edgar/data/914208/000091420812000375/0000914208-12-000375-index.htm,https://www.sec.gov/Archives/edgar/data/914208/000091420812000375/ivz10q1q2012.htm,2.2753686990975126,0.4268104776579353,-0.348448162007484,-0.3889500330178296,3.096412062513757,20.1056570548096,1.8135593220338984,18.032577591899624,14.813779440898085,12116181000.0,17717881000.0,15.62168772563177,11.721177324175292,-76.53936197094126,-68.56921901528014,1.4789898928248824,1.4789898928248824,17.14025442584889,76.40310909874947,-111.92596967782691,-100.27097340124504,0.0160033924881115,-0.0145838032627607,0.8142745538439004,0.3451064182023239,24.155670547649848,1.1896280930508225,3.881756756756757,-2.1163101604278074,0.0045971581309325,0.2872614749871067,0.0709103221437554,0.0,0.4299202251492545,-0.1162349968414403,0.0178001354358131,0.757201646090535,0.0290219599496952,13.15944883901128,0.0070184573279685,0.0175963990453114,-17.235912392692054,639900000.0,823900000.0,-6181000000.0,9262100000.0,1122600000.0,1064450000.0,0.0,111.26148785914675,0.0,0.0,0.8089052351514203,0.0,0.0,0.0236688557408266,0.0405018710103455,2012-04-26,0.44,bmo,1008000000.0,2025-04-25,2012-03-31,0.0,23.97774193548387,3934805.419354839
2011-12-31,IVZ,USD,914208,2012-10-30,2012-10-30 16:42:56,2011,Q4,997100000.0,0.0,997100000.0,1.0,0,764400000.0,21100000.0,785500000.0,0.0,785500000.0,785500000.0,76300000.0,66100000.0,22100000.0,474100000.0,0.4754788888,211600000.0,0.2122154247,174300000.0,385900000.0,0.3870223649,76000000.0,202300000.0,0.2028883763,0.45,0.45,454300000,454300000,https://www.sec.gov/Archives/edgar/data/914208/000091420812000528/0000914208-12-000528-index.htm,https://www.sec.gov/Archives/edgar/data/914208/000091420812000528/a201110-kamended.htm,2.1948051948051948,0.4453004622496148,0.7105436935945411,0.6084085406119304,3.0671362535769315,20.113581333920315,1.9962579793088269,17.871670702179177,15.108298481179837,9126887000.0,14814787000.0,11.278901384083046,9.15343195266272,28.27412329615861,33.02057525325615,1.1241254572551145,1.1241254572551145,14.85787483702738,31.248232440413418,45.894631350681536,53.59908465991317,0.0221652793553815,0.0302841483629631,0.8372356541981254,0.3513516307437845,11.997257962455178,1.289033082302313,3.201210287443268,1.0416263310745402,0.0061247608302809,0.2763222936233316,0.7666232073011734,0.0,0.4254251305111903,0.1437422552664188,0.0465349513589409,2.0995475113122173,-0.045231170394143,13.381364749501408,0.0102441584865527,0.0181985012998929,-17.80877173673784,859700000.0,906900000.0,-6375300000.0,9403200000.0,1046800000.0,1066750000.0,0.0,87.31019957877847,0.0,0.0,1.0308074020469349,0.0,0.0,0.0249165547905556,0.1021351529826106,2012-01-26,0.4,bmo,949619047.0,2025-04-25,2011-12-31,0.0499999999999999,19.115873015873014,5375288.746031746
2011-09-30,IVZ,USD,914208,2011-10-28,2011-10-28 11:53:07,2011,Q3,997800000.0,0.0,997800000.0,1.0,0,756900000.0,13100000.0,770000000.0,0.0,770000000.0,770000000.0,83400000.0,64000000.0,35300000.0,241800000.0,0.2423331329,227800000.0,0.228302265,-85300000.0,142500000.0,0.1428141912,59100000.0,166900000.0,0.1672679896,0.36,0.36,459500000,461000000,https://www.sec.gov/Archives/edgar/data/914208/000091420811000478/0000914208-11-000478-index.htm,https://www.sec.gov/Archives/edgar/data/914208/000091420811000478/ivz10q3q2011.htm,2.1714907508161043,0.3632208922742111,1.0794341675734491,1.036126224156692,3.066158868335147,19.515778019586502,1.755386289445049,17.299455930359088,15.930359085963005,7126845000.0,13269145000.0,10.675322049131216,7.142558628983764,14.368639112903226,14.969218651543793,0.896559987923161,0.896559987923161,13.29840148326318,54.87653019023987,26.752308467741937,27.87049989498005,0.0234184972452747,0.0668037539752864,0.9128077392409204,0.3676194915340108,25.402398676592224,1.2791982526018244,3.559375,5.947242206235012,0.007927771685788,0.3385260635110845,0.7585688514732412,0.0,0.4134655331394583,0.0,0.0,0.0,0.03126879134095,11.890302179712547,0.0079171806723647,0.0144166400331695,-18.534657236126225,869200000.0,806600000.0,-6787900000.0,9305900000.0,1197850000.0,1950750000.0,0.0,101.59049909801564,0.0,0.0,0.8859096155553583,0.0,0.0,0.020996087607402,0.0,2011-10-24,0.4,bmo,950285714.0,2025-04-25,2011-09-30,0.0499999999999999,19.178125,6191411.359375
2011-06-30,IVZ,USD,914208,2011-07-29,2011-07-29 13:39:35,2011,Q2,1070000000.0,0.0,1070000000.0,1.0,0,810900000.0,26100000.0,837000000.0,0.0,837000000.0,837000000.0,82200000.0,62500000.0,32100000.0,299400000.0,0.2798130841,233000000.0,0.2177570093,-28200000.0,204800000.0,0.1914018692,75400000.0,183000000.0,0.1710280374,0.39,0.39,465500000,467400000,https://www.sec.gov/Archives/edgar/data/914208/000095012311070193/0000950123-11-070193-index.htm,https://www.sec.gov/Archives/edgar/data/914208/000095012311070193/g27779e10vq.htm,2.2986036519871105,0.39312567132116,0.5394199785177228,0.4966702470461869,3.4279269602577878,19.75896885069817,1.6940923737916218,17.590332975295382,17.05456498388829,10892700000.0,17525400000.0,14.880737704918031,10.180093457943926,43.37992831541219,47.11375432525952,1.3302761256915354,1.3302761256915354,16.378878504672898,58.53507014028056,69.79450418160096,75.80190311418686,0.0168002423641521,0.021225224232743,0.961909065373765,0.3765801602631529,22.15330661322645,1.3251798133507695,3.728,1.3721311475409836,0.0052236819154112,0.3109289617486339,0.7578504672897196,0.0,0.4020539692860831,0.0792512943050577,0.0185981308411214,0.6199376947040498,0.0504672897196261,12.4736625672937,0.0082864429130478,0.0146325081558242,-19.69935553168636,1094100000.0,788600000.0,-7259100000.0,9785100000.0,1391050000.0,2094950000.0,0.0,106.77196261682244,0.0,0.0,0.8429179139751064,0.0,0.0,0.0223489613228631,0.0427497314715359,2011-07-26,0.43,bmo,1045681818.0,2025-04-25,2011-06-30,0.0232558139534883,24.176190476190477,4207046.444444444
2011-03-31,IVZ,USD,914208,2011-04-29,2011-04-29 10:39:25,2011,Q1,1027300000.0,0.0,1027300000.0,1.0,0,748400000.0,53200000.0,801600000.0,0.0,801600000.0,801600000.0,76300000.0,56200000.0,27900000.0,259000000.0,0.2521172004,225700000.0,0.2197021318,-50800000.0,174900000.0,0.1702521172,75600000.0,177500000.0,0.1727830235,0.38,0.38,469900000,472100000,https://www.sec.gov/Archives/edgar/data/914208/000095012311041513/0000950123-11-041513-index.htm,https://www.sec.gov/Archives/edgar/data/914208/000095012311041513/g26987e10vq.htm,2.186209831879123,0.3777399446690785,-0.2236646094913811,-0.2679293466695041,3.134496701425835,20.03234730793785,2.150670355394765,17.73483719940413,16.34369014683975,12010644000.0,18505644000.0,16.9164,11.69146695220481,-114.2782492863939,-95.39828435266084,1.4412311606028605,1.4412311606028605,18.013865472598074,71.45036293436293,-176.07653663177925,-146.98684670373314,0.0147785580856447,-0.0104823688055361,0.9148147259287704,0.3606530233790317,25.07722007722008,1.3230113055417605,4.016014234875445,-1.0584088620342398,0.0042961892801085,0.2907042253521126,0.7285116324345371,0.0,0.3975003074943468,-0.19790675547098,0.0202472500730069,0.7455197132616488,0.0730069113209383,12.277256187943856,0.0072333184209949,0.0139368718592964,-19.40407533517769,1105700000.0,1010600000.0,-7196600000.0,9784400000.0,1304800000.0,1225900000.0,0.0,132.5250657062202,0.0,0.0,0.6791168110001983,0.0,0.0,0.0212993184218105,0.044264737178123,2011-04-27,0.42,bmo,1052356097.0,2025-04-25,2011-03-31,-0.0238095238095238,25.36193548387097,4633119.5322580645
2010-12-31,IVZ,USD,914208,2011-02-25,2011-02-25 16:03:08,2010,Q4,1028500000.0,0.0,1028500000.0,1.0,0,778500000.0,51300000.0,829800000.0,0.0,829800000.0,829800000.0,68600000.0,52600000.0,31300000.0,296300000.0,0.2880894507,198700000.0,0.1931939718,13700000.0,212400000.0,0.2065143413,55700000.0,175200000.0,0.1703451629,0.37,0.37,469900000,469900000,https://www.sec.gov/Archives/edgar/data/914208/000095012311018684/0000950123-11-018684-index.htm,https://www.sec.gov/Archives/edgar/data/914208/000095012311018684/g26096e10vk.htm,2.1887635667163226,0.372845286231113,0.0078740157480314,-0.0606512023834858,3.5879974462651627,19.92104703128325,2.220685252181315,17.587997446265163,15.394126409874442,11305794000.0,17109694000.0,16.132696917808218,10.992507535245505,3055.62,-396.6945263157895,1.3679783655591315,1.3679783655591315,16.63557997083131,57.74449544380696,4624.241621621622,-600.3401403508772,0.0154964790619747,-0.0025208313542595,0.8688986762819737,0.3512553744111993,19.58791765102936,1.3093888803798437,3.777566539923954,0.0236119974473516,0.0045640315045542,0.2945205479452055,0.7569275644141954,0.0,0.4068362021316663,8.702702702702704,0.0313077297034516,1.0287539936102237,0.0299465240641711,12.146853242585442,0.0085329520156587,0.0144474589129771,-18.24755267078102,1010000000.0,1043500000.0,-6808700000.0,9599800000.0,1348950000.0,720250000.0,0.0,95.98541565386483,0.0,0.0,0.9376424468957972,0.0,0.0,0.0211988480991215,0.0685252181315173,2011-01-27,0.4,bmo,935000000.0,2025-04-25,2010-12-31,0.0999999999999999,22.66203125,4125150.5
2010-09-30,IVZ,USD,914208,2010-11-02,2010-11-02 15:03:19,2010,Q3,953100000.0,0.0,953100000.0,1.0,0,725400000.0,44800000.0,770200000.0,0.0,770200000.0,770200000.0,73700000.0,51700000.0,26300000.0,159900000.0,0.1677683349,182900000.0,0.1919001154,-101000000.0,81900000.0,0.0859301228,54500000.0,154700000.0,0.1623124541,0.32,0.32,476600000,479100000,https://www.sec.gov/Archives/edgar/data/914208/000095012310099389/0000950123-10-099389-index.htm,https://www.sec.gov/Archives/edgar/data/914208/000095012310099389/g25020e10vq.htm,1.9997901804448177,0.324590851867394,0.9208980276961812,0.8753671842215694,17.13953000419639,17.100293747377254,14.280318925723876,17.100293747377254,14.875577003776751,10118218000.0,16174218000.0,16.351354234001292,10.616113734130732,23.05358395989975,24.25267976989453,1.2414991411042946,1.2414991411042946,16.970116462071136,101.15208255159476,36.85171565276829,38.76849952061362,0.0152892535029389,0.0412325569581521,0.863558282208589,0.3529234780864507,37.87367104440276,2.414387883887253,3.537717601547389,16.01824817518248,0.0051985438542636,0.3400129282482224,0.76109537299339,0.0,0.0673954467957075,0.0494417862838915,0.022767810303221,0.8250950570342205,0.0330500472143531,11.175351250832644,0.0040288377528303,0.0083180987202925,-5.082983634074696,6724000000.0,6806000000.0,-314000000.0,8312900000.0,1356350000.0,1466550000.0,0.0,151.18035882908404,0.0,0.0,0.595315427857589,0.0,0.0,0.0189815950920245,0.0455308434746118,2010-10-25,0.35,bmo,855346153.0,2025-04-25,2010-09-30,0.1142857142857144,19.34984375,3315798.609375
2010-06-30,IVZ,USD,914208,2010-08-02,2010-08-02 17:23:19,2010,Q2,787000000.0,0.0,787000000.0,1.0,0,680400000.0,35200000.0,715600000.0,0.0,715600000.0,715600000.0,54900000.0,39700000.0,20800000.0,71400000.0,0.0907242694,71400000.0,0.0907242694,203500000.0,274900000.0,0.3493011436,36700000.0,40800000.0,0.0518424396,0.09,0.09,455000000,457800000,https://www.sec.gov/Archives/edgar/data/914208/000095012310071253/0000950123-10-071253-index.htm,https://www.sec.gov/Archives/edgar/data/914208/000095012310071253/g24022e10vq.htm,1.7296703296703295,0.0896703296703296,0.2496703296703296,0.2052747252747252,1.9112087912087912,19.384835164835163,1.7767032967032967,17.821758241758243,15.032527472527471,7657649999.999999,13902150000.0,46.92187499999999,9.730177890724269,67.40889084507042,81.98768736616701,0.9443512683594568,0.9443512683594568,17.66473951715375,194.7079831932773,122.37808098591547,148.84528907922913,0.0053280053280053,0.0121969533734239,0.838597097016858,0.3597194229762112,87.45798319327731,1.3181981981981985,1.7984886649874054,0.4769101595298068,0.0063857710916534,1.1985294117647058,0.864548919949174,0.0,0.4238120176259925,0.1778169014084507,0.0256670902160101,0.971153846153846,0.0397712833545108,5.996404429237239,0.0038358399660739,0.0037457997466076,-18.418516483516484,883000000.0,808400000.0,-6425800000.0,9126800000.0,1119900000.0,1876000000.0,0.0,127.13214739517154,0.0,0.0,0.7079247998560763,0.0,0.0,0.0050315085893277,0.0443956043956043,2010-07-27,0.27,bmo,787000000.0,2025-04-25,2010-06-30,0.0,20.30063492063492,5619119.063492063
2010-03-31,IVZ,USD,914208,2010-05-04,2010-05-04 14:38:32,2010,Q1,719100000.0,0.0,719100000.0,1.0,0,553900000.0,28300000.0,582200000.0,0.0,582200000.0,582200000.0,54100000.0,12400000.0,18300000.0,316100000.0,0.4395772493,136900000.0,0.19037686,127700000.0,264600000.0,0.3679599499,50100000.0,95000000.0,0.1321095814,0.22,0.21,439000000,442400000,https://www.sec.gov/Archives/edgar/data/914208/000095012310043401/0000950123-10-043401-index.htm,https://www.sec.gov/Archives/edgar/data/914208/000095012310043401/g22628e10vq.htm,1.6380410022779044,0.2164009111617312,-0.4031890660592255,-0.438496583143508,1.7107061503416856,18.225284738041,3.278359908883827,16.635535307517085,1.7268792710706151,9618490000.0,9767190000.0,25.311815789473684,13.375733555833682,-54.34175141242938,-49.966181818181816,1.3170601122826235,1.3170601122826235,13.582519816437213,30.89905093324897,-55.18186440677966,-50.73864935064936,0.0098768101853825,-0.0200135364282751,0.1021087224428317,0.0444093737903105,0.4704207529262891,1.349561289844878,11.040322580645162,-0.8251748251748252,0.0001247597076048,0.0126315789473684,0.770268391044361,0.0,0.3907750945418813,-0.0875706214689265,0.0215547211792518,0.8469945355191257,0.0646641635377555,8.999931247499704,0.0078762153624674,0.0092865940683102,-16.386161731207288,944200000.0,1439200000.0,-5145300000.0,7727000000.0,900250000.0,1052500000.0,0.0,141.188986232791,0.0,0.0,0.637443489052389,0.0,0.0,0.013008352731754,0.0353075170842824,2010-04-28,0.26,bmo,692466666.0,2025-04-25,2010-03-31,0.0384615384615384,20.72213114754098,4683137.967213115
2009-12-31,IVZ,USD,914208,2010-02-26,2010-02-26 14:16:44,2009,Q4,747800000.0,0.0,747800000.0,1.0,0,556900000.0,30400000.0,587300000.0,0.0,587300000.0,587300000.0,2100000.0,15200000.0,24900000.0,222500000.0,0.2975394491,160500000.0,0.2146295801,21900000.0,182400000.0,0.2439154854,48200000.0,110900000.0,0.1483016849,0.25,0.25,434300000,439000000,https://www.sec.gov/Archives/edgar/data/914208/000095012310017949/0000950123-10-017949-index.htm,https://www.sec.gov/Archives/edgar/data/914208/000095012310017949/g21385e10vk.htm,1.7218512548929312,0.2553534423209763,0.526594519917108,0.4892931153580474,2.174533732443012,17.54731752244992,2.3350218742804514,15.917338245452452,1.7520147363573566,10201707000.0,10185407000.0,22.99753606853021,13.642293393955605,44.6073764757324,48.00803294117648,1.4757492513995571,1.4757492513995571,13.620496121957745,45.77711011235955,44.53610406646261,47.93132705882353,0.0108707297710079,0.0208298473971071,0.1078707922868839,0.0683526435433013,-0.0732584269662921,1.3579011486251304,10.55921052631579,1.7041728763040238,0.0043816196642385,0.4030658250676285,0.7447178389943835,0.0,0.6055859059910538,0.0708351552251858,0.0216635464027814,0.6506024096385542,0.0303557100829098,9.563070116609063,0.0137132073407459,0.0257733156708266,-4.236932995625144,822600000.0,1014100000.0,-167800000.0,7650000000.0,739050000.0,914100000.0,0.0,80.92538111794597,0.0,0.0,1.1121356335514574,0.0,0.0,0.0160424713217318,0.0373014045590605,2010-01-28,0.28,bmo,837536000.0,2025-04-25,2009-12-31,-0.1071428571428572,22.57640625,4168798.46875
2009-09-30,IVZ,USD,914208,2009-10-30,2009-10-30 13:00:19,2009,Q3,705800000.0,0.0,705800000.0,1.0,0,526500000.0,27700000.0,554200000.0,0.0,554200000.0,554200000.0,1700000.0,16900000.0,20000000.0,185300000.0,0.2625389629,151600000.0,0.2147917257,-3200000.0,148400000.0,0.2102578634,43700000.0,105200000.0,0.1490507226,0.24,0.24,431600000,437700000,https://www.sec.gov/Archives/edgar/data/914208/000095012309055399/0000950123-09-055399-index.htm,https://www.sec.gov/Archives/edgar/data/914208/000095012309055399/g20661e10vq.htm,1.6353104726598702,0.2437442075996292,0.3767377201112141,0.3623725671918443,2.5440222428174235,17.201575532900833,2.092678405931418,15.585264133456905,2.448563484708063,9823216000.0,9939316000.0,23.344144486692016,13.917846415415132,60.41338253382534,62.80828644501279,1.4603538191657004,1.4603538191657004,14.08234060640408,53.63905018888289,61.12740467404674,63.55061381074169,0.0107093237082438,0.0159214660453358,0.1545951892486546,0.0949715058084313,0.6265515380464112,1.2973714106632193,8.970414201183432,1.553008595988539,0.0044791848209384,0.4182509505703422,0.745962028903372,0.0,0.5955468692920289,0.038130381303813,0.0087843581751204,0.31,0.0342873335222442,9.24518262501658,0.0123065759156724,0.0237546854536422,-4.22410797034291,759100000.0,903200000.0,-213600000.0,7489300000.0,803300000.0,1642800000.0,0.0,102.73873618588836,0.0,0.0,0.8760084398659551,0.0,0.0,0.0156394017780156,0.0143651529193697,2009-10-20,0.24,bmo,705800000.0,2025-04-25,2009-09-30,0.0,19.99421875,4192181.015625
2009-06-30,IVZ,USD,914208,2009-07-31,2009-07-31 10:23:48,2009,Q2,625100000.0,0.0,625100000.0,1.0,0,490800000.0,23900000.0,514700000.0,0.0,514700000.0,514700000.0,1200000.0,16500000.0,16700000.0,97400000.0,0.1558150696,110400000.0,0.1766117421,-46200000.0,64200000.0,0.1027035674,36000000.0,75700000.0,0.1211006239,0.18,0.18,410600000,416800000,https://www.sec.gov/Archives/edgar/data/914208/000095012309028100/0000950123-09-028100-index.htm,https://www.sec.gov/Archives/edgar/data/914208/000095012309028100/g16432e10vq.htm,1.5224062347783731,0.1843643448611787,0.3687286897223575,0.339990258158792,2.35021919142718,17.54213346322455,1.9128105211885047,15.819288845591815,2.572820263029713,7316892000.0,7539092000.0,24.164108322324967,11.705154375299951,48.328216644649935,52.4132664756447,1.1264728885057118,1.1264728885057118,12.060617501199808,77.40340862422998,49.79585204755615,54.0049570200573,0.0103459228317159,0.0190791390661499,0.1600979154478554,0.0983115262441385,2.2813141683778237,1.2689975915621623,6.6909090909090905,5.368794326241135,0.005644473090487,0.5455746367239102,0.785154375299952,0.0,0.6066971713810316,0.0779392338177014,0.0188769796832506,0.7065868263473054,0.0323148296272596,8.100712224503102,0.0057296490788701,0.0181962405653574,-4.406052118850463,647800000.0,785400000.0,-318800000.0,7284300000.0,735000000.0,1415000000.0,0.0,115.31115021596544,0.0,0.0,0.7804969409414408,0.0,0.0,0.0116544015765002,0.0287384315635655,2009-07-27,0.16,bmo,555644444.0,2025-04-25,2009-06-30,0.1249999999999999,16.044761904761906,6425765.015873016
2009-03-31,IVZ,USD,914208,2009-05-08,2009-05-08 10:10:49,2009,Q1,548600000.0,0.0,548600000.0,1.0,0,459900000.0,26900000.0,486800000.0,0.0,486800000.0,486800000.0,4800000.0,15900000.0,16000000.0,-5600000.0,-0.0102078017,61800000.0,0.1126503828,-99300000.0,-37500000.0,-0.0683558148,20300000.0,30700000.0,0.0559606271,0.08,0.08,394100000,399900000,https://www.sec.gov/Archives/edgar/data/914208/000091420809000846/0000914208-09-000846-index.htm,https://www.sec.gov/Archives/edgar/data/914208/000091420809000846/form10q033109.htm,1.3920324790662268,0.0778990104034509,-0.4567368688150215,-0.470185232174575,1.1172291296625223,16.145648312611012,0.810454199441766,14.221517381375286,2.9626998223801064,5462226000.0,6280826000.0,44.480667752443,9.956664236237696,-30.3457,-29.47774419859687,0.9745795493068318,0.9745795493068318,11.448826102807146,-1121.5760714285714,-34.893477777777775,-33.89544522396115,0.0056204192210282,-0.033923898425294,0.2054882509322532,0.1237628550243399,-146.17857142857142,1.1316038728688698,3.8867924528301887,3.114186851211073,0.0071216386872311,1.267100977198697,0.8383157127232956,0.0,0.6494514115004782,-0.0294444444444444,0.0096609551585854,0.33125,0.0432008749544294,4.99263937562125,0.0123594654210458,0.0094111155390699,-5.076313118497843,250100000.0,319400000.0,-792200000.0,6494900000.0,606050000.0,1176500000.0,2450000.0,109.76850164053955,0.0,0.0,0.8199073382155134,0.0,0.0,0.0054775456313451,0.0134483633595534,2009-04-23,0.14,bmo,960050000.0,2025-04-25,2009-03-31,-0.4285714285714286,12.498196721311476,5239693.131147541
2008-12-31,IVZ,USD,914208,2009-02-27,2009-02-27 09:33:53,2008,Q4,634400000.0,0.0,634400000.0,1.0,0,266000000.0,148200000.0,549900000.0,0.0,549900000.0,549900000.0,0.0,0.0,12200000.0,82800000.0,0.130517024,84500000.0,0.1331967213,-78000000.0,6500000.0,0.0102459016,35800000.0,31900000.0,0.0502837327,0.0809,0.0809,386300000,394100000,https://www.sec.gov/Archives/edgar/data/914208/000091420809000511/0000914208-09-000511-index.htm,https://www.sec.gov/Archives/edgar/data/914208/000091420809000511/form10k123108new.htm,1.6422469583225472,0.0825783070152731,0.4082319440849081,0.3704374838208646,1.8348433859694533,17.075330054361896,1.259642764690655,14.728190525498317,3.000776598498576,5578172000.0,6152172000.0,43.71608150470219,8.792831021437578,35.37204819277108,38.98093640810622,0.9804327269531592,0.9804327269531592,9.697622950819673,74.30159420289856,39.01187064045656,42.99211740041929,0.0057187193223873,0.0256535653615557,0.2037437384655945,0.118808228023245,6.932367149758454,1.1309784158980698,0.0,4.943573667711599,0.0069377566701062,1.213166144200627,0.4192938209331652,0.0,0.6261824964896637,0.092580849714648,0.0230138713745271,1.1967213114754098,0.0,5.231171319825592,-0.0479077313947199,0.0087461958160831,-5.286564845974631,275500000.0,486600000.0,-781800000.0,6590400000.0,663150000.0,564250000.0,2450000.0,77.03341740226986,0.0,0.0,1.1683241252302026,0.0,0.0,0.0056068195799279,0.0377944602640434,2009-01-30,0.17,bmo,1348100000.0,2025-04-25,2008-12-31,-0.5294117647058824,13.4865625,4106271.859375
2008-09-30,IVZ,USD,914208,2008-11-07,2008-11-07 16:58:59,2008,Q3,827200000.0,0.0,827200000.0,1.0,0,597200000.0,34800000.0,632000000.0,0.0,632000000.0,632000000.0,8000000.0,18300000.0,16700000.0,220300000.0,0.2663201161,195200000.0,0.2359767892,-9900000.0,185300000.0,0.2240087041,49200000.0,131800000.0,0.1593326886,0.34,0.33,388400000,399300000,https://www.sec.gov/Archives/edgar/data/914208/000091420808000403/0000914208-08-000403-index.htm,https://www.sec.gov/Archives/edgar/data/914208/000091420808000403/form10q110708.htm,2.129763130792997,0.339340885684861,0.6946446961894953,0.6398043254376931,2.54994850669413,18.837023686920706,1.5841915550978374,16.390319258496394,3.450823892893924,8148632000.0,8639032000.0,15.456433990895295,9.850860735009672,30.20249073387695,32.79127565392354,1.2800238768457433,1.2800238768457433,10.443704061895552,39.21485247389923,32.02013343217198,34.76471629778672,0.0161744940745882,0.0304959163697661,0.2076657241595978,0.1149615200660898,2.226055379028597,1.277619653958505,10.666666666666666,1.982365907421014,0.0047615354331868,0.2943854324734446,0.721953578336557,0.0,0.5827209878690378,0.0789473684210526,0.0257495164410058,1.2754491017964071,0.0383220502901354,11.186727524674296,0.0162381386670976,0.027466916744816,-6.707839855818744,741300000.0,615300000.0,-771700000.0,7654000000.0,872000000.0,0.0,0.0,85.22364603481624,0.0,0.0,1.0560449380824717,0.0,0.0,0.0207037386113729,0.0548403707518022,2008-10-29,0.34,bmo,852266666.0,2025-04-25,2008-09-30,-0.0294117647058823,24.0253125,5421254.921875
2008-06-30,IVZ,USD,914208,2008-08-08,2008-08-08 15:12:42,2008,Q2,935600000.0,0.0,935600000.0,1.0,0,657400000.0,38200000.0,695600000.0,0.0,695600000.0,695600000.0,10500000.0,19300000.0,17100000.0,316400000.0,0.3381787088,240000000.0,0.2565198803,40000000.0,280000000.0,0.2992731937,77200000.0,162800000.0,0.1740059855,0.42,0.41,390100000,400700000,https://www.sec.gov/Archives/edgar/data/914208/000091420808000150/0000914208-08-000150-index.htm,https://www.sec.gov/Archives/edgar/data/914208/000091420808000150/form10q063008.htm,2.398359395026916,0.4173288900281979,0.5193540117918483,0.43219687259677,2.24942322481415,19.618302999230966,1.6434247628813126,17.13150474237375,3.4768008203024867,9354598000.0,9997698000.0,14.365168918918918,9.998501496365968,46.17274432379072,55.48397390272835,1.3997602872961246,1.3997602872961246,10.68586789226165,31.598286978508217,49.34697926949654,59.29832740213523,0.0174032064231942,0.0180232223768461,0.2000598533592698,0.1091455300946145,2.032553729456384,1.2279466632060474,12.43523316062176,1.2444717444717446,0.0138541495850489,0.7960687960687961,0.7026507054296708,0.0,0.5724221817677168,0.1678183613030602,0.036340316374519,2.809917355371901,0.0,12.683182440522254,0.0189615999551204,0.0310823453042365,-7.686682901820046,702600000.0,641100000.0,-811700000.0,7922200000.0,1053500000.0,0.0,0.0,92.41449337323644,0.0,0.0,0.9738732174456126,0.0,0.0,0.0243603172228041,0.0871571391950781,2008-07-24,0.4,bmo,912780487.0,2025-04-25,2008-06-30,0.0249999999999998,26.1021875,2185778.609375
2008-03-31,IVZ,USD,914208,2008-05-09,2008-05-09 15:42:31,2008,Q1,910400000.0,0.0,910400000.0,1.0,0,638400000.0,43900000.0,682300000.0,0.0,682300000.0,682300000.0,11500000.0,21500000.0,16600000.0,223300000.0,0.2452768014,228100000.0,0.2505492091,-42900000.0,185200000.0,0.203427065,73800000.0,155200000.0,0.1704745167,0.4,0.39,390000000,400800000,https://www.sec.gov/Archives/edgar/data/914208/000091420808000076/0000914208-08-000076-index.htm,https://www.sec.gov/Archives/edgar/data/914208/000091420808000076/form10q050908.htm,2.3343589743589743,0.3979487179487179,-0.3446153846153846,-0.381025641025641,2.5671794871794877,19.61794871794872,1.6805128205128206,16.84307692307692,3.996153846153846,9500400000.0,10186000000.0,15.3034793814433,10.435413005272409,-70.6875,-63.93270524899058,1.446291560102302,1.446291560102302,11.188488576449911,45.61576354679803,-75.78869047619048,-68.5464333781965,0.0163361542671887,-0.0156414466759294,0.2339848983071489,0.1193202549432122,3.070309001343484,1.2280217333214571,10.609302325581396,-1.2064631956912029,0.0090311986863711,0.5528350515463918,0.7012302284710018,0.0,0.5430818318026908,-0.1056547619047619,0.0155975395430579,1.2241379310344829,0.0,12.28048531315547,0.0144225770099683,0.0263689960412525,-8.639423076923077,768000000.0,655400000.0,-1094200000.0,7950300000.0,1101800000.0,117700000.0,0.0,113.32051845342706,0.0,0.0,0.7942074500567042,0.0,0.0,0.0236268420411642,0.0364102564102564,2008-04-24,0.39,bmo,910400000.0,2025-04-25,2008-03-31,0.0,25.531967213114758,3119518.049180328
2007-12-31,IVZ,USD,914208,2008-02-29,2008-02-29 12:08:44,2007,Q4,1765400000.0,0.0,1765400000.0,1.0,0,295800000.0,157600000.0,882200000.0,666800000.0,1549000000.0,1549000000.0,0.0,0.0,-77800000.0,-651000000.0,-0.3687549564,216400000.0,0.1225784525,269900000.0,486300000.0,0.2754616518,-618000000.0,180200000.0,0.1020731845,0.46,0.46,388000000,388000000,https://www.sec.gov/Archives/edgar/data/914208/000095014408001518/0000950144-08-001518-index.htm,https://www.sec.gov/Archives/edgar/data/914208/000095014408001518/g11915e10vk.htm,4.55,0.4644329896907216,0.5847938144329897,0.5556701030927835,2.911340206185567,19.875773195876288,1.8288659793814432,16.986082474226805,3.2896907216494844,12175440000.0,12499440000.0,16.891564927857935,6.896703296703297,53.65993829881005,56.47235621521336,1.8473947743756256,1.8473947743756256,7.080231109097088,-19.20036866359447,55.08788012340238,57.97513914656772,0.0148002864783531,0.0177077789385845,0.193669772099657,0.0987528239408287,-0.4976958525345622,1.1520228514927628,0.0,1.2591564927857937,0.0117942349516732,0.7968923418423973,0.1675540953891469,0.0,0.5417479033206449,0.0498016747465843,0.0064008156791661,-0.1452442159383033,0.0,13.322919499845456,0.0529286593634755,0.0304237717372952,-8.481507731958763,553500000.0,709600000.0,-1019000000.0,7735700000.0,1268450000.0,1023250000.0,0.0,53.9010989010989,0.0,0.0,1.6697247706422018,0.0,0.0,0.0273419718993718,0.0291237113402061,2008-02-29,,bmo,,2025-04-25,2007-12-31,,33.54359375,2921273.453125
2007-09-30,IVZ,USD,914208,2007-11-09,2007-11-09 15:30:22,2007,Q3,720300000.0,0.0,720300000.0,1.0,0,343100000.0,41300000.0,451300000.0,0.0,451300000.0,451300000.0,0.0,0.0,109700000.0,366200000.0,0.5083992781,256500000.0,0.3561016243,6800000.0,263300000.0,0.3655421352,92700000.0,167000000.0,0.2318478412,0.42,0.41,400000000,410500000,https://www.sec.gov/Archives/edgar/data/914208/000095014407010219/0000950144-07-010219-index.htm,https://www.sec.gov/Archives/edgar/data/914208/000095014407010219/g10481e10vq.htm,1.80075,0.4175,0.8535,0.83175,3.07225,12.5125,-1.1305,12.479,2.858,10760000000.0,10800800000.0,16.107784431137723,14.938220186033597,31.517281780902163,32.341448752629994,2.155621444025964,2.155621444025964,14.994863251423018,29.49426542872747,31.636789689513765,32.46408175533514,0.0155204460966542,0.0309200743494423,0.2290247615994871,0.1071686368621863,0.111414527580557,1.1370567156802174,0.0,2.098340503995083,0.0060966542750929,0.392814371257485,0.4763293072330973,0.0,0.5115821248113394,0.0254833040421792,0.0120783007080383,0.1946308724832214,0.0,10.827031275931551,0.0251018117447124,0.0320531275791251,-8.30925,554600000.0,-452200000.0,-1061200000.0,6161400000.0,1403950000.0,1695600000.0,0.0,184.87296959600167,0.0,0.0,0.4868207623682076,0.0,0.0,0.033456206426797,0.02175,2008-02-05,0.45,bmo,1070686046.0,2025-04-25,2007-09-30,-0.0444444444444444,6.1853968253968254,3141034.9206349207
2007-06-30,IVZ,USD,914208,2007-04-27,2007-04-27 16:35:15,2007,Q2,722500000.0,0.0,722500000.0,1.0,0,0.0,0.0,450800000.0,0.0,450800000.0,450800000.0,0.0,0.0,15900000.0,277900000.0,0.3846366782,262000000.0,0.3626297578,-500000.0,261500000.0,0.3619377163,91400000.0,175500000.0,0.2429065744,0.21,0.21,797800000,797800000,https://www.sec.gov/Archives/edgar/data/914208/000091420807000033/0000914208-07-000033-index.htm,https://www.sec.gov/Archives/edgar/data/914208/000091420807000033/0000914208-07-000033.txt,0.9056154424667836,0.2199799448483329,0.3697668588618701,0.3641263474555026,1.176736024066182,5.869516169466031,-0.8119829531210829,5.861995487590875,1.4324392078215091,5161766000.0,5492566000.0,7.3529430199430195,7.144312802768166,17.49751186440678,17.768557659208263,1.1037197168943913,1.1037197168943913,7.602167474048443,19.76454120187117,18.618867796610168,18.90728399311532,0.0339999914757856,0.0562791881693203,0.2443603395556696,0.113726153631813,1.1903562432529686,1.0951861411958808,0.0,1.725146198830409,0.0321483771251932,0.9455407407407408,0.0,0.0,0.5304666275239583,0.0152542372881355,0.0062283737024221,0.0815217391304347,0.0,5.386486098690118,0.0270911869723622,0.0371963884532236,-4.300545249435949,357700000.0,-647800000.0,-1250400000.0,5845900000.0,1433150000.0,1672700000.0,0.0,165.4629757785467,0.0,0.0,0.5439283294436498,0.0,0.0,0.0375264609660658,0.0056405114063675,2007-06-30,,,,,,,6.043809523809523,2465936.507936508
2007-03-31,IVZ,USD,914208,2007-02-13,2007-02-13 14:02:05,2007,Q1,670700000.0,0.0,670700000.0,1.0,0,0.0,0.0,433500000.0,0.0,433500000.0,433500000.0,0.0,0.0,16300000.0,248400000.0,0.3703593261,232100000.0,0.346056359,600000.0,232700000.0,0.3469509468,81900000.0,155200000.0,0.2314000298,0.18,0.18,831889059,831889059,https://www.sec.gov/Archives/edgar/data/914208/000091420807000008/0000914208-07-000008-index.htm,https://www.sec.gov/Archives/edgar/data/914208/000091420807000008/0000914208-07-000008.txt,0.8062373134300351,0.1865633383693774,0.0605850016354163,0.0459195845728751,1.094617112881154,5.261398683691548,-0.9973685685893844,5.254546808506589,1.5556160836585784,4600346496.27,5115446496.27,7.4103519591978095,6.859022657328166,91.27671619583334,120.42791875052356,1.0524218741466875,1.0524218741466875,7.627026235679142,20.59358492862319,101.49695429107145,133.91221194424085,0.0337365892168856,0.0083037223459087,0.2960514275256222,0.1300759890640077,2.073671497584541,1.0897150197939334,0.0,0.3320158102766798,0.0,0.0,0.0,0.0,0.5233394982309424,0.242063492063492,0.018189950797674,0.7484662576687117,0.0,4.696475313444734,0.024518896924665,0.0327274260891569,-4.216668030490349,342200000.0,-829700000.0,-1415400000.0,5708800000.0,1268800000.0,966900000.0,0.0,206.38139257492173,0.0,0.0,0.4360858257477243,0.0,0.0,0.0355051244509516,0.0146654170625412,2007-03-31,,,,,,,5.984262295081968,2535898.229508197
2006-12-31,IVZ,USD,914208,2007-04-10,2007-04-10 08:02:02,2006,Q4,655300000.0,0.0,655300000.0,1.0,0,0.0,0.0,405000000.0,0.0,405000000.0,405000000.0,0.0,0.0,166200000.0,416500000.0,0.6355867542,250300000.0,0.3819624599,-2100000.0,248200000.0,0.3787578208,85300000.0,163500000.0,0.2495040439,0.21,0.21,790300000,790300000,https://www.sec.gov/Archives/edgar/data/914208/000095014407003246/0000950144-07-003246-index.htm,https://www.sec.gov/Archives/edgar/data/914208/000095014407003246/g06401e20vf.htm,0.8291787928634695,0.2068834619764646,0.3480956598759964,0.3320258129824117,1.169808933316462,9.70340377071998,1.4450208781475389,7.799569783626471,1.6104011135012022,4876151000.0,5359251000.0,7.455888379204893,7.44109720738593,17.725012722646312,18.582892530487804,0.7910692731992213,0.7910692731992213,8.178316801464979,12.867349339735894,19.481101417666306,20.423974847560977,0.033530544890837,0.0538129356535513,0.2064730694354315,0.1040765425031688,1.1599039615846338,1.035339437248772,0.0,-6.113333333333333,0.0129815504072782,0.3871559633027523,0.0,0.0,0.5337204072453694,0.0461650308978553,0.0193804364413245,0.0764139590854392,0.0,6.025449773434557,0.0183631172960534,0.0286746523088794,-3.6513982032139696,126600000.0,1142000000.0,-850900000.0,6851900000.0,1080100000.0,846100000.0,0.0,137.28673889821457,0.0,0.0,0.655562224889956,0.0,0.0,0.0265249837767683,0.0160698468935847,2007-04-10,,bmo,,2025-04-25,2006-12-31,,5.671111111111111,1961180.9523809524
2006-12-31,IVZ,USD,914208,2007-04-10,2007-04-10 08:02:02,2006,Q4,655300000.0,0.0,655300000.0,1.0,0,0.0,0.0,405000000.0,0.0,405000000.0,405000000.0,0.0,0.0,166200000.0,416500000.0,0.6355867542,250300000.0,0.3819624599,-2100000.0,248200000.0,0.3787578208,85300000.0,163500000.0,0.2495040439,0.21,0.21,790300000,790300000,https://www.sec.gov/Archives/edgar/data/914208/000095014407003246/0000950144-07-003246-index.htm,https://www.sec.gov/Archives/edgar/data/914208/000095014407003246/g06401e20vf.htm,0.8291787928634695,0.2068834619764646,0.3480956598759964,0.3320258129824117,1.169808933316462,9.70340377071998,1.4450208781475389,7.799569783626471,1.6104011135012022,4876151000.0,5359251000.0,7.455888379204893,7.44109720738593,17.725012722646312,18.582892530487804,0.7910692731992213,0.7910692731992213,8.178316801464979,12.867349339735894,19.481101417666306,20.423974847560977,0.033530544890837,0.0538129356535513,0.2064730694354315,0.1040765425031688,1.1599039615846338,1.035339437248772,0.0,-6.113333333333333,0.0129815504072782,0.3871559633027523,0.0,0.0,0.5337204072453694,0.0461650308978553,0.0193804364413245,0.0764139590854392,0.0,6.025449773434557,0.0183631172960534,0.0286746523088794,-3.6513982032139696,126600000.0,1142000000.0,-850900000.0,6851900000.0,1080100000.0,846100000.0,0.0,137.28673889821457,0.0,0.0,0.655562224889956,0.0,0.0,0.0265249837767683,0.0160698468935847,2007-02-13,,bmo,,2025-04-25,2006-12-31,,5.671111111111111,1961180.9523809524
2006-09-30,IVZ,USD,914208,2006-07-28,2006-07-28 13:55:07,2006,Q3,587100000.0,0.0,587100000.0,1.0,0,0.0,0.0,430300000.0,0.0,430300000.0,430300000.0,0.0,0.0,80600000.0,237400000.0,0.4043604156,156800000.0,0.2670754556,-6300000.0,150500000.0,0.2563447454,48300000.0,102000000.0,0.1737353091,0.13,0.13,790300000,809600000,https://www.sec.gov/Archives/edgar/data/914208/000091420806000062/0000914208-06-000062-index.htm,https://www.sec.gov/Archives/edgar/data/914208/000091420806000062/0000914208-06-000062.txt,0.7428824497026446,0.1290649120587118,0.3777008730861698,0.3695330887004935,0.9884853852967228,5.173858028596736,-1.040490952802733,5.167784385676326,1.6066050866759458,4330844000.0,4936344000.0,10.614813725490198,7.3766717765287,14.508835934699514,14.82952452044569,1.0604157586738816,1.0604157586738816,8.408012263668882,20.79336141533277,16.537332033487775,16.902856438457484,0.0235519912515897,0.0674330453833017,0.3108885678607282,0.1421374917440025,2.550547598989048,0.9793712048124396,0.0,2.9264411764705884,0.0281021897810218,1.1931980392156862,0.0,0.0,0.5497878628440932,0.0216250079565288,0.0109947198092318,0.3862031829603924,0.0,3.873892337004635,0.0186121308771143,0.0253624089315463,-4.039415411868911,-72700000.0,-822300000.0,-1392500000.0,5001700000.0,1077274000.0,1393445500.0,0.0,177.91517629024017,0.0,0.0,0.5058590384283991,0.0,0.0,0.0249749026713351,0.0081677843856763,2006-09-30,,,,,,,4.921269841269842,910431.746031746
2006-06-30,IVZ,USD,914208,2006-06-23,2006-06-23 16:02:02,2006,Q2,588052000.0,0.0,588052000.0,1.0,0,0.0,0.0,396350000.0,0.0,396350000.0,396350000.0,0.0,0.0,-6226000.0,185474000.0,0.3154040799,191700000.0,0.325991579,-7500000.0,184200000.0,0.3132376048,66800000.0,117100000.0,0.1991320495,0.3,0.29,391616000,401980500,https://www.sec.gov/Archives/edgar/data/914208/000119312506134984/0001193125-06-134984-index.htm,https://www.sec.gov/Archives/edgar/data/914208/000119312506134984/0001193125-06-134984.txt,1.5016036117012583,0.2990174048047067,,,1.4617916530478836,9.7235940308874,-1.606793389442719,9.712103182709592,3.286484719725445,1809265920.0,2609166920.0,3.862651409052092,3.0767107670750207,0.0,0.0,0.4756951108411783,0.4756951108411783,4.436966322706155,14.067561598930308,0.0,0.0,0.0647223819923607,,0.338390630525462,0.1625710642099115,4.312739251862795,0.9811424719841324,0.0,0.0,,,0.0,0.0,0.5604751879045835,0.0,,0.0,,8.08343847010729,0.0231594230760639,0.0336530710367186,-7.126744055401209,-55647000.0,-629246000.0,-1213599000.0,4557582000.0,1130034500.0,2092020000.0,0.0,152.12144504227518,0.0,0.0,0.5916325602546612,0.0,0.0,0.0307881206757611,,2006-07-28,,bmo,,2025-04-25,2006-06-30,,4.895079365079365,1446996.825396825
2006-03-31,IVZ,USD,914208,2006-06-22,2006-06-21 18:10:20,2006,Q1,584119000.0,253360000.0,330759000.0,0.566252767,0,107960000.0,36163000.0,144123000.0,0.0,144123000.0,397483000.0,0.0,0.0,0.0,186636000.0,0.3195170847,186636000.0,0.3195170847,-14939000.0,171697000.0,0.2939418167,63430000.0,107571000.0,0.1841593922,0.14,0.13,790848000,827469231,https://www.sec.gov/Archives/edgar/data/914208/000119312506133447/0001193125-06-133447-index.htm,https://www.sec.gov/Archives/edgar/data/914208/000119312506133447/0001193125-06-133447.txt,0.7385983147204014,0.1360198167030832,,,2.3442393481427533,1.2205796815570122,-4.232621186372096,1.2153764060856196,1.103935269482884,3732802560.0,4112314560.0,8.675206514766991,6.390483035134964,0.0,0.0,3.883570535322281,3.883570535322281,7.040199959254878,22.03387642255513,0.0,0.0,0.0288177577760769,,0.9083073062429644,0.1788799373850043,2.0334340641676847,0.9455216894703874,0.0,0.0,0.0404661016949152,1.4042071562038096,0.1848253523682674,0.0,0.8836281046260516,0.0,,0.0,,1.9286248234358352,0.0744481328079957,0.1893965670540718,-1.4058317780407863,-179769000.0,-3347360000.0,-795269000.0,4310757000.0,959538000.0,1718574500.0,8544500.0,195.0816357625758,1037.5608225449953,0.0,0.4613453216556711,0.0867419027823759,0.0,0.111915794993227,,2006-06-21,,bmo,,2025-04-25,2006-03-31,,4.617258064516129,1823767.741935484
2005-12-31,IVZ,USD,914208,2006-04-11,2006-04-11 12:24:19,2005,Q4,614198000.0,0.0,614198000.0,1.0,0,0.0,0.0,0.0,551329000.0,551329000.0,551329000.0,0.0,0.0,36685000.0,175244000.0,0.2853216715,62869000.0,0.1023594997,-32361000.0,30508000.0,0.0496712786,27683000.0,2540000.0,0.0041354742,0.0032,0.0032,794052000,794052000,https://www.sec.gov/Archives/edgar/data/914208/000095012906003850/0000950129-06-003850-index.htm,https://www.sec.gov/Archives/edgar/data/914208/000095012906003850/0000950129-06-003850.txt,0.7734984610579659,0.0031987829512424,0.0216874965367507,0.0035022895226005,0.989927611793686,4.554239520837426,-0.8769148619989623,4.550092437271111,1.5392392437774856,3057100200.0,3524582200.0,300.895688976378,4.977385468529692,177.521642181058,1099.2809061488674,0.8461366561398944,0.8461366561398944,5.738511359529012,20.112427244299376,204.66768480343765,1267.3794318590435,0.0008308527146084,0.0009096855902858,0.3382874666829042,0.1612953288284935,2.667606308917852,1.0792423307449115,0.0,0.273918783502203,0.0202214503796767,24.338188976377957,0.0,0.0,0.5691251932662833,0.8385111201440102,0.023510333801152,0.3936213711326155,0.0,0.5722604805381066,0.0011456198608751,0.0007779457882045,-3.3713286409454293,199941000.0,-696316000.0,-1238225000.0,4692604000.0,845338000.0,1593714000.0,8544500.0,95.67916209430835,0.0,0.0,0.9406436890750512,0.0,0.0,0.0007030149376835,0.0181852070141502,2006-04-11,,bmo,,2025-04-25,2005-12-31,,3.4166666666666665,1025853.9682539684
2005-09-30,IVZ,USD,914208,2005-08-02,2005-08-02 09:18:00,2005,Q3,533687000.0,420896000.0,112791000.0,0.2113429782,0,0.0,0.0,423100000.0,0.0,2204000.0,420896000.0,0.0,0.0,18033000.0,131133000.0,0.2457114376,113100000.0,0.2119219692,6000000.0,119100000.0,0.223164514,43816000.0,74900000.0,0.1403444341,0.0944,0.0928,794100000,807500000,https://www.sec.gov/Archives/edgar/data/914208/000091420805000184/0000914208-05-000184-index.htm,https://www.sec.gov/Archives/edgar/data/914208/000091420805000184/0000914208-05-000184.txt,0.6720652310792091,0.0943206145321747,0.324522100491122,0.3176703185996726,2.389571842337237,4.613566301473366,-0.8358682785543382,4.609580657347941,1.4520929353985643,2588766000.0,3024009000.0,8.640740987983978,4.850719616554272,10.045540796963946,10.262211510255211,0.7072226830011901,0.7072226830011901,5.666259436711031,23.060625471849196,11.734473405431835,11.987572444521966,0.0289327038442254,0.0974448830060345,0.3150162766072535,0.1487690919283162,3.319095879755668,1.0988919288031125,0.0,2.3597879237404538,7.339404179443024e-06,0.0002536715620827,0.0,0.0,0.5583027189447535,0.0211134523075012,0.0101951143647868,0.3124856420859178,0.0,3.127701361635313,0.0140734975735986,0.021877626081869,-1.777486777483944,264153000.0,-663763000.0,-1152071000.0,4781217000.0,1033858500.0,2466393500.0,0.0,174.99937229124936,571.1660837831673,0.0,0.514287558987435,0.1575723814059079,0.0,0.0204618644391919,0.0068517818914494,2005-09-30,,,,,,,3.44828125,1227393.75
2005-06-30,IVZ,USD,914208,2005-04-26,2005-04-26 12:42:31,2005,Q2,528582000.0,399207000.0,129375000.0,0.2447586183,0,0.0,0.0,413879000.0,-1789000.0,-1789000.0,397418000.0,0.0,0.0,21101000.0,132665000.0,0.2509828182,111564000.0,0.2110628058,0.0,111564000.0,0.2110628058,39919000.0,71269000.0,0.1348305466,0.09,0.09,793822000,801164000,https://www.sec.gov/Archives/edgar/data/914208/000091420805000126/0000914208-05-000126-index.htm,https://www.sec.gov/Archives/edgar/data/914208/000091420805000126/0000914208-05-000126.txt,0.6658696785929339,0.0897795727505662,0.2138250136680515,0.2068410802421701,1.869112974949044,4.410089415511286,-0.9654494332482596,4.406535722114025,1.4661838548188384,2389404220.0,3124631220.0,8.381639352313067,4.5204040621890265,14.076931170797517,14.552234964523889,0.6830762734758813,0.6830762734758813,5.911346243345403,23.552792522519127,18.4084460259575,19.030002253418196,0.0298271005815834,0.0687179668578638,0.3327293700266294,0.1628938358536933,5.541981683186974,1.1114580049423897,0.0,1.386563957620265,0.0624584717607973,2.0940175391825337,0.0,0.0,0.597225334310603,0.0326619103447057,0.010488438879871,0.2872538860103626,0.0,2.983518078533104,0.0146710766925952,0.0247646164366806,-1.7485166699839512,252080000.0,-766395000.0,-1130512000.0,4720714000.0,1529795000.0,2269352000.0,0.0,175.37418981350103,509.8841202684322,0.0,0.5131884007316533,0.1765106941408939,0.0,0.0203741847138583,0.0069839334258813,2005-08-02,,bmo,,2025-04-25,2005-06-30,,3.0221875,270387.5
2005-03-31,IVZ,USD,914208,2005-02-01,2005-02-01 11:31:22,2005,Q1,540453000.0,410385000.0,130068000.0,0.2406647757,0,0.0,0.0,0.0,1000.0,1000.0,410386000.0,0.0,0.0,21066000.0,151133000.0,0.2796413379,130067000.0,0.2406629254,-18427000.0,111640000.0,0.2065674536,39894000.0,71599000.0,0.1324796051,0.0902,0.0894,793434000,800668000,https://www.sec.gov/Archives/edgar/data/914208/000091420805000011/0000914208-05-000011-index.htm,https://www.sec.gov/Archives/edgar/data/914208/000091420805000011/0000914208-05-000011.txt,0.6811568448037266,0.0902393897917155,0.0308103761623525,0.0147359452708101,0.7603694825278473,4.646820025358127,-0.9854972184201836,4.643516663011669,1.635134113234371,2515185780.0,3354106780.0,8.78219591055741,4.653847383583772,102.88741634623253,215.12023434827236,0.6826722568373464,0.6826722568373464,6.2061026213195225,22.193080134715785,137.20472797185633,286.87194491960315,0.0284666844768818,0.0046485631769117,0.3521327114553443,0.1731823984870029,5.5508790270821065,1.116909726611649,0.0,0.1879492876748137,0.0593059936908517,2.0833474210533667,0.0,0.0,0.5965371289256578,0.5217213450053179,0.0235987218129976,0.6054305515997341,0.0,3.070526417172031,0.0160305334609358,0.0236887937206615,-2.116007758679361,275592000.0,-781927000.0,-1171513000.0,4962384000.0,1376800500.0,2247953500.0,135327500.0,337.9821372071208,499.3702255199386,0.0,0.266286262178544,0.1802270047364018,0.0,0.0194334157365096,0.0160744308915423,2005-03-31,,,,,,,3.2824590163934424,366780.3278688525
2004-12-31,IVZ,USD,914208,2005-06-29,2005-06-29 12:50:55,2004,Q4,666039000.0,498846000.0,167193000.0,0.2510258408,0,0.0,0.0,0.0,121604000.0,121604000.0,620450000.0,0.0,0.0,121991000.0,167580000.0,0.2516068879,45589000.0,0.0684479437,-20808000.0,24781000.0,0.0372065299,45000000.0,17125000.0,0.0257117076,0.0213,0.0213,804260000,804260000,https://www.sec.gov/Archives/edgar/data/914208/000091420805000161/0000914208-05-000161-index.htm,https://www.sec.gov/Archives/edgar/data/914208/000091420805000161/form20f-2004.txt,0.8281389103026384,0.021292865491259,-0.1116330539875164,-0.1928008355506925,0.8807214084997389,4.443584164324969,-1.0472819734911596,4.4404520926068685,1.7273680153184294,2525376400.0,3368271400.0,36.86680875912409,3.791634423810017,-28.127869728898887,-16.286236473152673,0.7071352048202353,0.7071352048202353,5.057168424071263,20.09948323188925,-37.51611013343432,-21.722094388051232,0.0067811673539041,-0.0614015399842969,0.3890072405452613,0.1854687098240998,5.029806659505907,0.9777959944573208,0.0,-1.969378578165785,0.0177858635251362,2.622832116788321,0.0,0.0,0.5895581308479089,-0.7270945178320821,0.0980122785602645,0.5351214433851678,0.0,1.4585519721236542,-0.00765204513599,0.0055701671928373,-3.1457976898018054,-53360000.0,-842287000.0,-1566891000.0,4647244000.0,1216928000.0,1109431000.0,135327500.0,97.83305482111408,400.3190964746635,48.83060102717072,0.9199344757716432,0.224820651306841,1.84310653784338,0.0047952021657233,0.081167781563176,2005-06-29,,bmo,,2025-04-25,2004-12-31,,2.9484375,371437.5
2004-12-31,IVZ,USD,914208,2005-06-29,2005-06-29 12:50:55,2004,Q4,666039000.0,498846000.0,167193000.0,0.2510258408,0,0.0,0.0,0.0,121604000.0,121604000.0,620450000.0,0.0,0.0,121991000.0,167580000.0,0.2516068879,45589000.0,0.0684479437,-20808000.0,24781000.0,0.0372065299,45000000.0,17125000.0,0.0257117076,0.0213,0.0213,804260000,804260000,https://www.sec.gov/Archives/edgar/data/914208/000091420805000161/0000914208-05-000161-index.htm,https://www.sec.gov/Archives/edgar/data/914208/000091420805000161/form20f-2004.txt,0.8281389103026384,0.021292865491259,-0.1116330539875164,-0.1928008355506925,0.8807214084997389,4.443584164324969,-1.0472819734911596,4.4404520926068685,1.7273680153184294,2525376400.0,3368271400.0,36.86680875912409,3.791634423810017,-28.127869728898887,-16.286236473152673,0.7071352048202353,0.7071352048202353,5.057168424071263,20.09948323188925,-37.51611013343432,-21.722094388051232,0.0067811673539041,-0.0614015399842969,0.3890072405452613,0.1854687098240998,5.029806659505907,0.9777959944573208,0.0,-1.969378578165785,0.0177858635251362,2.622832116788321,0.0,0.0,0.5895581308479089,-0.7270945178320821,0.0980122785602645,0.5351214433851678,0.0,1.4585519721236542,-0.00765204513599,0.0055701671928373,-3.1457976898018054,-53360000.0,-842287000.0,-1566891000.0,4647244000.0,1216928000.0,1109431000.0,135327500.0,97.83305482111408,400.3190964746635,48.83060102717072,0.9199344757716432,0.224820651306841,1.84310653784338,0.0047952021657233,0.081167781563176,2005-02-01,,bmo,,2025-04-25,2004-12-31,,2.9484375,371437.5
2004-09-30,IVZ,USD,914208,2004-07-29,2004-07-29 11:03:43,2004,Q3,509086000.0,415780000.0,93306000.0,0.1832814102,0,0.0,0.0,0.0,-261761000.0,-261761000.0,117240000.0,0.0,0.0,88783000.0,-322011000.0,-0.6325277065,-322011000.0,-0.6325277065,-12019000.0,-334030000.0,-0.6561366842,-65839000.0,-269023000.0,-0.5284431314,-0.34,-0.34,804260000,806180000,https://www.sec.gov/Archives/edgar/data/914208/000091420804000169/0000914208-04-000169-index.htm,https://www.sec.gov/Archives/edgar/data/914208/000091420804000169/0000914208-04-000169.txt,0.6329868450501082,-0.3344975505433566,0.2776067440877328,0.256082610101211,0.8956581205082933,4.184000198940641,-1.1046440205903565,4.184000198940641,1.5149852037898193,2211715000.0,2858425000.0,-2.055321478089234,4.344482071791407,9.906099396241288,10.738722160450967,0.6572657431269435,0.6572657431269435,5.6148175357405234,-8.876793028809574,12.80266316713546,13.878746534470787,-0.1216354729248569,0.0931209491277131,0.3620901366528143,0.1710116356606479,-2.008347540922515,0.8606757012804643,0.0,-0.5691880578294333,0.0001302156923473,-0.001070540437063,0.0,0.0,0.5969825290351158,0.0775346220685454,0.0340040778964654,0.1949810211414347,0.0,,-0.0549693922415287,-0.093688511287978,-2.1848087061398056,-393394000.0,-888421000.0,-1329692000.0,4140800000.0,1694152000.0,0.0,0.0,302.27979162656214,0.0,0.0,0.2977374025425637,0.0,0.0,-0.0799468295025533,0.0215241339865217,2004-09-30,,,,,,,2.79046875,500125.0
2004-06-30,IVZ,USD,914208,2004-04-27,2004-04-27 08:18:19,2004,Q2,524984000.0,385740000.0,139244000.0,0.26523475,0,0.0,0.0,0.0,69875000.0,69875000.0,455615000.0,0.0,0.0,88939000.0,158308000.0,0.3015482377,69369000.0,0.1321354556,-16338000.0,53031000.0,0.1010145071,43043000.0,9988000.0,0.0190253417,0.0124,0.0123,804416000,812040000,https://www.sec.gov/Archives/edgar/data/914208/000091420804000102/0000914208-04-000102-index.htm,https://www.sec.gov/Archives/edgar/data/914208/000091420804000102/0000914208-04-000102.txt,0.6526274962208608,0.0124164611345373,0.1721000079560824,0.1683071942875328,0.7238294613732198,4.698324001511656,-0.6912418450155143,4.698324001511656,1.560788199140743,2799367680.0,3597497680.0,70.06827392871446,5.332291422214772,20.220800924588268,20.6764780004284,0.7406896584570013,0.7406896584570013,6.852585374030447,22.72467392677565,25.98596995088125,26.571565489072228,0.0035679486018785,0.0483641362895209,0.3322010569382975,0.1782449715395341,5.04162771306567,0.9907191090905664,0.0,2.023562428742655,0.0683908045977011,19.168102523027635,0.0,0.0,0.6154986380942349,0.0220384281999422,0.0058116056870304,0.0343044108883616,0.0,1.145675582636836,0.0025314970801501,0.0036878501436112,-1.7693553459901346,-21178000.0,-556046000.0,-1003684000.0,4603582000.0,1725182500.0,0.0,0.0,287.7439121954193,0.0,0.0,0.312778120354731,0.0,0.0,0.0026427426313175,0.0037928136685496,2004-07-29,,bmo,,2025-04-25,2004-06-30,,3.472258064516129,341780.6451612903
2004-03-31,IVZ,USD,914208,2004-02-03,2004-02-03 12:01:31,2004,Q1,531282000.0,392459000.0,138823000.0,0.261298143,0,0.0,0.0,0.0,69266000.0,69266000.0,461725000.0,0.0,0.0,90254000.0,159811000.0,0.300802587,69557000.0,0.1309229373,-6241000.0,63316000.0,0.1191758802,46403000.0,16758000.0,0.0315425706,0.0209,0.0207,802354000,811458000,https://www.sec.gov/Archives/edgar/data/914208/000091420804000025/0000914208-04-000025-index.htm,https://www.sec.gov/Archives/edgar/data/914208/000091420804000025/0000914208-04-000025.txt,0.6621541115268323,0.020886042819005,-0.0720330427716444,-0.0901534734045072,0.750172617074259,5.21495998025809,-0.3497608287613696,5.21495998025809,1.6327680799248212,3040921660.0,3887914660.0,45.36522347535506,5.723743059241608,-52.61474254273652,-42.03942296260455,0.7267553374038417,0.7267553374038417,7.317986794207219,24.328204316348685,-67.2696148522389,-53.74873380797678,0.005510829239843,-0.0237871961489465,0.3130931178965662,0.1731176110298786,5.299966835824818,1.2268344402760027,0.0,-0.8309156519113821,0.0,0.0,0.0,0.0,0.5900110275000346,-0.2515572011903938,0.0273658810198726,0.161089813193875,0.0,1.5654702943713232,0.0032987092998532,0.0054013303169083,-1.8101293194774373,438904000.0,-280632000.0,-1009388000.0,5211872000.0,1529289000.0,47801500.0,0.0,300.1643195139305,0.0,0.0,0.2998357704398079,0.0,0.0,0.004005024563577,0.0181204306328628,2004-03-31,,,,,,,3.9537096774193543,389090.3225806452
2003-12-31,IVZ,USD,914208,2004-04-29,2004-04-29 14:42:55,2003,Q4,640530000.0,454105000.0,186425000.0,0.2910480383,0,0.0,0.0,0.0,127809000.0,127809000.0,581914000.0,0.0,0.0,81927000.0,140543000.0,0.219416733,58616000.0,0.0915117169,-17158000.0,41458000.0,0.064724525,37294000.0,4165000.0,0.0065024277,0.0052,0.0052,802944000,802944000,https://www.sec.gov/Archives/edgar/data/914208/000091420804000106/0000914208-04-000106-index.htm,https://www.sec.gov/Archives/edgar/data/914208/000091420804000106/form20f-2003.txt,0.7977268651362984,0.0051871612466124,0.1151001813326956,0.0791649230830543,0.8736935577076359,4.958004543280727,-0.3987936892236569,4.958004543280727,1.6214767156862746,2962863360.0,3696425360.0,177.84293877551022,4.625643389068427,32.05902855473441,46.61155289860773,0.7442510324039187,0.7442510324039187,5.770885610353925,26.301027870473806,39.99637909953581,58.15189742782978,0.0014057347551795,0.0214539086945946,0.3270422004521477,0.177613076048308,5.219484428253275,1.2120031074853623,0.0,1.5766855466084346,0.0264683147588689,18.828811524609844,0.0,0.0,0.5867721704795228,0.3122085285493243,0.0450470703948292,0.352191585191695,0.0,0.7606933042411195,0.0010859533921059,0.0013750054059336,-2.0957376853180296,404701000.0,-320209000.0,-1035648000.0,5010154000.0,1474998500.0,1010272500.0,0.0,180.78797246030632,18.9477543739884,0.0,0.4978207276469144,4.749903245714046,0.0,0.0010462195428284,0.0359352582496413,2004-04-29,,bmo,,2025-04-25,2003-12-31,,3.71140625,484218.75
2003-12-31,IVZ,USD,914208,2004-04-29,2004-04-29 14:42:55,2003,Q4,640530000.0,454105000.0,186425000.0,0.2910480383,0,0.0,0.0,0.0,127809000.0,127809000.0,581914000.0,0.0,0.0,81927000.0,140543000.0,0.219416733,58616000.0,0.0915117169,-17158000.0,41458000.0,0.064724525,37294000.0,4165000.0,0.0065024277,0.0052,0.0052,802944000,802944000,https://www.sec.gov/Archives/edgar/data/914208/000091420804000106/0000914208-04-000106-index.htm,https://www.sec.gov/Archives/edgar/data/914208/000091420804000106/form20f-2003.txt,0.7977268651362984,0.0051871612466124,0.1151001813326956,0.0791649230830543,0.8736935577076359,4.958004543280727,-0.3987936892236569,4.958004543280727,1.6214767156862746,2962863360.0,3696425360.0,177.84293877551022,4.625643389068427,32.05902855473441,46.61155289860773,0.7442510324039187,0.7442510324039187,5.770885610353925,26.301027870473806,39.99637909953581,58.15189742782978,0.0014057347551795,0.0214539086945946,0.3270422004521477,0.177613076048308,5.219484428253275,1.2120031074853623,0.0,1.5766855466084346,0.0264683147588689,18.828811524609844,0.0,0.0,0.5867721704795228,0.3122085285493243,0.0450470703948292,0.352191585191695,0.0,0.7606933042411195,0.0010859533921059,0.0013750054059336,-2.0957376853180296,404701000.0,-320209000.0,-1035648000.0,5010154000.0,1474998500.0,1010272500.0,0.0,180.78797246030632,18.9477543739884,0.0,0.4978207276469144,4.749903245714046,0.0,0.0010462195428284,0.0359352582496413,2004-02-03,,bmo,,2025-04-25,2003-12-31,,3.71140625,484218.75
2003-09-30,IVZ,USD,914208,2003-08-01,2003-08-01 13:24:42,2003,Q3,505919000.0,360575000.0,145344000.0,0.2872870954,0,0.0,0.0,0.0,61682000.0,61682000.0,422257000.0,0.0,0.0,92771000.0,176433000.0,0.3487376438,83662000.0,0.1653663926,-16985000.0,66677000.0,0.1317938247,39157000.0,27519000.0,0.0543940828,0.0343,0.0338,802944000,813128000,https://www.sec.gov/Archives/edgar/data/914208/000091420803000105/0000914208-03-000105-index.htm,https://www.sec.gov/Archives/edgar/data/914208/000091420803000105/0000914208-03-000105.txt,0.6300800553961422,0.0342726267336202,0.0905567511557468,0.0781847800095648,0.7478466742388012,4.659818119320899,-0.3682510860035071,4.659818119320899,1.4675020923003348,3051187200.0,3747488200.0,27.71891420473128,6.030979662752338,41.96263615359225,48.60280990155787,0.8154824722115537,0.8154824722115537,7.407288913837986,21.240290648574813,51.53878589503796,59.69429099366019,0.0090191122983211,0.0205749421077802,0.3149269037380802,0.1683143538623587,3.946546281024525,1.169168404558493,0.0,0.869365599368708,0.0001337184424475,0.0148261201351793,0.0,0.0,0.5766916612315129,0.1366211904499945,0.0196355543081007,0.1070808765670306,0.0,1.895611948323292,0.0068029586389053,0.0092860922218052,-1.7574989663040013,327553000.0,-295685000.0,-995342000.0,4661356000.0,1588916500.0,1869792000.0,0.0,295.8963984353227,480.468085696457,0.0,0.3041605118410128,0.1873173321585793,0.0,0.0073549279941885,0.012371971146182,2003-09-30,,,,,,,3.93421875,269481.25
2003-06-30,IVZ,USD,914208,2003-04-29,2003-04-29 13:13:36,2003,Q2,466401000.0,342841000.0,123560000.0,0.264922245,0,0.0,0.0,0.0,82295000.0,82295000.0,425136000.0,0.0,0.0,95799000.0,137064000.0,0.2938758708,41265000.0,0.0884753678,-102745000.0,-61480000.0,-0.1318178992,-5374000.0,-56106000.0,-0.1202956254,-0.0699,-0.0696,803120000,805866000,https://www.sec.gov/Archives/edgar/data/914208/000091420803000062/0000914208-03-000062-index.htm,https://www.sec.gov/Archives/edgar/data/914208/000091420803000062/0000914208-03-000062.txt,0.5807363781253113,-0.0698600458212969,0.1731048909253909,0.1511193844008367,0.7837570973204503,4.600710977188963,-0.4790641498157187,4.600710977188963,1.567243998406216,2810920000.0,3561403000.0,-12.525041885003386,6.026830988784329,20.21895500057544,23.160496675373043,0.7607519831942371,0.7607519831942371,7.635924880092452,25.983504056499157,25.617181206122684,29.344080351331087,-0.0199600130917991,0.0431769669716676,0.340652565696227,0.1817497247441474,5.475420241638942,1.1083003825887732,0.0,-3.507960939668441,0.0674285714285714,-3.3781827255551997,0.0,0.0,0.5890899770770536,0.1270068477385199,0.0378579805789438,0.1843129886533262,0.0,,0.0073684154633715,-0.0197160212615076,-1.8242890228110369,209502000.0,-384746000.0,-1086497000.0,4596344000.0,1458712000.0,907321000.0,0.0,292.2492876301723,476.365953896996,0.0,0.307956268190774,0.1889303785540068,0.0,-0.0151846195441691,0.0219855065245542,2003-08-01,,bmo,,2025-04-25,2003-06-30,,3.0115873015873014,303841.2698412698
2003-03-31,IVZ,USD,914208,2003-02-04,2003-02-04 11:31:00,2003,Q1,427969000.0,334383000.0,93586000.0,0.2186747171,0,0.0,0.0,0.0,59021000.0,59021000.0,393404000.0,0.0,0.0,86070000.0,120635000.0,0.281877893,34565000.0,0.0807651956,-16945000.0,17620000.0,0.0411712063,23452000.0,-5832000.0,-0.0136271552,-0.0072,-0.0072,804578000,809000000,https://www.sec.gov/Archives/edgar/data/914208/000091420803000005/0000914208-03-000005-index.htm,https://www.sec.gov/Archives/edgar/data/914208/000091420803000005/0000914208-03-000005.txt,0.5319173529477564,-0.0072485203423409,-0.0425179410821573,-0.0534565946371886,0.9081692514585286,4.465555856610546,-0.476441065999816,4.465555856610546,1.7759061271871714,1842483620.0,2652188620.0,-78.98163665980796,4.305180094819952,-53.85961647519659,-42.83849383864218,0.5128140982964122,0.5128140982964122,6.1971512422628745,21.98523330708335,-77.5289724926189,-61.66446454312951,-0.003165292725913,-0.0233434911079426,0.3976898250098528,0.2099038237369345,6.712023873668504,1.0902796762907006,0.0,-0.9897005641544916,0.0,0.0,0.0,0.0,0.5841209932616827,-0.2572714782659534,0.0205645736022936,0.1022539793191588,0.0,,-0.0021949730060719,-0.002060073466063,-1.7790916480440675,176672000.0,-383334000.0,-1080688000.0,4455959000.0,1111639500.0,18231000.0,0.0,295.02791090008856,0.0,0.0,0.3050558834431043,0.0,0.0,-0.0016232067350833,0.0109386535550313,2003-03-31,,,,,,,2.6563934426229507,234616.3934426229
2002-12-31,IVZ,USD,914208,2003-03-27,2003-03-27 16:34:34,2002,Q4,515489000.0,388325000.0,127164000.0,0.2466861563,0,0.0,0.0,0.0,147730000.0,147730000.0,536055000.0,0.0,0.0,93393000.0,72827000.0,0.1412775054,-20566000.0,-0.0398960987,-22549000.0,-43115000.0,-0.0836390301,20504000.0,-63618000.0,-0.1234129147,-0.0791,-0.0791,804578000,804578000,https://www.sec.gov/Archives/edgar/data/914208/000091420803000054/0000914208-03-000054-index.htm,https://www.sec.gov/Archives/edgar/data/914208/000091420803000054/form20f-2002.txt,0.6406948735859047,-0.079070021800248,-0.2038609059656118,-0.2468387154508326,0.8498479948494739,4.573628659993189,-0.5183897645722354,4.573628659993189,1.6377591731317536,2534420700.0,3279864700.0,-9.959526784872205,4.916536919313506,-15.451711965468046,-12.761369278100313,0.6887310348463425,0.6887310348463425,6.3626279125257765,45.036383484147365,-19.996492543683164,-16.514844839653374,-0.0251015942223009,-0.0783614969685182,0.358087482584166,0.1976225691706362,10.235819133013855,1.0092582203606772,0.0,9.368403015764224,0.0266443530862891,-1.0614605929139551,0.0,0.0,0.6144357362398853,-0.2108192803404421,0.0670799958874001,0.3702525885237652,0.0,,-0.0058474524031436,-0.0247458049057513,-2.099121216339497,16998000.0,-417085000.0,-1134957000.0,4431486000.0,1074272000.0,18231000.0,0.0,143.22771193953702,8.450601944247731,0.0,0.6283700184919041,10.650128901321924,0.0,-0.0172882469650183,0.0429778094852208,2003-03-27,,bmo,,2025-04-25,2002-12-31,,3.09546875,230125.0
2002-12-31,IVZ,USD,914208,2003-03-27,2003-03-27 16:34:34,2002,Q4,515489000.0,388325000.0,127164000.0,0.2466861563,0,0.0,0.0,0.0,147730000.0,147730000.0,536055000.0,0.0,0.0,93393000.0,72827000.0,0.1412775054,-20566000.0,-0.0398960987,-22549000.0,-43115000.0,-0.0836390301,20504000.0,-63618000.0,-0.1234129147,-0.0791,-0.0791,804578000,804578000,https://www.sec.gov/Archives/edgar/data/914208/000091420803000054/0000914208-03-000054-index.htm,https://www.sec.gov/Archives/edgar/data/914208/000091420803000054/form20f-2002.txt,0.6406948735859047,-0.079070021800248,-0.2038609059656118,-0.2468387154508326,0.8498479948494739,4.573628659993189,-0.5183897645722354,4.573628659993189,1.6377591731317536,2534420700.0,3279864700.0,-9.959526784872205,4.916536919313506,-15.451711965468046,-12.761369278100313,0.6887310348463425,0.6887310348463425,6.3626279125257765,45.036383484147365,-19.996492543683164,-16.514844839653374,-0.0251015942223009,-0.0783614969685182,0.358087482584166,0.1976225691706362,10.235819133013855,1.0092582203606772,0.0,9.368403015764224,0.0266443530862891,-1.0614605929139551,0.0,0.0,0.6144357362398853,-0.2108192803404421,0.0670799958874001,0.3702525885237652,0.0,,-0.0058474524031436,-0.0247458049057513,-2.099121216339497,16998000.0,-417085000.0,-1134957000.0,4431486000.0,1074272000.0,18231000.0,0.0,143.22771193953702,8.450601944247731,0.0,0.6283700184919041,10.650128901321924,0.0,-0.0172882469650183,0.0429778094852208,2003-02-04,,bmo,,2025-04-25,2002-12-31,,3.09546875,230125.0
2002-09-30,IVZ,USD,914208,2002-08-02,2002-08-02 14:58:53,2002,Q3,481973000.0,351658000.0,130315000.0,0.2703782162,0,0.0,0.0,0.0,57683000.0,57683000.0,409341000.0,0.0,0.0,84403000.0,157035000.0,0.3258170063,72632000.0,0.1506972382,-19553000.0,53079000.0,0.1101285757,33892000.0,19186000.0,0.0398072091,0.0237,0.0236,809578000,812724000,https://www.sec.gov/Archives/edgar/data/914208/000095012902003828/0000950129-02-003828-index.htm,https://www.sec.gov/Archives/edgar/data/914208/000095012902003828/0000950129-02-003828.txt,0.5953385591011613,0.0236987665178648,0.4746015825528856,0.4349969984362223,1.089828280906843,4.562745035067652,-0.4316433994006754,4.562745035067652,1.533376648080852,1959178760.0,2466383760.0,25.52875482122381,4.064913926713737,5.099013760094944,5.5632567780920255,0.5303824740152544,0.5303824740152544,5.117265406983379,15.7059493743433,6.41907976274442,7.00350904692132,0.0097928787263904,0.1797508258000918,0.336064504217496,0.1795718355040124,3.2298850574712645,1.044869895030207,0.0,5.14366992864697,0.0002460214503346,0.0251224851454185,0.0,0.0,0.5848866288135878,0.0834480658569023,0.0665244733626157,0.3798798620902101,0.0,1.5597939474491005,0.0051002804277193,0.0066857232662542,-1.6560556858017388,94925000.0,-349449000.0,-1008660000.0,4436287000.0,1452234000.0,0.0,0.0,248.0152415176784,0.0,0.0,0.3628809239676702,0.0,0.0,0.0051939712466343,0.0396045841166632,2002-09-30,,,,,,,3.32046875,252168.75
2002-06-30,IVZ,USD,914208,2002-04-24,2002-04-24 00:00:00,2002,Q2,564952000.0,399395000.0,165557000.0,0.2930461349,0,0.0,0.0,0.0,87159000.0,87159000.0,486554000.0,0.0,0.0,85296000.0,163694000.0,0.2897485096,78398000.0,0.1387693114,-19974000.0,58424000.0,0.1034140954,35592000.0,22832000.0,0.0404140529,0.0281,0.0277,812528000,824324000,https://www.sec.gov/Archives/edgar/data/914208/000095012902002086/0000950129-02-002086-index.htm,https://www.sec.gov/Archives/edgar/data/914208/000095012902002086/0000950129-02-002086.txt,0.6953015772994899,0.028099954709253,0.1191257408975444,0.1006193017348325,0.9134528287025184,4.353275210208141,-0.5855108993167004,4.353275210208141,1.4230008073567926,3331364799.9999995,3957402799.999999,36.47692711983181,5.896721845395714,34.417414482452244,40.74764910220656,0.941819619027479,0.941819619027479,7.004847845480677,24.175613034075777,40.88521690618123,48.405044278095794,0.0068536474900617,0.0245412931060567,0.3268805068928219,0.1660822375886626,3.824440724766944,1.1319077948466585,0.0,1.125447653597507,0.0500975609756097,7.30962032235459,0.0,0.0,0.5764189618172364,0.1553521432334983,0.026616420510061,0.1762919714875258,0.0,1.6590219454499897,0.0062354619854813,0.0077426058317773,-1.846340987633657,270187000.0,-475744000.0,-1106133000.0,4549676000.0,1519012500.0,0.0,0.0,251.1106607286991,0.0,0.0,0.3584077224711552,0.0,0.0,0.0064548996680385,0.0185064391627119,2002-08-02,,bmo,,2025-04-25,2002-06-30,,5.390625,170187.5
2002-03-31,IVZ,USD,914208,2002-02-05,2002-02-05 00:00:00,2002,Q1,538406000.0,388966000.0,149440000.0,0.2775600569,0,0.0,0.0,0.0,52504000.0,52504000.0,441470000.0,0.0,0.0,74754000.0,171690000.0,0.3188857479,96936000.0,0.1800425701,-10526000.0,86410000.0,0.1604922679,42507000.0,43904000.0,0.0815444107,0.0541,0.0529,811888000,829724000,https://www.sec.gov/Archives/edgar/data/914208/000095012902000494/0000950129-02-000494-index.htm,https://www.sec.gov/Archives/edgar/data/914208/000095012902000494/0000950129-02-000494.txt,0.6631530457402992,0.0540764243343909,0.1641359399326015,0.1563971877894487,0.8242947303076287,4.025964172398163,-0.6387728356620618,4.025964172398163,1.3342714758685927,5618264960.0,6217704960.0,31.991760204081636,10.434996935398194,42.16017529641303,44.24631988470353,1.7188429165473509,1.7188429165473509,11.54835748487201,36.21471815481391,46.65844934714093,48.967174842688046,0.0078145121870507,0.0226007496805561,0.3314166293421835,0.1693783944155487,3.491408934707904,1.1822450628116208,0.0,1.3920546542844905,0.0,0.0,0.0,0.0,0.5921625989056565,0.0471484316374005,0.0116696322106365,0.0840490140995799,0.0,2.2132485866226843,0.0107054300056936,0.0168319614042634,-1.676883387856453,327139000.0,-518612000.0,-1004794000.0,4378246000.0,1166276000.0,27677500.0,0.0,244.34493672061603,0.0,0.0,0.3683317575878643,0.0,0.0,0.013431918918985,0.0077387521431527,2002-03-31,,,,,,,6.818333333333333,111313.33333333331
2001-12-31,IVZ,USD,914208,2002-04-04,2002-04-04 00:00:00,2001,Q4,531050000.0,382554000.0,148496000.0,0.2796271538,0,0.0,0.0,0.0,139403000.0,139403000.0,521957000.0,0.0,0.0,74029000.0,83122000.0,0.1565238678,9093000.0,0.0171226815,-13336000.0,-4243000.0,-0.0079898315,4603000.0,38834000.0,0.0731268242,0.048,0.048,808794000,808794000,https://www.sec.gov/Archives/edgar/data/914208/000093176302001134/0000931763-02-001134-index.htm,https://www.sec.gov/Archives/edgar/data/914208/000093176302001134/d20f.txt,0.6565948807731017,0.0480146984275353,-0.0458287277106407,-0.0658536042552244,0.8519289213322552,4.107681313165033,-0.7421395312032483,4.107681313165033,1.7656646809941716,5871844440.0,6788809440.0,37.80092470515528,11.057046304491102,-158.41591863163006,-110.24453531598512,1.7674204609622104,1.7674204609622104,12.783748121645797,81.67283559105893,-183.15462796093456,-127.460655626901,0.0066135948247293,-0.0090707443877719,0.4298446121745747,0.221261276615524,11.031556026082145,1.1423043218636826,0.0,-0.463116597531111,0.0088796630314,1.3426378946284183,0.0,0.0,0.6077470784414739,-0.4369503048615982,0.0304980698615949,0.2187791270988396,0.0,2.1065740643236186,0.0038760342404134,0.0153392880348892,-2.2128805357111947,238550000.0,-600238000.0,-1217020000.0,4465941000.0,910280000.0,27677500.0,0.0,147.5810187364655,13.022867359902133,0.0,0.609834521881926,6.910920422726041,0.0,0.0116890028137404,0.0200248765445836,2002-04-04,,bmo,,2025-04-25,2001-12-31,,6.76859375,128356.25
2001-12-31,IVZ,USD,914208,2002-04-04,2002-04-04 00:00:00,2001,Q4,531050000.0,382554000.0,148496000.0,0.2796271538,0,0.0,0.0,0.0,139403000.0,139403000.0,521957000.0,0.0,0.0,74029000.0,83122000.0,0.1565238678,9093000.0,0.0171226815,-13336000.0,-4243000.0,-0.0079898315,4603000.0,38834000.0,0.0731268242,0.048,0.048,808794000,808794000,https://www.sec.gov/Archives/edgar/data/914208/000093176302001134/0000931763-02-001134-index.htm,https://www.sec.gov/Archives/edgar/data/914208/000093176302001134/d20f.txt,0.6565948807731017,0.0480146984275353,-0.0458287277106407,-0.0658536042552244,0.8519289213322552,4.107681313165033,-0.7421395312032483,4.107681313165033,1.7656646809941716,5871844440.0,6788809440.0,37.80092470515528,11.057046304491102,-158.41591863163006,-110.24453531598512,1.7674204609622104,1.7674204609622104,12.783748121645797,81.67283559105893,-183.15462796093456,-127.460655626901,0.0066135948247293,-0.0090707443877719,0.4298446121745747,0.221261276615524,11.031556026082145,1.1423043218636826,0.0,-0.463116597531111,0.0088796630314,1.3426378946284183,0.0,0.0,0.6077470784414739,-0.4369503048615982,0.0304980698615949,0.2187791270988396,0.0,2.1065740643236186,0.0038760342404134,0.0153392880348892,-2.2128805357111947,238550000.0,-600238000.0,-1217020000.0,4465941000.0,910280000.0,27677500.0,0.0,147.5810187364655,13.022867359902133,0.0,0.609834521881926,6.910920422726041,0.0,0.0116890028137404,0.0200248765445836,2002-02-05,,bmo,,2025-04-25,2001-12-31,,6.76859375,128356.25
2001-09-30,IVZ,USD,914208,2001-08-02,2001-08-02 00:00:00,2001,Q3,570745000.0,389479000.0,181266000.0,0.3175954235,0,0.0,0.0,0.0,52378000.0,52378000.0,441857000.0,0.0,0.0,83285000.0,212173000.0,0.3717474529,128888000.0,0.2258241421,-19081000.0,109807000.0,0.1923923994,51631000.0,35287000.0,0.0618262096,0.0436,0.0425,808794000,829340000,https://www.sec.gov/Archives/edgar/data/914208/000095012901502269/0000950129-01-502269-index.htm,https://www.sec.gov/Archives/edgar/data/914208/000095012901502269/0000950129-01-502269.txt,0.7056741271572242,0.0436291564972044,0.3930778418237524,0.3606406575716437,0.4009154370581384,4.145002312084412,-0.8319683380440508,4.145002312084412,1.6721538488168803,4246168500.0,5274338500.0,30.083093632215828,7.439694609676826,13.356133165995113,14.557426872917269,1.2665855419897012,1.2665855419897012,9.241147097215045,24.85866957624203,16.590195930409948,18.08237167619753,0.008310315523277,0.0686934585850749,0.4034144550274083,0.2242858540646408,4.845904049996936,1.310944499093921,0.0,3.0300508949505347,0.0006780230224024,0.0815881202709213,0.0,0.0,0.6675606516161879,0.0825210195049682,0.0459662371111442,0.3150027015669088,0.0,2.0171679348760523,0.0138196249120211,0.017603136009131,-2.0288311980553764,338543000.0,-672891000.0,-1250177000.0,4679814000.0,925429500.0,0.0,0.0,149.7647811194141,0.0,0.0,0.6009423532508555,0.0,0.0,0.0105257254911552,0.0324371842521086,2001-09-30,,,,,,,7.273050847457627,120861.01694915254
2001-06-30,IVZ,USD,914208,2001-04-24,2001-04-24 00:00:00,2001,Q2,602582000.0,394331000.0,208251000.0,0.3455977776,0,0.0,0.0,0.0,46969000.0,46969000.0,441300000.0,0.0,0.0,72314000.0,233596000.0,0.3876584432,161282000.0,0.2676515395,-16429000.0,144853000.0,0.2403872004,60583000.0,66421000.0,0.1102273218,0.0825,0.0792,805454000,838808000,https://www.sec.gov/Archives/edgar/data/914208/000095012901500097/0000950129-01-500097-index.htm,https://www.sec.gov/Archives/edgar/data/914208/000095012901500097/0000950129-01-500097.txt,0.7481271432012256,0.0824640513300573,0.0849136015216263,0.0448641387341797,0.3986819855634214,3.9163080697345847,-0.5570969912620708,3.9163080697345847,1.5710866169886797,6975231640.0,7919549640.0,26.25386413935352,11.575572519590697,101.98601690206743,193.02722050033208,2.2112662859505083,2.2112662859505083,13.142692015360565,33.90276220483227,115.7930467584876,219.1595539074607,0.0095224077748334,0.0051806164820068,0.4011652273042849,0.2296623190515271,4.042526413123513,1.551904250305444,0.0,0.5216495946183005,0.0,0.0,0.0,0.0,0.6539248500089111,0.4716495599029154,0.0535329631485839,0.4460823630279061,0.0,2.6956407713112456,0.020332912750537,0.0348324376255983,-1.6867955836087474,494185000.0,-448716000.0,-965985000.0,4401586000.0,951269000.0,0.0,0.0,134.58717651705493,0.0,0.0,0.6687115543180681,0.0,0.0,0.0210565792735621,0.0400494627874465,2001-08-02,,bmo,,2025-04-25,2001-06-30,,8.766666666666666,95720.63492063493
2001-03-31,IVZ,USD,914208,2001-02-06,2001-02-06 00:00:00,2001,Q1,605622000.0,398313000.0,207309000.0,0.342307578,0,0.0,0.0,0.0,45089000.0,45089000.0,443402000.0,0.0,0.0,69689000.0,231909000.0,0.3829269743,162220000.0,0.267856848,-16024000.0,146196000.0,0.2413980998,61212000.0,79022000.0,0.1304807289,0.0989,0.0945,798664000,836516000,https://www.sec.gov/Archives/edgar/data/914208/000095012901000542/0000950129-01-000542-index.htm,https://www.sec.gov/Archives/edgar/data/914208/000095012901000542/0000950129-01-000542.txt,0.7582938507307203,0.0989427343663918,0.1730164374505424,0.142525517614416,0.3633492933198441,3.8188925505594336,-0.4140214157643264,3.8188925505594336,1.3928072380876062,5790314000.0,6612505000.0,18.31867707726962,9.560937350360456,41.90353302166708,50.86808398488975,1.898456137221755,1.898456137221755,10.918534993774996,28.513360844124204,47.853591640011,58.0910568391461,0.0136472737057092,0.019658692084747,0.3647149584985239,0.207930125264449,3.545317344303154,1.3164940701507193,0.0,0.884325182231836,0.0265793103448275,1.9475912125737136,0.0,0.0,0.6319254432220108,0.176231347064017,0.0402098999045609,0.3494382183701875,0.0,2.915761067386247,0.0221671372682084,0.0401304944427121,-1.5757868765838952,346818000.0,-330664000.0,-857160000.0,4019680000.0,1013643500.0,37381500.0,0.0,148.8199074670339,0.0,0.0,0.6047578011022249,0.0,0.0,0.0259087505229487,0.0304909198361263,2001-03-31,,,,,,,9.85,192438.70967741936
2000-12-31,IVZ,USD,914208,2001-05-17,2001-05-17 00:00:00,2000,Q4,665704000.0,405699000.0,260005000.0,0.3905714852,0,0.0,0.0,0.0,57394000.0,57394000.0,463093000.0,0.0,0.0,57394000.0,260005000.0,0.3905714852,202611000.0,0.30435599,-17583000.0,185028000.0,0.2779433502,68675000.0,89705000.0,0.134752082,0.14,0.14,645609976,659944000,https://www.sec.gov/Archives/edgar/data/914208/000095012901500891/0000950129-01-500891-index.htm,https://www.sec.gov/Archives/edgar/data/914208/000095012901500891/h86436e20-f.txt,1.0311240915521418,0.1389461181436267,-0.2713155101556237,-0.3278418981555514,0.7922244373745551,4.870626410518787,-0.631007907473846,4.870626410518787,2.258780152430606,6578765655.44,7525588655.44,18.3344452801962,9.882418695756671,-37.55774962572218,-31.08205527520812,2.0921333605043686,2.0921333605043686,11.304706980039176,28.944015136016613,-42.96310118197803,-35.55541796407412,0.013635536618609,-0.0321729046276301,0.4637555751663605,0.251118139561795,3.6415568931366704,1.50835496842706,0.0,-1.5054532328345638,0.0062792934364276,0.4605094476339111,0.0,0.0,0.6116399477819827,-0.2083418967367724,0.0548201603114897,0.6358504373279437,0.0,3.902176217838165,0.0271800697678658,0.0397755312974303,-2.1403084700785358,580762000.0,-407385000.0,-939470000.0,4436707000.0,1225620500.0,37381500.0,0.0,138.6910999483254,16.585374871518045,0.0,0.6489241201023923,5.426467637735243,0.0,0.028527361048171,0.0565263879999276,2001-05-17,,bmo,,2025-04-25,2000-12-31,,10.61809523809524,248787.3015873016
2000-12-31,IVZ,USD,914208,2001-05-17,2001-05-17 00:00:00,2000,Q4,665704000.0,405699000.0,260005000.0,0.3905714852,0,0.0,0.0,0.0,57394000.0,57394000.0,463093000.0,0.0,0.0,57394000.0,260005000.0,0.3905714852,202611000.0,0.30435599,-17583000.0,185028000.0,0.2779433502,68675000.0,89705000.0,0.134752082,0.14,0.14,645609976,659944000,https://www.sec.gov/Archives/edgar/data/914208/000095012901500891/0000950129-01-500891-index.htm,https://www.sec.gov/Archives/edgar/data/914208/000095012901500891/h86436e20-f.txt,1.0311240915521418,0.1389461181436267,-0.2713155101556237,-0.3278418981555514,0.7922244373745551,4.870626410518787,-0.631007907473846,4.870626410518787,2.258780152430606,6578765655.44,7525588655.44,18.3344452801962,9.882418695756671,-37.55774962572218,-31.08205527520812,2.0921333605043686,2.0921333605043686,11.304706980039176,28.944015136016613,-42.96310118197803,-35.55541796407412,0.013635536618609,-0.0321729046276301,0.4637555751663605,0.251118139561795,3.6415568931366704,1.50835496842706,0.0,-1.5054532328345638,0.0062792934364276,0.4605094476339111,0.0,0.0,0.6116399477819827,-0.2083418967367724,0.0548201603114897,0.6358504373279437,0.0,3.902176217838165,0.0271800697678658,0.0397755312974303,-2.1403084700785358,580762000.0,-407385000.0,-939470000.0,4436707000.0,1225620500.0,37381500.0,0.0,138.6910999483254,16.585374871518045,0.0,0.6489241201023923,5.426467637735243,0.0,0.028527361048171,0.0565263879999276,2001-02-06,,bmo,,2025-04-25,2000-12-31,,10.61809523809524,248787.3015873016
2000-09-30,IVZ,USD,914208,2000-08-03,2000-08-03 00:00:00,2000,Q3,657476000.0,388428000.0,269048000.0,0.4092134162,0,0.0,0.0,0.0,43933000.0,43933000.0,432361000.0,0.0,0.0,43933000.0,269048000.0,0.4092134162,225115000.0,0.3423927261,-15173000.0,209942000.0,0.3193150777,75213000.0,112578000.0,0.1712275429,0.17,0.16,659944000,701972000,https://www.sec.gov/Archives/edgar/data/914208/000095012900003924/0000950129-00-003924-index.htm,https://www.sec.gov/Archives/edgar/data/914208/000095012900003924/0000950129-00-003924.txt,0.9962602887517727,0.1705872013382953,0.8573894148594426,0.8305068308826203,0.9892536336416424,2.759869019189507,-0.806088092322985,2.759869019189507,1.946715175833101,7318778960.0,7950649960.0,16.252684716374425,11.131629078475868,12.93461268333719,13.353291734174077,4.0183066380653125,4.0183066380653125,12.092684691152224,29.55104650471291,14.051329924765255,14.506155872779551,0.0153820740611627,0.0748879017928422,0.7053650598262067,0.2547133113922042,2.3485437542743304,1.1537433534617727,0.0,4.413573891202946,0.0002090512650213,0.0135905771998081,0.0,0.0,0.4665791665014473,0.0313539956417928,0.0269834944545504,0.4038194523478934,0.0,3.2546831598460693,0.0459837056550634,0.0418432778237838,-2.273756182342744,292438000.0,-531973000.0,-1027885000.0,2842734000.0,1344965000.0,0.0,0.0,195.11658220224007,0.0,0.0,0.4612626922027272,0.0,0.0,0.0618098903071827,0.0268825839768222,2000-09-30,,,,,,,9.463650793650794,252079.3650793651
2000-06-30,IVZ,USD,914208,2000-06-30,2000-06-30 00:00:00,2000,Q2,583377000.0,359744000.0,223633000.0,0.3833421612,0,0.0,0.0,0.0,30539000.0,30539000.0,390283000.0,0.0,0.0,30539000.0,223633000.0,0.3833421612,193094000.0,0.3309935085,-8345000.0,184749000.0,0.316688865,63521000.0,121228000.0,0.207803873,0.19,0.18,650090000,679635000,,,0.8973788244704579,0.1864787952437354,0.0468473595963635,0.0091587318678952,0.3751665154055592,1.2618299004753188,-0.2450952944976849,1.2618299004753188,1.3181359504068668,5096705600.0,5709720600.0,10.510578414227735,8.736555606408892,167.35201444754554,856.0137050722203,6.213198781425888,6.213198781425888,9.787359803351864,25.531654988306737,187.48056476769003,958.9722203560632,0.0237855606178234,0.0011682055953947,1.0446225358190817,0.2853354937272656,2.7411652126475072,1.2460290636109512,0.0,0.2638852785720474,0.0247448979591836,1.0403327614082556,0.0,0.0,0.3262025016349467,0.8044984403217862,0.0419985703927306,0.8022856020170929,0.0,2.30094582551852,0.0739591999404986,0.0599094943017584,-1.523713255087757,317377000.0,-159334000.0,-575478000.0,1472204000.0,1415368500.0,0.0,0.0,195.08693349240716,0.0,0.0,0.4613327934825673,0.0,0.0,0.1477844162461919,0.0376886277284683,2000-08-03,,bmo,,2025-04-25,2000-06-30,,6.796666666666667,153587.3015873016
2000-06-30,IVZ,USD,914208,2000-06-30,2000-06-30 00:00:00,2000,Q2,583377000.0,359744000.0,223633000.0,0.3833421612,0,0.0,0.0,0.0,30539000.0,30539000.0,390283000.0,0.0,0.0,30539000.0,223633000.0,0.3833421612,193094000.0,0.3309935085,-8345000.0,184749000.0,0.316688865,63521000.0,121228000.0,0.207803873,0.19,0.18,650090000,679635000,,,0.8973788244704579,0.1864787952437354,0.0468473595963635,0.0091587318678952,0.3751665154055592,1.2618299004753188,-0.2450952944976849,1.2618299004753188,1.3181359504068668,5096705600.0,5709720600.0,10.510578414227735,8.736555606408892,167.35201444754554,856.0137050722203,6.213198781425888,6.213198781425888,9.787359803351864,25.531654988306737,187.48056476769003,958.9722203560632,0.0237855606178234,0.0011682055953947,1.0446225358190817,0.2853354937272656,2.7411652126475072,1.2460290636109512,0.0,0.2638852785720474,0.0247448979591836,1.0403327614082556,0.0,0.0,0.3262025016349467,0.8044984403217862,0.0419985703927306,0.8022856020170929,0.0,2.30094582551852,0.0739591999404986,0.0599094943017584,-1.523713255087757,317377000.0,-159334000.0,-575478000.0,1472204000.0,1415368500.0,0.0,0.0,195.08693349240716,0.0,0.0,0.4613327934825673,0.0,0.0,0.1477844162461919,0.0376886277284683,2000-06-30,,bmo,,2025-04-25,2000-06-30,,6.796666666666667,153587.3015873016
2000-03-31,IVZ,USD,914208,2000-06-23,2000-06-23 00:00:00,2000,Q1,588787000.0,360832000.0,227955000.0,0.3871603823,0,0.0,0.0,0.0,32642000.0,32642000.0,393474000.0,0.0,0.0,32642000.0,227955000.0,0.3871603823,195313000.0,0.3317209789,-11511000.0,183802000.0,0.3121706152,63558000.0,120244000.0,0.204223259,0.19,0.18,648680000,677850000,https://www.sec.gov/Archives/edgar/data/914208/000095012900003380/0000950129-00-003380-index.htm,https://www.sec.gov/Archives/edgar/data/914208/000095012900003380/0000950129-00-003380.txt,0.907669420977986,0.1853672072516495,0.359767527902818,0.3382469013997656,0.5040358882654005,1.2326154652525128,-0.376561632854412,1.2326154652525128,1.3678192637355862,4605628000.0,5165947000.0,9.575587971125378,7.822231129423714,19.73496619160661,20.99058401013609,5.760109458423433,5.760109458423433,8.773880877125345,22.662135070518303,22.13591488340603,23.54429070159607,0.0261080573593872,0.0476404086478543,1.109688546261567,0.2573233042409998,2.4580246101204186,1.169363914138687,0.0,1.9408369648381625,0.0,0.0,0.0,0.0,0.3027291536039247,0.059818145980272,0.0237097626136446,0.4276698731695362,0.0,2.267365419204334,0.0740303121353026,0.0500128729784328,-1.768095979527656,291666000.0,-244268000.0,-634737000.0,1506393000.0,1227717000.0,27184000.0,0.0,239.4025343630209,0.0,0.0,0.3759358698497628,0.0,0.0,0.150385268136868,0.0215206265030523,2000-06-23,,bmo,,2025-04-25,2000-03-31,,5.922539682539683,116142.85714285714
1999-12-31,IVZ,USD,914208,2000-05-02,2000-05-02 00:00:00,1999,Q4,454003000.0,279973000.0,174030000.0,0.3833234582,0,0.0,0.0,0.0,43704000.0,43704000.0,323677000.0,0.0,0.0,43704000.0,174030000.0,0.3833234582,130326000.0,0.2870597771,-9286000.0,121040000.0,0.2666061678,40828000.0,80212000.0,0.1766772466,0.13,0.13,633500000,633500000,https://www.sec.gov/Archives/edgar/data/914208/000095012900002132/0000950129-00-002132-index.htm,https://www.sec.gov/Archives/edgar/data/914208/000095012900002132/0000950129-00-002132.txt,0.7166582478295186,0.1266172059984214,0.1989108129439621,0.1519494869771112,0.4839289660615627,1.113744277821626,-0.5801925808997632,1.113744277821626,1.6811460142067878,3579275000.0,4337712000.0,11.15567184461178,7.883813543082314,28.404690103960004,37.18340951589445,5.072977803352528,5.072977803352528,9.554368583467513,24.925081882434064,34.42355368621538,45.062455848742985,0.0224101249554728,0.0268937145092232,1.509454232613382,0.3608058018601213,4.3580819398954205,1.1329776327480543,0.0,1.5709619508302997,0.0099712930691271,0.4449458933825362,0.0,0.0,0.3635509595516953,0.2360923736211412,0.0655282013554976,0.6807157239611935,0.0,1.7812725071494084,0.053719491380712,0.0426969808914349,-2.008972375690608,151757000.0,-367552000.0,-953207000.0,1399406000.0,950072000.0,576184000.0,0.0,176.28068536992046,17.477113864551225,0.0,0.5105494105105011,5.149591671571513,0.0,0.1136860664694702,0.0469613259668508,2000-05-02,,bmo,,2025-04-25,1999-12-31,,4.70328125,135203.125
1999-09-30,IVZ,USD,914208,1999-09-30,1999-09-29 20:00:00,1999,Q3,455300000.0,220800000.0,234500000.0,0.5150450253,0,0.0,0.0,0.0,94500000.0,94500000.0,315300000.0,0.0,0.0,94500000.0,234500000.0,0.5150450253,140000000.0,0.3074895673,-13800000.0,126200000.0,0.2771798814,46100000.0,80100000.0,0.1759279596,0.13,0.12,633500000,666842105,,,0.7187056037884767,0.1264404104183109,,,0.4214680347277032,1.1174427782162588,-0.6328334648776638,1.1174427782162588,1.6153117600631413,2597350000.0,3353650000.0,8.10658551810237,5.7047001976718645,0.0,0.0,3.669091679615765,3.669091679615765,7.365802767406106,14.301279317697228,0.0,0.0,0.0308391244922709,,1.445543155812968,0.3553988816726288,3.2251599147121537,1.2571948998178506,0.0,0.0,0.0303414634146341,0.9838626716604244,0.0,0.0,0.3850935991386795,0.0,,0.0,,1.7829815699200122,0.0498843283226881,0.0452414572154758,-1.8093528018942384,282400000.0,-400900000.0,-791000000.0,1554800000.0,1026800000.0,1090350000.0,0.0,199.8264880298704,447.5543478260869,0.0,0.4503907409239291,0.2010928961748634,0.0,0.1131515750812261,,1999-09-29,,bmo,,2025-04-25,1999-09-30,,4.38734375,55937.5
1999-06-30,IVZ,USD,914208,1999-06-30,1999-06-29 20:00:00,1999,Q2,408900000.0,274400000.0,134500000.0,0.328931279,0,0.0,0.0,0.0,14200000.0,14200000.0,288600000.0,0.0,0.0,14200000.0,134476000.0,0.328872585,120276000.0,0.2941452678,-14276000.0,106000000.0,0.2592320861,39100000.0,66900000.0,0.1636096845,0.11,0.1,637142857,669000000,,,0.6417713005923255,0.1050000000235426,,,0.3361883408825534,0.9095291481859932,-0.7820852019690774,0.9095291481859932,1.7142152470211245,2962714285.05,3840714285.05,11.07142856894619,7.245571741379311,0.0,0.0,5.1125354358067305,5.1125354358067305,9.39279600158963,28.56059285708974,0.0,0.0,0.0225806451663532,,1.884728213977567,0.3881997511995735,6.529046075136084,1.2673870878359657,0.0,0.0,0.0382795698924731,1.6952380948579968,0.0,0.0,0.3830815709969788,0.0,,0.0,,1.4658658236930124,0.0438583553902438,0.0385435271072189,-1.9426961887763896,289500000.0,-498300000.0,-861800000.0,1519800000.0,1016400000.0,1090900000.0,71500000.0,229.50110051357305,355.11297376093296,0.0,0.3921549822576005,0.2534404728918444,0.0,0.1154443485763589,,1999-06-29,,bmo,,2025-04-25,1999-06-30,,4.885238095238095,96888.88888888888
1999-03-31,IVZ,USD,914208,1999-03-31,1999-03-30 19:00:00,1999,Q1,388500000.0,261500000.0,127000000.0,0.3268983269,0,0.0,0.0,0.0,14700000.0,14700000.0,276200000.0,0.0,0.0,14700000.0,126979000.0,0.3268442728,112279000.0,0.289006435,-14779000.0,97500000.0,0.250965251,36500000.0,61000000.0,0.157014157,0.0364,0.0364,1675058515,1675058515,,,0.2319321961119668,0.0364166382569626,,,0.1754565571101854,0.3491818314179908,-0.3241677798939459,0.3491818314179908,0.6844537010099614,8576299596.8,9428899596.8,35.148768839344264,22.07541723758044,0.0,0.0,14.662847660796716,14.662847660796716,24.27001183217503,74.25558239393915,0.0,0.0,0.007112624659563,,1.960164130620619,0.3946507865477952,6.714496097779948,1.298335001364753,0.0,0.0,,,0.0,0.0,0.3882482530721834,0.0,,0.0,,0.5348931107377298,0.0388960956356305,0.034323655187936,-0.7236911362466641,327900000.0,-543000000.0,-893200000.0,1603900000.0,892800000.0,1001300000.0,71500000.0,229.36679536679537,378.2753346080306,49.216061185468455,0.3923846076153924,0.2379219361295605,1.8286713286713288,0.1042913318515985,,1999-03-30,,bmo,,2025-04-25,1999-03-31,,4.613606557377049,128491.80327868852
1998-12-31,IVZ,USD,914208,1999-03-31,1999-03-31 00:00:00,1998,Q4,345500000.0,201400000.0,144100000.0,0.4170767004,0,0.0,0.0,0.0,59300000.0,59300000.0,260700000.0,0.0,0.0,59300000.0,144100000.0,0.4170767004,84800000.0,0.2454413893,55300000.0,140100000.0,0.4054992764,24300000.0,48100000.0,0.1392185239,0.0763,0.0763,630000000,630000000,https://www.sec.gov/Archives/edgar/data/914208/000095012999001320/0000950129-99-001320-index.htm,https://www.sec.gov/Archives/edgar/data/914208/0000950129-99-001320.txt,0.5484126984126985,0.0763492063492063,,,0.3152380952380952,0.8717460317460317,-1.0031746031746032,0.8717460317460317,1.806984126984127,2425500000.0,3365300000.0,12.606548856548857,7.020260492040521,0.0,0.0,4.416423889293518,4.416423889293518,9.740376266280752,23.353920888272032,0.0,0.0,0.0198309626881055,,2.072833211944647,0.4258725823949721,6.521859819569743,1.2462645268400665,0.0,0.0,,,0.0,0.0,0.4418839549586622,0.0,,0.0,,1.223738185802948,0.039608752725062,0.0322407668074267,-2.1090079365079366,222500000.0,-632000000.0,-997900000.0,1551000000.0,397750000.0,451750000.0,0.0,207.22141823444284,403.74875868917576,0.0,0.4343180389692017,0.2229109020475927,0.0,0.0875819373634377,,1999-03-31,,bmo,,2025-04-25,1998-12-31,,3.46109375,193781.25
1998-09-30,IVZ,USD,914208,1998-09-30,1998-09-29 20:00:00,1998,Q3,384500000.0,268100000.0,116400000.0,0.3027308192,0,0.0,0.0,0.0,14600000.0,14600000.0,282700000.0,0.0,0.0,14600000.0,116400000.0,0.3027308192,101800000.0,0.2647594278,-19000000.0,82800000.0,0.2153446034,32400000.0,50400000.0,0.1310793238,0.08,0.08,630000000,630000000,,,0.6103174603174604,0.08,,,0.4503174603174603,0.8377777777777777,-1.011904761904762,0.8377777777777777,2.157619047619048,1827000000.0,2902600000.0,9.0625,4.751625487646294,0.0,0.0,3.4615384615384617,3.4615384615384617,7.549024707412224,24.936426116838486,0.0,0.0,0.0275862068965517,,2.5754073512694204,0.4942549632753981,9.240549828178692,2.0652029274783765,0.0,0.0,0.0337931034482758,1.225,0.0,0.0,0.4237146389353501,0.0,,0.0,,1.2280065146407002,0.0259627173047741,0.0318001135718341,-3.077301587301587,640400000.0,-637500000.0,-980800000.0,1937400000.0,0.0,0.0,0.0,0.0,0.0,0.0,0.0,0.0,0.0,0.0954907161803713,,1998-09-29,,bmo,,2025-04-25,1998-09-30,,4.589375,402203.125
1998-06-30,IVZ,USD,914208,1998-06-30,1998-06-29 20:00:00,1998,Q2,319100000.0,212900000.0,106200000.0,0.332811031,0,0.0,0.0,0.0,0.0,0.0,212900000.0,0.0,0.0,0.0,106200000.0,0.332811031,106200000.0,0.332811031,-76300000.0,29900000.0,0.0937010342,34900000.0,-5000000.0,-0.0156690693,-0.01,-0.0081,500000000,616000000,,,0.6382,-0.01,,,0.8208,0.962,-1.374,0.962,4.4378,2455000000.0,4263500000.0,-122.75,7.693513005327484,0.0,0.0,5.103950103950104,5.103950103950104,13.361015355687872,40.14595103578154,0.0,0.0,-0.0020366598778004,,4.613097713097713,0.7845348796096595,17.029190207156308,1.4477486027628388,0.0,0.0,0.0296945010183299,-14.58,0.0,0.0,0.4129689212601209,0.0,,0.0,,,-0.0062791066451277,-0.0030115039450701,-3.8738,424600000.0,-687000000.0,-974400000.0,1704500000.0,0.0,0.0,0.0,0.0,0.0,0.0,0.0,0.0,0.0,-0.0103950103950103,,1998-06-29,,bmo,,2025-04-25,1998-06-30,,5.434285714285714,495126.98412698414
1998-03-31,IVZ,USD,914208,1998-03-31,1998-03-30 19:00:00,1998,Q1,270700000.0,175700000.0,95000000.0,0.3509420022,0,0.0,0.0,0.0,0.0,0.0,175700000.0,0.0,0.0,-4200000.0,90800000.0,0.3354266716,95000000.0,0.3509420022,-1700000.0,93300000.0,0.3446619874,31700000.0,61600000.0,0.2275581825,0.11,0.1,560000000,616000000,,,0.4833928571428571,0.11,,,0.0,0.0776785714285714,0.0776785714285714,0.0776785714285714,1.2946428571428572,2996000000.0,3721000000.0,12.159090909090908,11.06760251200591,0.0,0.0,68.8735632183908,68.8735632183908,13.74584410786849,40.98017621145375,0.0,0.0,0.0205607476635514,,16.666666666666668,0.9433962264150944,7.984581497797357,1.384187926244001,0.0,0.0,,,0.0,0.0,0.0,0.0,,0.0,,0.4384683161708657,0.0816166569387756,0.0801561483409238,-1.2946428571428572,152100000.0,43500000.0,-177000000.0,234100000.0,157050000.0,69350000.0,9100000.0,0.0,0.0,0.0,0.0,0.0,0.0,1.4160919540229886,,1998-03-30,,bmo,,2025-04-25,1998-03-31,,4.643606557377049,93442.62295081968
1997-12-31,IVZ,USD,914208,1997-12-31,1997-12-30 19:00:00,1997,Q4,223800000.0,0.0,223800000.0,1.0,0,0.0,0.0,-793000000.0,223800000.0,-569200000.0,223800000.0,0.0,0.0,0.0,-345400000.0,-1.5433422699,-345400000.0,-1.5433422699,345400000.0,0.0,0.0,-49200000.0,49200000.0,0.2198391421,0.0948,0.0948,518918919,518918919,,,0.4312812499326123,0.0948124999851855,,,0.225083333298164,-0.068411458322644,-0.068411458322644,-0.068411458322644,0.090958333319121,2241729730.08,2172129730.08,11.3909031,10.016665460589811,0.0,0.0,-63.14731634028169,-63.14731634028169,9.705673503485254,-6.288736913954835,0.0,0.0,0.0219473379595336,,-1.3295774647887324,0.0678941311852704,0.2015055008685582,1.3428571428571427,0.0,0.0,,,0.0,0.0,0.0,0.0,,0.0,,,,0.0707710011507479,-0.7115273436388239,121200000.0,-35500000.0,-256000000.0,198500000.0,,,,126.31367292225202,0.0,0.0,0.7125119388729704,0.0,0.0,-1.3859154929577464,,1997-12-30,,bmo,,2025-04-25,1997-12-31,,3.616875,151093.75
1997-09-30,IVZ,USD,914208,1997-09-30,1997-09-29 20:00:00,1997,Q3,217600000.0,0.0,217600000.0,1.0,0,0.0,0.0,217600000.0,0.0,217600000.0,0.0,0.0,0.0,0.0,217600000.0,1.0,217600000.0,1.0,-217600000.0,0.0,0.0,-48000000.0,48000000.0,0.2205882353,0.0925,0.085,518918919,564705882,,,0.4193333332678125,0.0924999999855468,,,,,,,,1753945946.22,,9.1351351365625,8.060413355790441,0.0,0.0,0.0,0.0,,,0.0,0.0,0.0273668639010493,,0.0,0.0,,0.0,0.0,0.0,0.0239644970414201,0.8756756758125,0.0,0.0,0.0,0.0,,0.0,,,0.0,0.0,,,,,,,,,,0.0,0.0,0.0,0.0,0.0,0.0,,1997-09-29,,bmo,,2025-04-25,1997-09-30,,3.1096875,210281.25
1997-06-30,IVZ,USD,914208,1997-06-30,1997-06-29 20:00:00,1997,Q2,217600000.0,0.0,217600000.0,1.0,0,0.0,0.0,217600000.0,0.0,217600000.0,0.0,0.0,0.0,0.0,217600000.0,1.0,217600000.0,1.0,-217600000.0,0.0,0.0,-48000000.0,48000000.0,0.2205882353,0.0654,0.0654,734200000,734200000,,,0.2963770089893762,0.0653772813947153,,,,,,,,2143864000.0,,11.165958333333332,9.852316176470588,0.0,0.0,0.0,0.0,,,0.0,0.0,0.022389479929697,,0.0,0.0,,0.0,0.0,0.0,0.0158904109589041,0.7097266666666666,0.0,0.0,0.0,0.0,,0.0,,,0.0,0.0,,,,,,,,,,0.0,0.0,0.0,0.0,0.0,0.0,,1997-06-29,,bmo,,2025-04-25,1997-06-30,,2.76515625,106593.75
1997-03-31,IVZ,USD,914208,1997-03-31,1997-03-30 19:00:00,1997,Q1,217600000.0,0.0,217600000.0,1.0,0,0.0,0.0,217600000.0,0.0,217600000.0,0.0,0.0,0.0,0.0,217600000.0,1.0,217600000.0,1.0,-217600000.0,0.0,0.0,-48000000.0,48000000.0,0.2205882353,0.0654,0.0654,734200000,734200000,,,0.2963770089893762,0.0653772813947153,,,,,,,,1997024000.0,,10.401166666666668,9.1775,0.0,0.0,0.0,0.0,,,0.0,0.0,0.0240357652186453,,0.0,0.0,,0.0,0.0,0.0,,,0.0,0.0,0.0,0.0,,0.0,,,0.0,0.0,,,,,,,,,,0.0,0.0,0.0,0.0,0.0,0.0,,1997-03-30,,bmo,,2025-04-25,1997-03-31,,2.574754098360656,203606.5573770492
