date,symbol,reportedCurrency,cik,fillingDate,acceptedDate,calendarYear,period,revenue,costOfRevenue,grossProfit,grossProfitRatio,researchAndDevelopmentExpenses,generalAndAdministrativeExpenses,sellingAndMarketingExpenses,sellingGeneralAndAdministrativeExpenses,otherExpenses,operatingExpenses,costAndExpenses,interestIncome,interestExpense,depreciationAndAmortization,ebitda,ebitdaratio,operatingIncome,operatingIncomeRatio,totalOtherIncomeExpensesNet,incomeBeforeTax,incomeBeforeTaxRatio,incomeTaxExpense,netIncome,netIncomeRatio,eps,epsdiluted,weightedAverageShsOut,weightedAverageShsOutDil,link,finalLink,revenuePerShare,netIncomePerShare,operatingCashFlowPerShare,freeCashFlowPerShare,cashPerShare,bookValuePerShare,tangibleBookValuePerShare,shareholdersEquityPerShare,interestDebtPerShare,marketCap,enterpriseValue,peRatio,priceToSalesRatio,pocfratio,pfcfRatio,pbRatio,ptbRatio,evToSales,enterpriseValueOverEBITDA,evToOperatingCashFlow,evToFreeCashFlow,earningsYield,freeCashFlowYield,debtToEquity,debtToAssets,netDebtToEBITDA,currentRatio,interestCoverage,incomeQuality,dividendYield,payoutRatio,salesGeneralAndAdministrativeToRevenue,researchAndDdevelopementToRevenue,intangiblesToTotalAssets,capexToOperatingCashFlow,capexToRevenue,capexToDepreciation,stockBasedCompensationToRevenue,grahamNumber,roic,returnOnTangibleAssets,grahamNetNet,workingCapital,tangibleAssetValue,netCurrentAssetValue,investedCapital,averageReceivables,averagePayables,averageInventory,daysSalesOutstanding,daysPayablesOutstanding,daysOfInventoryOnHand,receivablesTurnover,payablesTurnover,inventoryTurnover,roe,capexPerShare,report_date,epsEstimated,time,revenueEstimated,updatedFromDate,fiscalDateEnding,surprise(%),QuarterAvgPrice,QuarterAvgVolume
2025-03-31,JBHT,USD,728535,2025-04-25,2025-04-25 12:50:26,2025,Q1,2921392000.0,2640854000.0,280538000.0,0.0960288794,0,72971000.0,0.0,72971000.0,50481000.0,123452000.0,2742712000.0,0.0,18597000.0,179476000.0,358156000.0,0.1225977205,178680000.0,0.0611626238,-18597000.0,160083000.0,0.0547968229,42343000.0,117740000.0,0.040302705,1.18,1.17,99194591,100489000,https://www.sec.gov/Archives/edgar/data/728535/000143774925013085/0001437749-25-013085-index.htm,https://www.sec.gov/Archives/edgar/data/728535/000143774925013085/jbht20250331_10q.htm,29.45112198708496,1.1869598817137117,4.074738309067679,1.5966596404434996,0.4375944248814938,38.98068393668763,36.70411827193279,83.22704813612266,16.110384486589595,14675839738.45,16211898738.45,31.16154182616357,5.023577711738103,36.30908018577804,92.66220317243338,1.7776672766048267,1.7776672766048267,5.549374660589883,45.26490897388289,40.10940033065968,102.36076991065792,0.0080227095756249,0.0107918867214836,0.1913188664328153,0.1913188664328153,4.288798735746434,0.8912618872957653,9.60800129053073,3.432919993205368,0.0029983974194479,0.3737387463903516,0.0249781610958063,0.0,0.0273536754665549,0.6081565196738183,0.0841420802138158,1.3696093070939848,0.006313428666882,47.14563884653865,0.0185604946199669,0.0146627894668019,-34.714304633808105,-203816000.0,3640850000.0,-2718441000.0,5781811000.0,1342384500.0,643326500.0,20831000.0,37.05583160356433,21.83593640542037,0.0,2.4287675139192686,4.121646002671961,0.0,0.0142617082822926,2.478078668624179,2025-04-15,1.15,amc,2902103030.0,2025-05-11,2025-03-31,0.0173913043478261,164.62491666666668,992509.0
2024-12-31,JBHT,USD,728535,2025-02-21,2025-02-21 15:42:02,2024,Q4,3146348000.0,2615995000.0,530353000.0,0.168561456,0,179512000.0,0.0,179512000.0,143802000.0,323314000.0,2939309000.0,7311000.0,22422000.0,205504000.0,419854000.0,0.1334416918,207039000.0,0.0658029563,-15111000.0,191928000.0,0.0610002454,36474000.0,155454000.0,0.0494077578,1.52,1.51,101947000,102754000,https://www.sec.gov/Archives/edgar/data/728535/000143774925004736/0001437749-25-004736-index.htm,https://www.sec.gov/Archives/edgar/data/728535/000143774925004736/jbht20241231d_10k.htm,30.86258546107291,1.524851148145605,3.115697372163968,0.9156326326424514,0.4608571120287992,39.37835345816944,37.11191109105712,39.37835345816944,14.714743935574369,17398275020.0,18828994020.0,27.97978022437505,5.529672820679721,54.77425424070319,186.38479442075715,4.333853120123153,4.333853120123153,5.984396519393277,44.846527650087886,59.27852642647559,201.7118464636942,0.0089350237205297,0.005365244536754,0.3680907110590222,0.177773580502077,3.407658376483253,1.0553878334247098,9.233743644634734,2.0432796840222838,0.0024962244791552,0.2793752492698805,0.0570540830194244,0.0,0.0277970999498331,0.7061227316802882,0.0712858208945736,1.0914089681516266,0.0026411573036421,36.75646702775439,0.0235051956452188,0.0192364685846048,-30.58938468027505,92943000.0,3783448000.0,-2526782000.0,6053799000.0,1372430500.0,659688500.0,20831000.0,42.3902886775398,22.2222328406591,1.433328427615496,2.123127791948392,4.049998064790804,62.79091258220921,0.0387230804295921,2.2000647395215163,2025-01-16,1.64,amc,3133964211.0,2025-04-25,2024-12-31,-0.0670731707317072,178.7346875,851261.140625
2024-09-30,JBHT,USD,728535,2024-10-25,2024-10-25 15:51:57,2024,Q3,3068171000.0,2536648000.0,531523000.0,0.1732377367,0,161821000.0,0.0,161821000.0,145594000.0,307415000.0,2843240000.0,0.0,20751000.0,187982000.0,412090000.0,0.1343112884,224108000.0,0.073042865,-20751000.0,203357000.0,0.0662795522,51291000.0,152066000.0,0.0495624266,1.5,1.49,101319000,102135000,https://www.sec.gov/Archives/edgar/data/728535/000143774924032122/0001437749-24-032122-index.htm,https://www.sec.gov/Archives/edgar/data/728535/000143774924032122/jbht20240930_10q.htm,30.282286639228577,1.5008636089973253,3.3409232226926835,1.6099250880881175,1.1843977931088936,39.48142006928611,37.00413545337005,39.48142006928611,15.32835894550874,17460303270.0,18872604270.0,28.7051399885576,5.690785575510621,51.58155052156727,107.04224766423894,4.364837933832606,4.364837933832606,6.151092709630591,45.79728765560921,55.75379622982638,115.70050926947694,0.0087092416236135,0.0093421057743174,0.3830548735093937,0.1840394189251677,3.427166395690262,0.9436453100622352,10.799865066743772,2.226000552391725,0.0025020183970722,0.2872831533676167,0.0527418452230987,0.0,0.0301462295593896,0.5181196990242216,0.0571620682158849,0.9329776255173368,0.0064572672122903,36.51390281528919,0.0247008665225423,0.0188318100635619,-32.16118645071507,-115045000.0,3749222000.0,-2399332000.0,5887225000.0,1257293000.0,699157000.0,0.0,37.04581328746018,23.894005001876497,0.0,2.4294243266205884,3.7666351870660417,0.0,0.0380144282136623,1.7309981346045658,2024-10-15,1.41,amc,3002593072.0,2025-04-25,2024-09-30,0.0567375886524823,168.02640625,858345.234375
2024-06-30,JBHT,USD,728535,2024-07-26,2024-07-26 12:31:43,2024,Q2,2928685000.0,2619654000.0,309031000.0,0.1055186884,0,158969000.0,-73222000.0,85747000.0,-17575000.0,103322000.0,2722976000.0,0.0,20198000.0,184658000.0,390367000.0,0.1332908797,205709000.0,0.0702393736,-20198000.0,185511000.0,0.063342763,49638000.0,135873000.0,0.0463938594,1.32,1.32,103146000,103146000,https://www.sec.gov/Archives/edgar/data/728535/000143774924023553/0001437749-24-023553-index.htm,https://www.sec.gov/Archives/edgar/data/728535/000143774924023553/jbht20240630_10q.htm,28.393587730013767,1.3172881158745855,3.495569387082388,0.9524460473503578,0.5187307311965563,39.51676263742656,37.02922070657127,39.51676264712155,14.581292536792509,16367207280.0,17797506280.0,30.114900090525715,5.588585757771833,45.39460740970839,166.6026127584206,4.0155111241522325,4.0155111241522325,6.076961598806291,45.591728501640766,49.36155549515467,181.16169705112932,0.0083015384161493,0.0060023068272646,0.3640347046464226,0.1763100234528427,3.6639854290962095,1.2100906757047285,10.184622239825725,2.653610356730182,0.0026888521204089,0.323898051857249,0.0542799925563862,0.0,0.0304876020131569,0.727527638023708,0.0895668192379856,1.420534176694213,0.0065404780643872,34.22333474093406,0.0218084654884755,0.0166525314692011,-32.45526001977779,332250000.0,3819415999.0,-2426174000.0,6422323000.0,1261890000.0,728301500.0,0.0,38.46431077428949,24.903128428410778,0.0,2.339831344648928,3.6140037689932702,0.0,0.0333349198576249,2.5431233397320305,2024-07-16,1.52,amc,3019160888.0,2025-04-25,2024-06-30,-0.131578947368421,167.6642857142857,907621.253968254
2024-03-31,JBHT,USD,728535,2024-04-26,2024-04-26 14:28:39,2024,Q1,2944001000.0,2644071000.0,299930000.0,0.1018783621,0,163712000.0,11242000.0,80755000.0,-17535000.0,98290000.0,2742361000.0,0.0,15649000.0,182996000.0,377365000.0,0.1281810027,201640000.0,0.0684918246,-15649000.0,178720000.0,0.0607065011,51227000.0,127493000.0,0.0433060315,1.23,1.22,103242000,104107000,https://www.sec.gov/Archives/edgar/data/728535/000143774924013384/0001437749-24-013384-index.htm,https://www.sec.gov/Archives/edgar/data/728535/000143774924013384/jbht20240331_10q.htm,28.51553631274093,1.2348947133918369,4.518190271401174,2.548187753046241,0.6216946591503458,40.355969460103445,37.81656689138141,40.355969460103445,13.387526394296897,20284988160.0,21587309160.0,39.776670405434025,6.890278963899808,43.486437754439216,77.10577831838224,4.868672531686873,4.868672531686873,7.332643283748885,57.2053824811522,46.27832013840207,82.05606340276722,0.0062850911715789,0.012969196625846,0.3279799906269851,0.1621429977684692,3.4510911186782027,1.2626814785645446,12.885168381366222,3.658765579286706,0.002189698098399,0.3483955981897045,0.055608676763357,0.0,0.0311081811232097,0.4360158382050605,0.0690852346857219,1.111428665107434,0.0062530549412177,33.48575667581507,0.0206729945117371,0.0156134079408168,-31.412416942717112,405576000.0,3904257999.0,-2311792000.0,6462545000.0,1480997500.0,734552500.0,21093000.0,38.88937198051223,24.90730770845412,0.0,2.314256965761744,3.6133973632747103,0.0,0.0306000507462142,1.970002518354933,2024-04-16,1.52,amc,3110824127.0,2025-04-25,2024-03-31,-0.1973684210526316,201.7367213114754,775836.524590164
2023-12-31,JBHT,USD,728535,2024-02-23,2024-02-23 16:01:25,2023,Q4,3303701000.0,2986666000.0,317035000.0,0.0959635875,0,213339000.0,-118782000.0,94557000.0,-19199000.0,113756000.0,3100422000.0,999.0,16330000.0,194456000.0,397735000.0,0.1203907375,203279000.0,0.0615306894,-16329000.0,186949000.0,0.0565877481,33414000.0,153535000.0,0.0464736367,1.49,1.47,103220027,104122000,https://www.sec.gov/Archives/edgar/data/728535/000143774924005368/0001437749-24-005368-index.htm,https://www.sec.gov/Archives/edgar/data/728535/000143774924005368/jbht20231231_10k.htm,32.006395425569885,1.4874535927025092,2.082987248201359,-0.860666312362038,0.5167989347648592,39.75738157867368,37.16140279637788,39.75738157867368,18.845160726416008,20617168192.98,22492692192.98,33.570795246979515,6.240627766550302,95.89112951722278,-232.07600568427924,5.023972708181136,5.023972708181136,6.80833168406584,56.55195593292016,104.61425352306448,-253.18773715054368,0.0074469489972089,-0.0043089331749376,0.4700247919102442,0.2190583593688779,4.715511584346361,1.1716800009666066,12.448194271169276,1.400371250854854,0.0021028106088188,0.2823720975673299,0.0645757591259015,0.0,0.0304314348111982,1.4131884691590002,0.0919707927563662,1.5625334265849344,0.0056515404995791,36.477230589464455,0.0223321289173025,0.0179839956670207,-32.54857703147084,305490999.0,3835801000.0,-2616600001.0,6697560999.0,1529927000.0,773083500.0,21093000.5,46.03600628507241,22.21967906689265,1.2712301944710256,1.954991478684877,4.05046354310761,70.7975631726165,0.0374132685211944,2.9436535605633973,2024-01-18,1.75,amc,3272270000.0,2025-04-25,2023-12-31,-0.16,185.15285714285716,741155.0793650794
2023-09-30,JBHT,USD,728535,2023-10-27,2023-10-27 12:41:21,2023,Q3,3163753000.0,2630060000.0,533693000.0,0.168689844,0,142333000.0,0.0,142333000.0,61492000.0,291977000.0,2922037000.0,12586000.0,12586000.0,187714000.0,429430000.0,0.1357343636,241716000.0,0.076401666,-12586000.0,229130000.0,0.0724234793,41699000.0,187431000.0,0.0592432469,1.81,1.8,103302000,104394000,https://www.sec.gov/Archives/edgar/data/728535/000143774923029197/0001437749-23-029197-index.htm,https://www.sec.gov/Archives/edgar/data/728535/000143774923029197/jbht20230930_10q.htm,30.62625118584345,1.8143985595632224,4.185030299510174,-0.6514394687421348,0.7279433118429459,38.89665253334882,36.22442934309113,38.89665253334882,14.115854484908327,19474493040.0,20844905040.0,25.975549722297806,6.155503618645324,45.046268845906525,-289.3898958317854,4.846689566367405,4.846689566367405,6.588663855869911,48.5408682206646,48.21615610586554,-309.75414280407165,0.0096244353891535,-0.0034555456648744,0.3597743412188142,0.172651998036539,3.191234892764828,1.1074141857908262,19.20514857778484,73274.91525423729,0.0022301992617107,0.2317226072528023,0.0449886574584046,0.0,0.0329687076389859,1.155659439029242,0.1579190916610746,84680.84745762713,0.006534328059112,39.84865973138411,0.0285742994255431,0.0231484203136894,-31.482347868385897,191098000.0,3742056000.0,-2384694000.0,6184913000.0,1328109000.0,788115500.0,1.0,38.971961464754045,27.677037786210203,3.4219751640646985e-08,2.309352586253462,3.2517930818753147,2630060000.0,0.0466466505827875,4.836469768252309,2023-10-17,1.83,amc,3198110000.0,2025-04-25,2023-09-30,-0.0163934426229508,192.0704761904762,774785.873015873
2023-06-30,JBHT,USD,728535,2023-07-27,2023-07-27 15:21:50,2023,Q2,3132623000.0,2578280000.0,554343000.0,0.1769580955,0,135731000.0,0.0,135731000.0,147900000.0,283631000.0,2861911000.0,14604000.0,14604000.0,203964000.0,450684000.0,0.1438679343,270712000.0,0.0864170377,-14604000.0,256108000.0,0.0817551298,66556000.0,189552000.0,0.0605090367,1.83,1.81,103562000,104566000,https://www.sec.gov/Archives/edgar/data/728535/000143774923020887/0001437749-23-020887-index.htm,https://www.sec.gov/Archives/edgar/data/728535/000143774923020887/jbht20230630_10q.htm,30.248768853440453,1.8303238639655472,5.8869952299105845,0.115998146038122,2.857505648790097,37.77372974643209,35.58522431007513,37.77372974643209,14.095488692763755,18747828860.0,19897052860.0,24.72649834873808,5.984706381840394,30.750831779211342,1560.6283909098477,4.792484120980909,4.792484120980909,6.351563166075203,44.148567200078105,32.63582839212753,1656.293420461167,0.0101106107494091,0.0006407675304541,0.3694226599040932,0.1752182296902954,2.5499551792386685,1.2086802327816868,18.53683922213092,99945.73770491804,0.0023217621797727,0.2296361948172533,0.0433282268565352,0.0,0.0274797968702183,0.9802958654614226,0.1907845278541337,104851.9298245614,0.0065750012050604,39.44120405340458,0.0297754853569295,0.0236317127132161,-29.694260438191616,369056000.0,3685277000.0,-2198229000.0,6079783000.0,1334570000.0,758601000.0,0.5,36.95368386173504,26.7886032548831,3.4906992258404825e-08,2.4354811373269767,3.3596376467890146,2578280000.0,0.0484549414699624,5.770997083872463,2023-07-18,1.92,amc,3310240000.0,2025-04-25,2023-06-30,-0.0572916666666666,173.95306451612905,724169.6612903225
2023-03-31,JBHT,USD,728535,2023-04-28,2023-04-28 14:02:27,2023,Q1,3229588000.0,2664443000.0,565145000.0,0.1749898129,0,141188000.0,0.0,141188000.0,146468000.0,287656000.0,2952099000.0,0.0,14789000.0,175812000.0,453301000.0,0.1403587702,277489000.0,0.0859208667,-14789000.0,262700000.0,0.0813416448,64932000.0,197768000.0,0.0612362939,1.91,1.89,103648000,104729000,https://www.sec.gov/Archives/edgar/data/728535/000143774923011573/0001437749-23-011573-index.htm,https://www.sec.gov/Archives/edgar/data/728535/000143774923011573/jbht20230331_10q.htm,31.159192652053104,1.908073479468972,4.704586677987033,0.2538109756097561,0.5075254708243285,36.6371854739117,34.40349066069775,36.6371854739117,12.12067767829577,18186078080.0,19374969080.0,22.989156587516685,5.631082998822141,37.29551860973994,691.3018618618619,4.789123338225314,4.789123338225314,5.999207663640068,42.7419508891443,39.73366421872725,736.4948143079789,0.0108746921205344,0.0014465460823535,0.3269353982004919,0.1593621227762059,2.6227407395968685,1.1674963884941327,18.76320238014741,2.4656213340884268,0.0023965584997642,0.220379434488896,0.0437170313984322,0.0,0.0297183636993315,0.9460503136657364,0.1428398916518144,2.62390508042682,0.0059598933362397,39.65973958835367,0.0329674346137766,0.026163650612974,-28.010718971904907,285344000.0,3565853000.0,-2004104000.0,5714660000.0,1455485500.0,774275000.0,20301000.0,38.537621517048,25.325991210921007,0.0,2.3353802455137624,3.553661503333004,0.0,0.0520802418304663,4.450775702377277,2023-04-17,2.0,amc,3403140000.0,2025-04-25,2023-03-31,-0.055,181.80129032258063,737381.7741935484
2022-12-31,JBHT,USD,728535,2023-02-24,2023-02-24 15:52:49,2022,Q4,3649622000.0,3027926000.0,621696000.0,0.1703453125,0,189787000.0,0.0,189787000.0,149961000.0,339748000.0,3367674000.0,11189000.0,11189000.0,171606000.0,281948000.0,0.077254028,110342000.0,0.030233816,160417000.0,270759000.0,0.074188231,69456000.0,201303000.0,0.055157219,1.94,1.92,103550062,104737000,https://www.sec.gov/Archives/edgar/data/728535/000143774923004530/0001437749-23-004530-index.htm,https://www.sec.gov/Archives/edgar/data/728535/000143774923004530/jbht20221231_10k.htm,35.24500062588084,1.9440162189376573,4.070263135139407,-0.3036115999621516,0.5014675896572616,35.410582371259224,33.12812115940597,35.410582371259224,12.292865647922063,18054988810.32,19264799810.32,22.422652432303543,4.947084605013889,42.83752529282807,-574.2863580368332,4.923951777238157,4.923951777238157,5.278574003094019,68.32749234014783,45.70794021562319,-612.7675756328127,0.0111494392001471,-0.0017412915804206,0.3441008539400366,0.1629659556457149,4.290901159078979,1.382153522025773,9.86164983465904,2.0937392885351933,0.0022983121416437,0.2061370173320814,0.0520018237505144,0.0,0.0305268135309462,1.07459262211846,0.1240991532821755,2.6392725196088715,0.0048766694194631,39.3557085460865,0.0132872110873377,0.0268189734281624,-27.59330795958384,599305000.0,3430419000.0,-1908037000.0,5815471000.0,1627115000.0,818817500.0,20301000.0,37.682464101761774,23.74227111230591,1.206826058496806,2.3883788426615187,3.790707282141677,74.57578444411605,0.0548993009647733,4.373874735101559,2023-01-18,2.46,bmo,3810848500.0,2025-04-25,2022-12-31,-0.2195121951219512,174.5188888888889,710013.126984127
2022-09-30,JBHT,USD,728535,2022-11-04,2022-11-04 12:41:06,2022,Q3,3838257000.0,3188530000.0,649727000.0,0.1692765753,0,132071000.0,0.0,132071000.0,155428000.0,287499000.0,3476029000.0,13562000.0,13562000.0,189170000.0,528808000.0,0.1377729527,195648000.0,0.050973137,-13562000.0,348666000.0,0.0908396702,79284000.0,269382000.0,0.0701834192,2.6,2.57,103537423,104924000,https://www.sec.gov/Archives/edgar/data/728535/000143774922025965/0001437749-22-025965-index.htm,https://www.sec.gov/Archives/edgar/data/728535/000143774922025965/jbht20220930_10q.htm,37.07120467929746,2.601783897982472,5.513745498572048,1.4558987043747458,0.8145267436296922,33.85354684750073,31.522022718297716,33.85354684750073,12.14416935990381,16195323705.659998,17354803705.659996,15.03007226323585,4.219447448584083,28.3691004672794,107.43879332400158,4.620490748122241,4.620490748122241,4.521532483536146,32.81872381972284,30.40014382322698,115.13071318601564,0.016633319895042,0.0093076250119853,0.3548574380996425,0.1673691886184312,2.192629460976385,1.4342517344961498,14.426190827311606,2.119217319642738,0.0025658023732787,0.1542567803342465,0.0344091080925534,0.0,0.0324830900218917,0.7359510509232254,0.1094608828955434,2.522145515668148,0.0052505603454901,44.51731454436588,0.0254869897585496,0.0374653745487408,-24.604627739286112,651692000.0,3263709000.0,-1774034000.0,5601099000.0,1751464000.0,862738000.0,0.0,40.47512972685258,23.677779415592763,0.0,2.2235876847675904,3.801032116243612,0.0,0.0768541006855992,4.057846794197302,2022-10-18,2.45,amc,3802525939.0,2025-04-25,2022-09-30,0.0489795918367345,174.57796875,729273.015625
2022-06-30,JBHT,USD,728535,2022-07-29,2022-07-29 11:16:15,2022,Q2,3837532000.0,3185855000.0,651677000.0,0.1698166947,0,155888000.0,0.0,155888000.0,142706000.0,298594000.0,3484449000.0,0.0,12842000.0,178176000.0,510654000.0,0.1330683366,195512000.0,0.0509473276,-12842000.0,340241000.0,0.0886614105,84900000.0,255341000.0,0.0665378165,2.46,2.42,103813143,105387000,https://www.sec.gov/Archives/edgar/data/728535/000143774922018102/0001437749-22-018102-index.htm,https://www.sec.gov/Archives/edgar/data/728535/000143774922018102/jbht20220630b_10q.htm,36.96576261061665,2.459621129089599,4.746431769241395,1.2940365363950113,1.1929221717138456,32.02738982673899,29.74925824180085,32.02738982673899,12.607228354506134,16347455628.21,17519568628.21,16.00551383073028,4.259887768547597,33.17650135001685,121.6889906668999,4.916729113795332,4.916729113795332,4.565321833983404,34.3081002561617,35.55525737243831,130.41409450944633,0.0156196172546491,0.0082176702635105,0.3897765442436142,0.1786891308202536,2.295317377323981,1.2202345907762564,15.224419872294035,1.929741012998304,0.0025529355117491,0.1634441785690508,0.0406219413935831,0.0,0.0326091662504918,0.727366451408648,0.0933944003593976,2.274555597159376,0.0053271217021773,42.10039199778692,0.025595693454473,0.0363937775920452,-23.80505183240623,411853000.0,3088364000.0,-1645780000.0,5096048000.0,1761210000.0,870748000.0,-700000.0,41.66989877869422,25.046817887191978,0.0,2.1598324603086607,3.593270826072588,0.0,0.0767974269022733,3.4523952328463845,2022-07-19,2.35,amc,3595167426.0,2025-04-25,2022-06-30,0.0297872340425531,169.26209677419354,973271.129032258
2022-03-31,JBHT,USD,728535,2022-05-02,2022-05-02 15:10:35,2022,Q1,3488588000.0,2939160000.0,549428000.0,0.1574929456,0,92446000.0,0.0,92446000.0,122688000.0,215134000.0,3154294000.0,0.0,12586000.0,167224000.0,483057000.0,0.1384677698,185531000.0,0.0531822617,-12586000.0,321708000.0,0.0922172524,78383000.0,243325000.0,0.0697488497,2.32,2.29,104783408,106075000,https://www.sec.gov/Archives/edgar/data/728535/000143774922010428/0001437749-22-010428-index.htm,https://www.sec.gov/Archives/edgar/data/728535/000143774922010428/jbht20220331_10q.htm,33.29332445457396,2.32217108265843,2.7846488825788143,-0.1675169794057471,1.3926727788811757,31.05016397252512,28.744140484531677,31.05016397252512,12.496520441480582,21039460492.32,22191773492.32,21.616624362806945,6.030938732897091,72.10603866655242,-1198.6247645599042,6.46663251690619,6.46663251690619,6.36124801562122,45.94027928861397,76.05522385427626,-1264.272403140204,0.011565172980021,-0.0008342894536866,0.3985939016616352,0.1844216269732638,2.385459686952057,1.2635821664901694,14.74106149690132,1.1991575053940204,0.0019933971222935,0.1723620671940819,0.0264995465214006,0.0,0.0343622052574104,1.0601573076066282,0.0886714051644963,2.079401464073728,0.0054867470736011,40.27822414156326,0.0250654492083581,0.0358341624562538,-22.17846121210335,470423000.0,3011909000.0,-1523246000.0,4946322000.0,1626133000.0,813807500.0,11816000.0,45.03490523959837,26.17724451884212,-0.0428693912546441,1.9984498584192565,3.4381005966926312,-2099.4,0.0747877236562491,2.952165861984561,2022-04-18,1.94,amc,3294502125.0,2025-04-25,2022-03-31,0.1804123711340206,199.28370967741932,750611.2580645161
2021-12-31,JBHT,USD,728535,2022-02-25,2022-02-25 15:53:19,2021,Q4,3496971000.0,2948642000.0,548329000.0,0.1568011287,0,111817000.0,0.0,111817000.0,114011000.0,225826000.0,3174468000.0,0.0,9697000.0,141254000.0,463757000.0,0.1326167703,322503000.0,0.0922235272,-9697000.0,312806000.0,0.0894505559,70597000.0,242209000.0,0.0692625132,2.3,2.28,105093706,106312000,https://www.sec.gov/Archives/edgar/data/728535/000143774922004457/0001437749-22-004457-index.htm,https://www.sec.gov/Archives/edgar/data/728535/000143774922004457/jbht20211231_10k.htm,33.2747900240572,2.3046955828163487,2.417356944287415,-1.1494218312179418,3.4431081914648627,29.66700974461782,27.84843271204081,29.66700974461782,12.473877360457724,21481153506.4,22426833506.4,22.17212562951831,6.142788575141172,84.55515867568856,-177.82853470202076,6.8898079637797744,6.8898079637797744,6.413216897251936,48.35901885340815,88.2775901751237,-185.65720594385624,0.011275418702624,-0.0056233944775828,0.4173527238297577,0.1916077329932416,2.039171376388928,1.3345090247688778,33.25801794369393,1.0488834023508622,0.0014687758732602,0.1302635327341263,0.031975386698946,0.0,0.0281428261569649,1.4754870123480115,0.1071916238367432,2.653701842071729,0.0040303451186755,39.22246922441626,0.0460672094801315,0.036698400057697,-20.638379143276197,577483000.0,2926695000.0,-1369450000.0,4836259000.0,1474783500.0,760903500.0,12516000.5,38.7751885846351,23.58585409825947,0.7640398529221248,2.32107188346888,3.81584655043896,117.79490252476828,0.0776854695722903,3.566778775505357,2022-01-18,2.02,amc,3240760000.0,2025-04-25,2021-12-31,0.1287128712871286,192.25671875,503759.671875
2021-09-30,JBHT,USD,728535,2021-10-28,2021-10-28 14:55:19,2021,Q3,3144812000.0,2657008000.0,487804000.0,0.1551138828,0,99970000.0,0.0,99970000.0,114005000.0,213975000.0,2870983000.0,0.0,11977000.0,153672000.0,412752000.0,0.1312485452,273829000.0,0.0870732495,-11977000.0,261852000.0,0.0832647548,62023000.0,199829000.0,0.0635424312,1.9,1.88,105013893,106436000,https://www.sec.gov/Archives/edgar/data/728535/000143774921024511/0001437749-21-024511-index.htm,https://www.sec.gov/Archives/edgar/data/728535/000143774921024511/jbht20210930_10q.htm,29.946628109482617,1.9028815549195952,2.867249193399582,0.3343462374068924,5.043094631297975,27.82706093945113,25.906305559017795,27.82706093945113,12.489956924080513,17560423187.46,18330470187.46,21.96931274672345,5.5839341707739605,58.32070696364343,500.1402178080943,6.009258410863218,6.009258410863218,5.828796820751129,44.41037278428693,60.87814450121388,522.0720055669163,0.0113795093584475,0.0019994392860117,0.4447435313055655,0.1995400103482318,1.8656408690933053,1.3773013576938722,22.86290389914002,1.5067933082785785,0.0017989315896759,0.1580851628142061,0.0317888636904209,0.0,0.0309688493656718,0.8833912873089096,0.0845805727019612,1.9146577600541308,0.0050702553920552,34.516822308250866,0.0400069638012855,0.0316611750897253,-18.846611081259507,620520000.0,2720522000.0,-1325815000.0,4676810000.0,1368436000.0,711963500.0,1.0,41.29509808535455,25.37304742778343,3.387268687184984e-08,2.179435433570718,3.54707097191054,2657008000.0,0.0683824123237474,2.532902955992689,2021-10-15,1.77,bmo,3011340000.0,2025-04-25,2021-09-30,0.0621468926553671,170.51703125,540510.78125
2021-06-30,JBHT,USD,728535,2021-08-03,2021-08-03 15:43:16,2021,Q2,2908370000.0,2469915000.0,438455000.0,0.1507562655,0,91681000.0,0.0,91681000.0,105228000.0,196909000.0,2666824000.0,0.0,12059000.0,152486000.0,380917000.0,0.1309726754,241546000.0,0.0830520188,-12059000.0,229487000.0,0.0789057101,57325000.0,172162000.0,0.0591953568,1.64,1.61,105196031,106816000,https://www.sec.gov/Archives/edgar/data/728535/000143774921018301/0001437749-21-018301-index.htm,https://www.sec.gov/Archives/edgar/data/728535/000143774921018301/jbht20210630_10q.htm,27.64714573689572,1.6365826577620597,2.890698414277626,1.0089544157801924,5.427181943775046,26.60773389824945,24.66007486537206,26.60773389824945,12.505471808152151,17141693251.45,17874242251.449997,24.89180720985177,5.893917641651509,56.37046023035944,161.5038275777761,6.124159262233175,6.124159262233175,6.14579377845666,46.92424399921767,58.77944770117399,168.40568176760442,0.0100434652210006,0.0061918037175832,0.465685587996976,0.2061340792618647,1.9231197347453648,1.7985834713905997,20.030350775354503,1.7663015067204144,0.0018495255710703,0.1841521357790917,0.0315231555819926,0.0,0.0324012705834872,0.6509651747837811,0.0680628668291861,1.4203241707385323,0.0056729370747188,31.30142978930853,0.0351886232417683,0.0281379055155276,-18.850568606528512,980944000.0,2594142000.0,-1315067000.0,4903558000.0,1256543000.0,658371500.0,0.5,40.04069633506053,24.59074097691621,3.643850092007216e-08,2.24771315780525,3.6599141150112025,2469915000.0,0.061507780558108,1.8817439984974336,2021-07-19,1.57,amc,2686050000.0,2025-04-25,2021-06-30,0.0254777070063694,168.79968253968252,601623.5079365079
2021-03-31,JBHT,USD,728535,2021-05-03,2021-05-03 13:56:52,2021,Q1,2618149000.0,2222918000.0,395231000.0,0.1509581769,0,92067000.0,0.0,92067000.0,95512000.0,187579000.0,2410497000.0,0.0,12024000.0,137545000.0,345197000.0,0.1318477291,207652000.0,0.0793125219,-12024000.0,195628000.0,0.0747199644,49022000.0,146606000.0,0.0559960491,1.39,1.37,105671006,106816000,https://www.sec.gov/Archives/edgar/data/728535/000143774921010596/0001437749-21-010596-index.htm,https://www.sec.gov/Archives/edgar/data/728535/000143774921010596/jbht20210331_10q.htm,24.77641785675817,1.3873815112539003,3.4508803673166506,2.42150623606252,5.232939676944119,25.75981911253878,23.78766981739532,25.75981911253878,12.429653598641806,17760125978.42,18508585978.42,30.2854691800131,6.783466478958989,48.70351391830153,69.40721336868802,6.524502336982278,6.524502336982278,7.069340201195577,53.61745895364096,50.75601242375047,72.33222206406833,0.0082547837880282,0.0144077243771197,0.4781037638323244,0.2111817630398568,2.1682111953464256,1.8278455075445816,17.26979374584165,2.4873333969960303,0.0016664859267306,0.2018812326917043,0.0351649199491702,0.0,0.0338167002725794,0.2982931952678948,0.0415465277186287,0.7908320913155694,0.0057166341564211,28.357021658216787,0.030856135179319,0.0246222544832586,-18.6730360076254,965599000.0,2513667000.0,-1308541000.0,4824919000.0,1171782500.0,614698500.0,11902000.0,41.9092190704196,25.98828656747573,0.0,2.147498855771423,3.4630986450886216,0.0,0.0538583561162734,1.0293741312541305,2021-04-15,1.17,amc,2170602162.0,2025-04-25,2021-03-31,0.1709401709401711,150.46918032786883,667377.4426229508
2020-12-31,JBHT,USD,728535,2021-02-23,2021-02-22 18:09:24,2020,Q4,2737652000.0,2339649000.0,398003000.0,0.1453811514,0,93040000.0,0.0,93040000.0,97271000.0,190312000.0,2529961000.0,0.0,10345000.0,134589000.0,342281000.0,0.1250272131,207691000.0,0.0758646461,-10345000.0,197347000.0,0.0720862257,43340000.0,154007000.0,0.0562551413,1.46,1.44,105653644,106738000,https://www.sec.gov/Archives/edgar/data/728535/000143774921003667/0001437749-21-003667-index.htm,https://www.sec.gov/Archives/edgar/data/728535/000143774921003667/jbht20201231_10k.htm,25.911571966225797,1.4576591414111566,2.005278682105844,0.3131269187459355,2.965368615208388,24.610017237077027,22.60188015853008,24.610017237077027,12.453607373920772,14437570452.6,15429692452.6,23.436549073418742,5.273705515748532,68.14514172987516,436.4045114590575,5.552616996713252,5.552616996713252,5.636104388943518,45.07902119194463,72.82794445802752,466.3933879212889,0.0106670994614793,0.0022914520215582,0.50205950607237,0.2195021022480308,2.89855995512459,1.6524555868607966,20.076462058965685,1.3756842221457466,0.0019758171981673,0.1852253468998162,0.033985327572679,0.0,0.0356750776204956,0.8438486772237038,0.0653048670904848,1.328355214764951,0.0043979293204541,28.41026000247108,0.0336193147138524,0.0268537017540249,-20.619835412397133,734787000.0,2387971000.0,-1486093000.0,4635848000.0,1123114000.0,595516500.0,11902000.5,36.96462150777381,22.59992845080608,0.915675812910398,2.434760490678164,3.982313492536297,98.28806083011258,0.0592303177754411,1.6921517633599084,2021-01-19,1.29,amc,2419320372.0,2025-04-25,2020-12-31,0.1162790697674417,132.5628125,793389.59375
2020-09-30,JBHT,USD,728535,2020-10-29,2020-10-29 13:16:30,2020,Q3,2472523000.0,2111237000.0,361286000.0,0.1461203799,0,85984000.0,0.0,85984000.0,99799000.0,185783000.0,2297020000.0,0.0,11895000.0,132393000.0,307896000.0,0.1245270519,175503000.0,0.0709813417,-11895000.0,163608000.0,0.0661704664,38112000.0,125496000.0,0.0507562518,1.19,1.18,105678955,106798000,https://www.sec.gov/Archives/edgar/data/728535/000143774920021952/0001437749-20-021952-index.htm,https://www.sec.gov/Archives/edgar/data/728535/000143774920021952/jbht20200930_10q.htm,23.39655042955336,1.1875212051443922,2.5647869057751373,0.5071019106878943,3.0143087618532944,23.537552959338026,21.7145977645218,23.537552959338026,12.445694604001336,13355706332.9,14340510332.9,26.60584068994231,5.401650998959362,49.275048821962486,249.22012190520616,5.369292220747247,5.369292220747247,5.799950226105076,46.575825385519785,52.90842200122489,267.59675933756296,0.0093964330206076,0.0040125170967549,0.5239770139710801,0.2255301984993412,3.198495595915504,1.57801871970919,14.75435056746532,2.15978198508319,0.0021363901907391,0.2273618282654427,0.0347758140166946,0.0,0.0333355136179539,0.8022830241584392,0.0879482213107825,1.6424886512126775,0.0059020684539638,25.07798283892703,0.0284612750629097,0.0224645004827784,-20.17166283958807,633175000.0,2294776000.0,-1563040000.0,4508227000.0,1036230500.0,558520000.0,1.0,40.83450386508033,25.727604243389067,4.2629036910588445e-08,2.2040184520758586,3.4981881386459173,2111237000.0,0.0504521947203211,2.057684995087244,2020-10-16,1.28,bmo,2682058847.0,2025-04-25,2020-09-30,-0.078125,133.09578125,824396.453125
2020-06-30,JBHT,USD,728535,2020-07-28,2020-07-28 16:15:06,2020,Q2,2145573000.0,1794190000.0,351383000.0,0.1637711698,0,83499000.0,0.0,83499000.0,92701000.0,176200000.0,1970390000.0,0.0,12818000.0,130298000.0,305481000.0,0.1423773509,175183000.0,0.0816485852,-12818000.0,162365000.0,0.0756744236,40667000.0,121698000.0,0.0567205124,1.15,1.14,105507223,106580000,https://www.sec.gov/Archives/edgar/data/728535/000143774920015869/0001437749-20-015869-index.htm,https://www.sec.gov/Archives/edgar/data/728535/000143774920015869/jbht20200630_10q.htm,20.335792555169423,1.153456574248002,3.703888595380811,2.0405427598070704,2.603177225127042,22.66046752078765,20.802376724482645,22.66046752078765,12.509446865073873,12696739215.82,13729104215.82,26.08247303945012,5.917644944180412,32.49017806585173,58.97450539648477,5.310570044047226,5.310570044047226,6.398805454682735,44.942579786697046,35.13193687563813,63.76969054038236,0.0095849806734917,0.0169564796394139,0.5466770507306419,0.2353449058201911,3.379473682487618,1.5913522657265715,13.666952722733656,3.2111209715854,0.0022436469329468,0.2340794425545202,0.0389168767504065,0.0,0.0352997821965877,0.4490809571454526,0.0817940009498628,1.3468740886276074,0.0074581475438029,24.25081375626767,0.0283557426866408,0.0227150640493206,-20.616199892778905,574015000.0,2194801000.0,-1618092000.0,4396453000.0,964458000.0,505583000.0,0.5,39.87617293841785,25.75899430940981,5.016191150324103e-08,2.2569869014007464,3.4939252254550484,1794190000.0,0.050901711237417,1.6633458355737407,2020-07-16,0.83,amc,1562127710.0,2025-04-25,2020-06-30,0.3734939759036144,107.7231746031746,861393.0158730159
2020-03-31,JBHT,USD,728535,2020-05-01,2020-05-01 15:05:45,2020,Q1,2280826000.0,1941618000.0,339208000.0,0.1487215596,0,85557000.0,0.0,85557000.0,98910000.0,184467000.0,2126085000.0,0.0,12036000.0,130095000.0,284836000.0,0.1248828275,154741000.0,0.067844281,-12036000.0,142705000.0,0.0625672454,37871000.0,104834000.0,0.045963173,0.99,0.98,105460633,106950000,https://www.sec.gov/Archives/edgar/data/728535/000143774920009127/0001437749-20-009127-index.htm,https://www.sec.gov/Archives/edgar/data/728535/000143774920009127/jbht20200331_10q.htm,21.627273942116396,0.9940581335217284,2.3626162001132687,0.780850613707202,0.4594510636020931,21.64236962241636,19.75126585860716,21.64236962241636,12.46713548552283,9726634181.59,10980936181.59,23.19532351524792,4.264522669239127,39.037233383728726,118.11478198387351,4.261548139556383,4.261548139556383,4.814455895184464,38.55178482210816,44.07129542343767,133.3463209218084,0.0107780346256286,0.0084663408186837,0.5707788844988079,0.2421460650307191,4.40359364687048,1.5372838077978743,12.85651379195746,2.3767384627124786,0.0029494272596679,0.2736516778907606,0.0375114103399382,0.0,0.0370697849570691,0.6694974775548537,0.0731375387688495,1.282247588300857,0.0079194993392744,22.00136143325107,0.025170884059993,0.0202358604834763,-21.95568084633059,488593000.0,2082981000.0,-1699655000.0,4306330000.0,995054500.0,550125000.0,10553000.0,38.60233090994228,23.06757044897606,0.0,2.331465429120497,3.9015812349668137,0.0,0.0459311134069219,1.581765586406067,2020-04-14,0.98,amc,2280826000.0,2025-04-25,2020-03-31,0.0,104.01580645161292,925648.8548387096
2019-12-31,JBHT,USD,728535,2020-03-02,2020-03-02 15:06:58,2019,Q4,2450323000.0,2054324000.0,395999000.0,0.1616109386,0,92947000.0,0.0,92947000.0,97978000.0,190925000.0,2245249000.0,0.0,12777000.0,128417000.0,363692000.0,0.1484261463,205074000.0,0.0836926397,-12777000.0,192298000.0,0.0784786332,47622000.0,144676000.0,0.0590436445,1.36,1.35,106212908,107529000,https://www.sec.gov/Archives/edgar/data/728535/000143774920004119/0001437749-20-004119-index.htm,https://www.sec.gov/Archives/edgar/data/728535/000143774920004119/jbht20191231_10k.htm,23.06991726466994,1.3621319924693145,1.513488360567249,0.2731118142438958,0.3295268029004535,21.34419481293177,19.434577575072137,21.34419481293177,12.319754958596937,12403543396.24,13664283396.24,21.43331201484697,5.0620034159741385,77.15949659251517,427.5904369911749,5.471276898636939,5.471276898636939,5.5765233384496655,37.571030971921296,85.00226060167213,471.0522406315499,0.0116640862516639,0.0023386865408793,0.571558634671193,0.2368441928810383,3.4665046247924067,1.4301483153530816,16.050246536745714,1.111117255107965,0.0022356514678221,0.1916696618651331,0.0379325501168621,0.0,0.0370739193551865,0.8195481238180551,0.0537659728941857,1.025907784794848,0.0045585826848133,25.576478230677484,0.0347880500777431,0.0274630279110133,-22.59047695031568,445533000.0,2064203000.0,-1722526000.0,4269225000.0,1031428000.0,628780000.0,10553000.5,37.16432894765303,26.39996904091078,0.924654533559458,2.421676982968466,3.4090949069118706,97.33364919927982,0.0638174456524376,1.2403765463233527,2020-01-17,1.5,bmo,2695356399.0,2025-04-25,2019-12-31,-0.0999999999999999,114.8821875,811331.328125
2019-09-30,JBHT,USD,728535,2019-11-01,2019-11-01 11:50:27,2019,Q3,2363660000.0,1966016000.0,397644000.0,0.1682323177,0,84259000.0,0.0,84259000.0,101310000.0,185569000.0,2151585000.0,0.0,12357000.0,126804000.0,294666000.0,0.124665138,212075000.0,0.0897231412,-12357000.0,199718000.0,0.084495232,48502000.0,151216000.0,0.0639753602,1.42,1.4,106578000,107692000,https://www.sec.gov/Archives/edgar/data/728535/000143774919021195/0001437749-19-021195-index.htm,https://www.sec.gov/Archives/edgar/data/728535/000143774919021195/jbht20190816_10q.htm,22.17774775281953,1.4188294019403629,3.1050873538628987,1.5359079735029744,0.7049484884310083,20.88925481806752,19.107461202124263,20.88925481806752,12.250830377751504,11792855700.0,13011035700.0,19.496706201724688,4.989235211494039,35.635068321780174,72.0420766796584,5.296981676162842,5.296981676162842,5.504613903860961,44.155198428050745,39.31610441961237,79.48388884137476,0.0128226787342102,0.0138807769860187,0.5809152710620819,0.2401097443401703,4.134104375801755,1.3345307675315268,17.16233713684551,2.7948146271429777,0.0023581226386073,0.183902497090255,0.0356476819847186,0.0,0.035255870548018,0.5053575637438281,0.0707546770686139,1.3188858395634206,0.0058595567890474,25.82366164414369,0.0369158697388949,0.0290999390543943,-21.54853487117416,346795000.0,2036435000.0,-1776546000.0,4187057000.0,1045590000.0,647641500.0,0.5,40.01947403602888,29.98261967349197,4.5777857352127344e-08,2.248905118517412,3.0017390401536583,1966016000.0,0.0679214942944345,1.569179380359924,2019-10-15,1.45,amc,2448076428.0,2025-04-25,2019-09-30,-0.0344827586206896,102.97859375,1102209.078125
2019-06-30,JBHT,USD,728535,2019-07-26,2019-07-26 16:54:49,2019,Q2,2261647000.0,1863595000.0,398052000.0,0.1760009409,0,107130000.0,0.0,107130000.0,97829000.0,204959000.0,2068554000.0,0.0,14763000.0,123994000.0,317087000.0,0.1402018087,193093000.0,0.085377161,-14763000.0,178330000.0,0.0788496171,44697000.0,133633000.0,0.059086586,1.25,1.23,106768145,108373000,https://www.sec.gov/Archives/edgar/data/728535/000143774919014741/0001437749-19-014741-index.htm,https://www.sec.gov/Archives/edgar/data/728535/000143774919014741/jbht20190630_10q.htm,21.182788180875484,1.251618635876834,3.3335785687762955,0.5474198320107556,0.0643918651953726,19.999935373982566,18.188533667977467,19.999935373982566,12.98988570045869,9741525549.8,11106793549.8,18.22440106448257,4.307270564239246,27.3699863727804,166.67280698410525,4.562014741242209,4.562014741242209,4.910931524592476,35.02759037677357,31.205870841200262,190.03188443889337,0.0137178719407807,0.0059997789567158,0.6425827824493902,0.2531284018655021,4.305657437864056,1.3041312379771686,13.07952313215471,2.663413977086498,0.002874909053703,0.2095739824743888,0.0473681348150263,0.0,0.0356777922714965,0.8357861317149922,0.1315293677572141,2.399091891543139,0.0065142791956481,23.732394868285,0.0331930645225951,0.0255642498028155,-23.400174743131483,322842000.0,1941956000.0,-1901019000.0,4194327000.0,1021318000.0,617514000.0,0.0,41.39185734997548,30.92365025662765,0.0,2.1743406979550124,2.9103938006384267,0.0,0.0625811340123145,2.78615873676554,2019-07-15,1.35,amc,2228630255.0,2025-04-25,2019-06-30,0.0148148148148148,94.36190476190475,1174810.126984127
2019-03-31,JBHT,USD,728535,2019-04-26,2019-04-26 17:08:06,2019,Q1,2089627000.0,1748270000.0,341357000.0,0.1633578624,0,82230000.0,0.0,82230000.0,91332000.0,173562000.0,1921832000.0,0.0,13033000.0,119930000.0,287725000.0,0.1376920379,167795000.0,0.0802990199,-13033000.0,154762000.0,0.0740620216,35161000.0,119601000.0,0.0572355736,1.1,1.09,108738788,109664000,https://www.sec.gov/Archives/edgar/data/728535/000143774919008071/0001437749-19-008071-index.htm,https://www.sec.gov/Archives/edgar/data/728535/000143774919008071/jbht20190331_10q.htm,19.21694216418892,1.09989270801878,2.3059021036725182,-0.0636111559382103,0.4815484976713185,20.2665860134472,18.455456759367227,20.2665860134472,11.93302798261831,11249027618.6,12481214618.6,23.51365711532512,5.383270611740756,44.86313613888435,-1626.2870635535637,5.104461103185278,5.104461103185278,5.972939007105096,43.37897165209836,49.77731850235901,-1804.4259966170305,0.0106321189755319,-0.0006148975924428,0.5828890933874952,0.2412666107333073,4.28251629159788,1.444238557001457,12.874625949512776,2.096479126428709,0.0025132838996015,0.2363859833947876,0.0393515206302368,0.0,0.0369896433130805,1.0275862344012348,0.1233033455253018,2.1484032352205453,0.0064944604946241,22.395291444499765,0.0299541908950982,0.0233265259194348,-21.300621356934748,442084000.0,2006824000.0,-1683195000.0,4177304000.0,1164346000.0,652220000.0,10988500.0,43.1768301232708,30.6150422989584,0.0,2.0844513074037168,2.939731362156636,0.0,0.0542712377550409,2.369513259610729,2019-04-15,1.26,amc,2415532128.0,2025-04-25,2019-03-31,-0.1349206349206348,103.67311475409836,994367.344262295
2018-12-31,JBHT,USD,728535,2019-02-22,2019-02-22 12:09:34,2018,Q4,2317842000.0,2018067000.0,299775000.0,0.1293336647,0,85804000.0,0.0,85804000.0,91232000.0,177036000.0,2195103000.0,1000.0,11458000.0,114086000.0,236825000.0,0.1021747815,122739000.0,0.0529539977,-11234000.0,111505000.0,0.048107248,22824000.0,88681000.0,0.0382601575,0.82,0.82,108738788,108738788,https://www.sec.gov/Archives/edgar/data/728535/000143774919003134/0001437749-19-003134-index.htm,https://www.sec.gov/Archives/edgar/data/728535/000143774919003134/jbht20181231_10k.htm,21.315687278029987,0.8155415526610431,2.8530573653257933,-0.0856640042741694,0.0698922632832729,19.325063656218056,18.35772714332626,19.325063656218056,10.672934850073922,10117056835.52,11258560835.52,28.520925664798547,4.364860432902674,32.61063066265255,-1086.1037933998928,4.814473145089141,4.814473145089141,4.857346115705902,47.53957916402407,36.29007676532211,-1208.6485062286636,0.0087654939022038,-0.0009207223159304,0.5468319926296193,0.2256841450320495,4.8200316689538685,1.111386270397856,10.712078896840636,3.498359287784305,0.0025905755424821,0.2955424499047147,0.0370189167337549,0.0,0.020658737732604,1.03002533538767,0.1378666017787234,2.8009834686113986,0.0043941735459103,18.831060231383024,0.0244648250839617,0.0177843600470072,-18.181348039303145,150633000.0,1996197000.0,-1487282000.0,3700931000.0,1210923500.0,639594500.0,10988500.0,51.49566277597869,31.65218994215752,0.9801111657838912,1.7477200049162689,2.843405153465514,91.82631842380673,0.0422012349956028,2.9387213695999628,2019-01-17,1.48,amc,1927194471.0,2025-04-25,2018-12-31,0.1959459459459459,105.98142857142857,947728.8253968254
2018-09-30,JBHT,USD,728535,2018-10-29,2018-10-29 17:02:33,2018,Q3,2209760000.0,1847513000.0,362247000.0,0.1639304721,0,95131000.0,0.0,95131000.0,92428000.0,187559000.0,2035072000.0,0.0,9961000.0,108801000.0,283489000.0,0.1282894975,174688000.0,0.0790529288,-9961000.0,164727000.0,0.0745451995,33617000.0,131110000.0,0.0593322352,1.2,1.19,109176325,110235000,https://www.sec.gov/Archives/edgar/data/728535/000143774918018982/0001437749-18-018982-index.htm,https://www.sec.gov/Archives/edgar/data/728535/000143774918018982/jbht20180930_10q.htm,20.240285611372247,1.2009013859002855,2.276775665420136,-0.1445643091576859,0.0694930883595871,19.05704373177976,19.21733489380596,19.05704373177976,9.887720620748134,13220161194.25,14282118194.25,25.208148108935244,5.982623087688256,53.18486218871948,-837.6202999588164,6.354081026642596,6.354081026642596,6.463198806318333,50.37979672668075,57.45712754656636,-904.905163419502,0.0099174282426318,-0.0011938583628514,0.5140609965115464,0.226518111914193,3.746025418975692,1.10705556380189,17.537195060736874,1.8958889482114256,0.0019819728076686,0.1998474563343757,0.0430503765114763,0.0,-0.0037063149889096,1.0634951925011062,0.1196297335457244,2.429692741794653,0.0050607305770762,22.69199594889738,0.0370009637615152,0.0276651760402821,-16.594966903309853,129822000.0,2098078000.0,-1298611000.0,3353829000.0,1057630000.0,560584000.0,0.0,44.62358808196365,27.740411028230923,0.0,2.0168705357061367,3.244364328574966,0.0,0.0630161426295961,2.4213399745778217,2018-10-15,1.38,bmo,2074506122.0,2025-04-25,2018-09-30,0.0652173913043479,121.70412698412696,820126.3650793651
2018-06-30,JBHT,USD,728535,2018-07-27,2018-07-27 14:31:18,2018,Q2,2139027000.0,1761454000.0,377573000.0,0.1765162385,0,74081000.0,0.0,74081000.0,88680000.0,162761000.0,1924215000.0,0.0,9855000.0,107423000.0,322235000.0,0.1506455973,214812000.0,0.1004250998,-9855000.0,204957000.0,0.0958178649,53305000.0,151652000.0,0.0708976558,1.39,1.37,109344030,110682000,https://www.sec.gov/Archives/edgar/data/728535/000143774918013887/0001437749-18-013887-index.htm,https://www.sec.gov/Archives/edgar/data/728535/000143774918013887/jbht20180630_10q.htm,19.56235745106523,1.3869252852670604,2.445629633369101,0.5649965526238607,0.1389284810519604,18.59600382389418,18.74873278403951,18.59600382389418,9.28140292615884,13290766846.5,14280586846.5,21.909976206215543,6.213463806908468,49.70090251668755,215.1340560141796,6.536350559565882,6.536350559565882,6.676206913937973,44.31730521668968,53.40234035674887,231.1560052202205,0.0114103273160597,0.0046482645217923,0.4942607366519095,0.2189927619871076,3.071733362297702,1.1285103540068206,21.797260273972604,1.7633463455806715,0.0019744534158998,0.1730409094505842,0.0346330364226351,0.0,-0.0036389443749219,0.7689770581306209,0.0961352988999203,1.914264170615232,0.0065286693435847,24.08948998912887,0.0431896165998241,0.0329252880463349,-16.242071012015927,148884000.0,2050062000.0,-1248460000.0,3274571000.0,960262500.0,527772000.0,0.5,42.90080489867589,28.189410566497905,0.0,2.097862737367377,3.192688253899205,0.0,0.0745818993371568,1.8806330807452405,2018-07-16,1.28,bmo,1998481751.0,2025-04-25,2018-06-30,0.0703125,122.295,882976.046875
2018-03-31,JBHT,USD,728535,2018-04-27,2018-04-27 15:52:34,2018,Q1,1948245000.0,1628621000.0,319624000.0,0.1640573952,0,68574000.0,0.0,68574000.0,82269000.0,150843000.0,1779464000.0,0.0,9152000.0,105583000.0,274364000.0,0.1408262308,168781000.0,0.0866323281,-9152000.0,159629000.0,0.0819347669,41487000.0,118142000.0,0.0606402172,1.08,1.07,109755618,110863000,https://www.sec.gov/Archives/edgar/data/728535/000143774918007972/0001437749-18-007972-index.htm,https://www.sec.gov/Archives/edgar/data/728535/000143774918007972/jbht20180331_10q.htm,17.750754225628796,1.0764095920811998,2.3836410815891,0.5057599876117503,0.0645251708208686,17.703540241557384,17.852963107546806,17.703540241557384,9.194827730822857,12857870648.7,13850820648.7,27.20850893141305,6.599719567456866,49.14749997591909,231.6316095964691,6.61732051338531,6.61732051338531,7.109383393105077,50.48337481848931,52.942919251351206,249.5193775662043,0.0091883021091011,0.0043172000649743,0.5146678208580988,0.2257773491155681,3.6190972576577103,1.1304803102869354,18.441979895104897,2.214436864112678,0.0020486284797602,0.2229605051548137,0.0351978318948592,0.0,-0.0037026298155638,0.7878204099106331,0.1057916227168554,1.952094560677382,0.0061778677733036,20.706662259299,0.034924282739034,0.0265745383672286,-16.43161217952415,143547000.0,1959462999.0,-1242531000.0,3171423001.0,1052584500.0,551211500.0,10344000.5,41.61759429640522,27.842334097374405,5.5261475812973074e-08,2.1625469112656965,3.232487609883512,1628621000.0,0.0608019400297365,1.877881093977349,2018-04-16,1.07,bmo,1948200000.0,2025-04-25,2018-03-31,0.0,119.63426229508195,982994.3606557376
2017-12-31,JBHT,USD,728535,2018-02-23,2018-02-23 16:42:32,2017,Q4,1990160000.0,1659121000.0,331039000.0,0.1663378824,0,105575000.0,0.0,105575000.0,79650000.0,185225000.0,1844346000.0,1000.0,6030000.0,102320000.0,251233000.0,0.1262375889,145814000.0,0.073267476,-6029000.0,139784000.0,0.0702375688,-245524000.0,385308000.0,0.1936065442,3.51,3.48,109753008,110737000,https://www.sec.gov/Archives/edgar/data/728535/000143774918003239/0001437749-18-003239-index.htm,https://www.sec.gov/Archives/edgar/data/728535/000143774918003239/jbht20171231_10k.htm,18.13307932298311,3.510682823381023,2.064672341372184,0.254152487556423,0.1331353032255844,16.758766192540254,15.724953980304576,16.758766192540254,9.946688659321302,12619400859.84,13690437859.84,8.18786585007319,6.340897646339993,55.68922375527352,452.4055660658206,6.860886933978498,6.860886933978498,6.879063924428187,54.49299200280218,60.4156937204992,490.8022463554887,0.0305329868097149,0.0022104060493687,0.5902431598548381,0.2496815301272844,4.263122280910549,1.518106458869294,24.181426202321724,0.5881128554633058,0.0020002534415346,0.0655112273817309,0.0530484986131768,0.0,0.0260948659597735,0.8769042029266915,0.0998462435181091,1.94204456606724,0.0036871407324034,36.38380180516073,0.113427075864675,0.0909888867399616,-14.401924182342228,416884000.0,1725861000.0,-1287296000.0,3513679000.0,1031493000.0,546089500.0,10344000.0,54.459912770832496,32.47108559291336,1.1222327967640695,1.652591703161926,2.771696675877138,80.19726411446248,0.2094833702581109,1.8105198538157603,2018-01-18,1.03,bmo,2127455172.0,2025-04-25,2017-12-31,0.0097087378640776,107.69571428571427,894125.1111111111
2017-09-30,JBHT,USD,728535,2017-10-27,2017-10-27 16:17:44,2017,Q3,1843334000.0,1538450000.0,304884000.0,0.1653981319,0,61590000.0,0.0,61590000.0,78322000.0,139912000.0,1678362000.0,0.0,8310000.0,95960000.0,260932000.0,0.1415543792,164972000.0,0.0894965318,-8310000.0,156662000.0,0.084988396,56277000.0,100385000.0,0.054458389,0.91,0.91,109751895,110628000,https://www.sec.gov/Archives/edgar/data/728535/000143774917017754/0001437749-17-017754-index.htm,https://www.sec.gov/Archives/edgar/data/728535/000143774917017754/jbht20170930_10q.htm,16.795463987204958,0.9146539109871406,1.6865494668679752,0.3056348138681341,0.0702220221345608,13.411795759881867,12.369107613130506,13.411795759881867,9.959837139941866,12191240496.6,13268334496.6,30.36121058076406,6.613690463366921,65.86228401962161,363.44027237658,8.282261524759337,8.282261524759337,7.198008877718308,50.849778856560334,71.68120547914123,395.5501579000715,0.0082341907723005,0.0027514837402604,0.7369722209012411,0.267592897053052,4.127872395873254,1.4764702862465255,19.85222623345367,1.8439209045176077,0.0020705850243082,0.2514618717935946,0.0334122844801864,0.0,0.0282287058732985,0.8187809964235935,0.0822195001014466,1.5793872446852857,0.0042547905045965,16.61357600023474,0.0313477369200595,0.0254817506649344,-17.586994739361902,324836000.0,1357533000.0,-1575362000.0,3315082000.0,803881000.0,456445500.0,0.5,41.92663944787,28.87493906204297,0.0,2.146606577231228,3.11688969478408,0.0,0.0681977214209528,1.380914652999841,2017-10-13,0.96,bmo,1944580219.0,2025-04-25,2017-09-30,-0.0520833333333332,96.77,933488.4285714284
2017-06-30,JBHT,USD,728535,2017-07-28,2017-07-28 17:06:45,2017,Q2,1726915000.0,1433117000.0,293798000.0,0.1701288135,0,54792000.0,0.0,54792000.0,75391000.0,130183000.0,1563300000.0,0.0,7393000.0,93049000.0,256664000.0,0.1486257285,163615000.0,0.0947440957,-7393000.0,156222000.0,0.0904630512,58353000.0,97869000.0,0.0566727372,0.89,0.88,109435453,110822000,https://www.sec.gov/Archives/edgar/data/728535/000143774917013293/0001437749-17-013293-index.htm,https://www.sec.gov/Archives/edgar/data/728535/000143774917013293/jbht20170630_10q.htm,15.78021521051318,0.8943079899344868,1.4420738039984171,0.7303757403005404,0.0664684048961719,12.86348218433381,13.03984185088538,12.86348218433381,8.686097365540215,10000211695.14,10936111695.14,25.54489086212181,5.790795548790762,63.36707576729568,125.11368458431858,7.103830727210861,7.103830727210861,6.332744631403398,42.60867007114359,69.29747484469058,136.82282644772235,0.0097866928204693,0.0079927307977734,0.6700006606422722,0.2496237807611829,3.646401521054764,1.4937723239246692,22.131069931015823,1.6125024267132595,0.002527446495186,0.2582533795175183,0.0317282552991895,0.0,-0.0051080065488349,0.4935240219498903,0.0451006563727803,0.837032101365947,0.0069140635178917,16.088445703552818,0.0323315915192026,0.0257707201392849,-16.46272254659557,300259000.0,1427021000.0,-1462310000.0,3100989000.0,728237500.0,394534500.0,0.5,39.037115318356726,26.332490648007106,6.280017611960503e-08,2.3054982230635934,3.4178308919977294,1433117000.0,0.0695230091758239,0.7116980636978768,2017-07-17,0.91,bmo,1805395454.0,2025-04-25,2017-06-30,-0.0329670329670329,88.38698412698413,1001569.507936508
2017-03-31,JBHT,USD,728535,2017-04-28,2017-04-28 14:18:04,2017,Q1,1629158000.0,1359585000.0,269573000.0,0.1654676833,0,51482000.0,0.0,51482000.0,68702000.0,120184000.0,1479769000.0,0.0,6817000.0,92189000.0,241578000.0,0.1482839602,149389000.0,0.0916970607,-6817000.0,142572000.0,0.0875126906,39870000.0,102702000.0,0.0630399261,0.93,0.92,109983186,112026000,https://www.sec.gov/Archives/edgar/data/728535/000143774917007430/0001437749-17-007430-index.htm,https://www.sec.gov/Archives/edgar/data/728535/000143774917007430/jbht20170331_10q.htm,14.812791475235132,0.9337972806134204,2.597060608882525,1.698968786010618,0.111480676691799,12.47730721312256,12.617328616030454,12.47730721312256,8.70473964993158,10089857483.64,11028154483.64,24.561005344686567,6.193295851992255,35.32455102750732,53.99746055100665,7.3525479843532064,7.3525479843532064,6.769235693309058,45.65049169891298,38.6095251026317,59.0189046422417,0.010178736435725,0.0185193894267562,0.692678099590904,0.2521109857190029,3.884033314291864,1.52310813690806,21.91418512542174,2.781182450195712,0.0025373995660009,0.249284337208623,0.031600372707865,0.0,-0.0040844526899701,0.3458108831962693,0.0606294785404485,1.0714401935154954,0.0068563024580795,16.19116116164376,0.0337993191845744,0.0271282517938768,-16.868626173458914,306816000.0,1387694000.0,-1504760000.0,3122044000.0,760323500.0,377035500.0,9288500.0,39.08090559663335,24.477079402906035,0.0,2.30291490501574,3.676909263501216,0.0,0.0748396480637531,0.898091822871907,2017-04-17,0.84,bmo,1487530434.0,2025-04-25,2017-03-31,-0.0476190476190475,96.89387096774192,948647.9677419356
2016-12-31,JBHT,USD,728535,2017-02-23,2017-02-23 16:10:12,2016,Q4,1721062000.0,1404483000.0,316579000.0,0.1839439834,0,50419000.0,0.0,50419000.0,71799000.0,122218000.0,1526701000.0,0.0,5876000.0,91793000.0,270954000.0,0.1574341889,194361000.0,0.1129308532,-5876000.0,188485000.0,0.1095166821,70929000.0,117556000.0,0.0683043377,1.06,1.05,111305021,112327000,https://www.sec.gov/Archives/edgar/data/728535/000143774917003083/0001437749-17-003083-index.htm,https://www.sec.gov/Archives/edgar/data/728535/000143774917003083/jbht20161231_10k.htm,15.462572887884368,1.0561607997899751,1.5289516903285072,0.275486224471401,0.0572930128641725,12.704377460204602,12.68321040072397,12.704377460204602,8.913829682490244,10804378388.47,11784279388.47,22.97708834187536,6.277739203160606,63.4879444615701,352.3588164390307,7.640673484715299,7.640673484715299,6.84709754121002,43.49180816105317,69.24597125672817,384.3159308766265,0.0108804038301223,0.0028380161169403,0.6974791045082214,0.2575818989247289,3.616484716963027,1.6500172734473963,33.07709326072158,1.4476504814726598,0.0022688024353311,0.2085218959474633,0.0292952839583931,0.0,0.0006153061853419,0.8198201903866494,0.0810644822789649,1.5199089255171965,0.0060729944650454,17.375326553250076,0.0372316436499251,0.0307204873633001,-16.076103161599512,372547000.0,1411705000.0,-1469246000.0,3193694000.0,794117000.0,393610500.0,9288500.5,42.525638239645055,24.626656214421963,1.1904238071945334,2.1163703526992896,3.654576537568825,75.6033266942994,0.0831336130478105,1.2534654658571065,2017-01-19,1.01,bmo,1792073195.0,2025-04-25,2016-12-31,-0.0396039603960396,88.96761904761905,1012491.8253968254
2016-09-30,JBHT,USD,728535,2016-10-28,2016-10-28 16:12:16,2016,Q3,1690659000.0,1385935000.0,304724000.0,0.1802397763,0,47891000.0,0.0,47891000.0,73856000.0,121747000.0,1507682000.0,0.0,6485000.0,91001000.0,273978000.0,0.1620539683,182977000.0,0.1082282116,-6485000.0,176492000.0,0.1043924292,67067000.0,109425000.0,0.0647232825,0.98,0.97,112185072,113363000,https://www.sec.gov/Archives/edgar/data/728535/000143774916040530/0001437749-16-040530-index.htm,https://www.sec.gov/Archives/edgar/data/728535/000143774916040530/jbht20160817_10q.htm,15.070267102917224,0.9753971544449336,1.870346885368135,0.5563931001443757,0.0488567676811759,12.34641093781176,12.6263055747738,12.34641093781176,8.469763249784249,9102696742.08,10040911742.08,20.796656938725157,5.384111605048682,43.38232690137019,145.83214633493006,6.57195037559482,6.57195037559482,5.939052015858905,36.64860588105614,47.85374355810794,160.86306640734392,0.0120211628598093,0.0068571986707465,0.6813281225746038,0.25300201555284,3.424417288979407,1.4020271451039783,28.215420200462606,1.9175234178661185,0.0027331460890034,0.2273612063056888,0.0283268240372541,0.0,-0.0084182441044141,0.7025187656380317,0.0871884868563087,1.6198283535345763,0.0042930005400261,16.460854083791077,0.0362544891694978,0.0290916080580763,-15.672004912560917,241556000.0,1416483000.0,-1502510000.0,3018897000.0,759523000.0,373282500.0,0.5,41.25716658415446,26.1644088647736,6.49381103731416e-08,2.181439188666099,3.4397872493565607,1385935000.0,0.0790024857716108,1.3139537852237595,2016-10-17,1.02,bmo,1777849484.0,2025-04-25,2016-09-30,-0.0490196078431372,81.64484375,841702.03125
2016-06-30,JBHT,USD,728535,2016-07-28,2016-07-28 17:07:23,2016,Q2,1615026000.0,1328729000.0,286297000.0,0.1772708303,0,42645000.0,0.0,42645000.0,67860000.0,110505000.0,1439234000.0,0.0,6420000.0,90364000.0,266156000.0,0.1647998237,175792000.0,0.1088477833,-6420000.0,169372000.0,0.1048726151,64361000.0,105011000.0,0.0650212442,0.93,0.92,112680259,113761000,https://www.sec.gov/Archives/edgar/data/728535/000143774916035886/0001437749-16-035886-index.htm,https://www.sec.gov/Archives/edgar/data/728535/000143774916035886/jbht20160630_10q.htm,14.33282115547853,0.93193786499905,1.5019667287062235,-0.226117691121033,0.1000796421669566,12.241940267460691,12.608464096625834,12.241940267460691,8.55512765550175,9119213360.87,10065510360.87,21.71013836852806,5.646480837379708,53.88268491786909,-357.91096043290554,6.610880157217682,6.610880157217682,6.232413819263591,37.81808548697005,59.47406885329883,-395.0512328140822,0.0115153572840609,-0.002793990993711,0.6941834460010512,0.2589882954450792,3.5554223838651016,1.496262094819039,27.381931464174453,1.6116597308853358,0.0027182169140118,0.2360514612754854,0.0264051476570655,0.0,-0.0111701201180083,1.150547736377495,0.1205683375995185,2.154851489531229,0.0073949273881658,16.021746868454212,0.0346593366398092,0.0280878410041661,-15.518623364186624,274292000.0,1420725000.0,-1490931000.0,2999907000.0,717189000.0,362418500.0,0.0,41.4620817250001,23.27689092358186,0.0,2.1706580146392733,3.8664957573359096,0.0,0.0761266469724704,1.7280844198272565,2016-07-18,0.97,bmo,1702771739.0,2025-04-25,2016-06-30,-0.0515463917525772,82.5340625,734867.09375
2016-03-31,JBHT,USD,728535,2016-04-29,2016-04-29 14:43:17,2016,Q1,1528712000.0,1250679000.0,278033000.0,0.1818740221,0,44480000.0,0.0,44480000.0,65663000.0,110143000.0,1360822000.0,0.0,6442000.0,88352000.0,256242000.0,0.1676195385,167890000.0,0.1098244797,-6442000.0,161448000.0,0.1056104747,61350000.0,100098000.0,0.0654786513,0.89,0.88,112654332,114003000,https://www.sec.gov/Archives/edgar/data/728535/000143774916030364/0001437749-16-030364-index.htm,https://www.sec.gov/Archives/edgar/data/728535/000143774916030364/jbht20160331_10q.htm,13.569935331026596,0.8885410638269996,2.7064738176246963,1.3147297344943645,0.0531892550745407,11.41616107581198,11.692226802250268,11.41616107581198,8.648402442260277,9490000927.68,10451846927.68,23.70177458011149,6.207840932549755,31.125370380982368,64.07400531820944,7.379012913411296,7.379012913411296,6.83702811757872,40.78896873923869,34.280039514063816,70.56813805738977,0.0105477334262464,0.0156069531635133,0.7525488305548644,0.2648987372780109,3.75366255336752,1.4055817493637144,26.06178205526234,3.0459749445543367,0.002614330619045,0.2478571000419588,0.0290963896404293,0.0,-0.0085121174507987,0.5142278022670025,0.10256084860981,1.7745608475190149,0.007177283883426,15.1074113570212,0.0338741956139602,0.0271657373772462,-16.36669418092151,235527000.0,1317180000.0,-1551294000.0,2943793000.0,657323000.0,360758500.0,11595500.0,40.64315580698,27.43041979596683,0.0,2.21439497531694,3.2810288967299344,0.0,0.0778318611594924,1.3917440831303318,2016-04-18,0.85,bmo,1476585227.0,2025-04-25,2016-03-31,0.0352941176470588,75.74868852459016,1102083.9836065574
2015-12-31,JBHT,USD,728535,2016-02-23,2016-02-23 16:38:30,2015,Q4,1621015000.0,1321653000.0,299362000.0,0.1846756507,0,38790000.0,0.0,38790000.0,67679000.0,106469000.0,1428122000.0,1000.0,4290000.0,88374000.0,281267000.0,0.1735128916,192893000.0,0.1189951975,-4289000.0,188603000.0,0.1163487074,71857000.0,116746000.0,0.0720203083,1.02,1.01,113947780,115048000,https://www.sec.gov/Archives/edgar/data/728535/000143774916025879/0001437749-16-025879-index.htm,https://www.sec.gov/Archives/edgar/data/728535/000143774916025879/jbht20151231_10k.htm,14.225946306281704,1.024557038320536,1.5476211998162668,0.1140873477306885,0.0488469367283855,11.411823907407411,11.411823907407411,11.411823907407411,8.857706574011358,8359209140.8,9358669140.8,17.90041873126274,5.156774700295802,47.401780234536254,643.0160877538461,6.428420259129835,6.428420259129835,5.773339013395927,33.27325687265125,53.06932395490734,719.8976262153845,0.0139661537393748,0.0015551710432209,0.7728876488827641,0.2763666941926272,3.5534207710111745,1.6140863270706984,44.96340326340327,1.5105400659557155,0.0028793393722526,0.2061655217309372,0.0239294516090227,0.0,0.0,0.9262821239821264,0.1007689626561136,1.8483716930318872,0.0063034580185871,16.219477530093208,0.0384651279417619,0.0321033546198928,-16.242817543264117,326950000.0,1300352000.0,-1476848000.0,3028279000.0,647846000.0,348001500.0,20911000.0,34.6612832083602,23.175432583287744,1.579226922649137,2.596557070867252,3.883422657875251,56.98990987883231,0.0897803056403189,1.433533852085578,2016-01-21,0.99,bmo,1588900990.0,2025-04-25,2015-12-31,0.0202020202020202,75.21296875,918938.109375
2015-09-30,JBHT,USD,728535,2015-10-23,2015-10-23 12:05:01,2015,Q3,1586494000.0,1284755000.0,301739000.0,0.1901923361,0,39911000.0,0.0,39911000.0,67982000.0,107893000.0,1392648000.0,0.0,7838000.0,86201000.0,280047000.0,0.1765194196,193846000.0,0.1221851454,-7838000.0,186008000.0,0.1172446918,70869000.0,115139000.0,0.0725744945,1.0,0.99,114601888,116282000,https://www.sec.gov/Archives/edgar/data/728535/000143774915018776/0001437749-15-018776-index.htm,https://www.sec.gov/Archives/edgar/data/728535/000143774915018776/jbht20150930_10q.htm,13.843524113669051,1.0046867639737314,2.124074954157823,0.5526086969876098,0.0483587146487499,10.900230544194876,11.100052732115548,10.900230544194876,8.736252233471058,8182574803.200001,9170385803.2,17.766731522768133,5.157646233266562,33.61463297716321,129.20534980577926,6.550320170799088,6.550320170799088,5.780283948883514,32.7458812385064,37.67263489152628,144.80318653402813,0.0140712431929094,0.0077396176048684,0.7951995978184211,0.2822615751475308,3.527304345342032,1.411954459900597,24.73156417453432,2.114166355448632,0.0029758359178674,0.2114835112342473,0.025156729240703,0.0,-0.0065070423815888,0.7398355948287549,0.1135163448459307,2.089221702764469,0.003979214544776,15.69728130665729,0.0403300883104361,0.0325052707892689,-15.284835447039056,224123000.0,1272087000.0,-1501906000.0,2871732000.0,668319500.0,348595500.0,18631000.0,38.08764483193759,24.915559775988417,1.305143782277555,2.3629709948495528,3.612200601117325,68.95791959637164,0.0921711481147338,1.5714662571702134,2015-10-14,0.97,bmo,1554449494.0,2025-04-25,2015-09-30,0.0206185567010309,79.20546875,1098924.96875
2015-06-30,JBHT,USD,728535,2015-07-30,2015-07-30 13:43:18,2015,Q2,1539957000.0,1247680000.0,292277000.0,0.1897955592,0,51090000.0,0.0,51090000.0,67452000.0,118542000.0,1366222000.0,0.0,6661000.0,83660000.0,257396000.0,0.1671449268,173735000.0,0.1128180852,-6661000.0,167074000.0,0.1084926397,63655000.0,103419000.0,0.06715707,0.89,0.88,116250852,117811000,https://www.sec.gov/Archives/edgar/data/728535/000143774915014312/0001437749-15-014312-index.htm,https://www.sec.gov/Archives/edgar/data/728535/000143774915014312/jbht20150630_10q.htm,13.246844848930657,0.8896192864031655,1.7031617110212662,-0.0303567667615889,0.0480512607339858,11.51995858060464,11.66189302423349,11.51995858060464,7.740700257405425,9543032440.68,10430648440.68,23.0688568848084,6.196947343776483,48.19859410224553,-2704.1746785718333,7.1258936762332885,7.1258936762332885,6.773337463760352,40.52373945469238,52.6816390430013,-2955.695222635308,0.0108371212864315,-0.0003697985961942,0.6669643557185047,0.2562732580659044,3.4484451972835632,1.012908750265579,26.08242005704849,1.914483798915093,0.0025649079736604,0.2366779798683027,0.0331762510251909,0.0,-0.004734101309768,1.0178237724375483,0.1308627448688502,2.4088333731771456,0.0068625292784149,15.185140432907074,0.0363472238177,0.0295326755857618,-14.041297090880676,10025000.0,1355705000.0,-1359515000.0,2619629000.0,648206500.0,334815500.0,18631000.0,38.87880635628138,24.635162862272377,1.3439263272634008,2.314885883461783,3.653314593581635,66.96795663142075,0.0772241740435557,1.7335184777828554,2015-07-17,0.9,bmo,1575000000.0,2025-04-25,2015-06-30,0.0555555555555554,86.91825396825398,1121059.4285714286
2015-03-31,JBHT,USD,728535,2015-04-24,2015-04-24 12:22:18,2015,Q1,1440180000.0,1187386000.0,252794000.0,0.1755294477,0,37005000.0,0.0,37005000.0,60569000.0,97574000.0,1284960000.0,0.0,6703000.0,81378000.0,236598000.0,0.1642836312,155220000.0,0.1077781944,-6703000.0,148518000.0,0.1031246094,56585000.0,91932000.0,0.0638336875,0.79,0.78,116555820,117800000,https://www.sec.gov/Archives/edgar/data/728535/000143774915008003/0001437749-15-008003-index.htm,https://www.sec.gov/Archives/edgar/data/728535/000143774915008003/jbht20150331_10q.htm,12.3561397448879,0.7887379626345556,2.192451651062984,0.646771649841252,0.0484403095443882,10.959384095963632,11.094941462382574,10.959384095963632,7.592121954956861,9953867028.0,10826424028.0,27.068558902232088,6.9115437153689125,38.95182817764525,132.04041955296145,7.792408702187291,7.792408702187291,7.517410343151551,45.75873011606184,42.36634941281898,143.61509621277443,0.0092358075249947,0.0075734385227312,0.6875033271227042,0.2561107519195846,3.687930582676101,1.054019841774767,23.15679546471729,2.779695862158987,0.0024581401309834,0.2661532437018666,0.025694704828563,0.0,-0.0046077613949501,0.7050007239486114,0.1250940854615395,2.2138415788050825,0.0070331486341985,13.946033535760192,0.0329422546685331,0.0266872039194181,-14.270214048513408,41181000.0,1293180000.0,-1348105000.0,2578244000.0,642483500.0,326974500.0,23185500.0,39.44331958505187,24.869747495759597,1.4121692524587623,2.2817552109409163,3.618854594938908,63.7317374268692,0.0719691869294963,1.5456800012217322,2015-04-14,0.72,bmo,1329415384.0,2025-04-25,2015-03-31,0.0833333333333334,83.65262295081968,777528.9016393443
2014-12-31,JBHT,USD,728535,2015-02-24,2015-02-24 15:17:28,2014,Q4,1609511000.0,1321025000.0,288486000.0,0.1792382904,0,42702000.0,0.0,42702000.0,62879000.0,105581000.0,1426606000.0,87000.0,5670000.0,78387000.0,261292000.0,0.1623424748,182905000.0,0.1136401056,-5583000.0,177322000.0,0.1101713502,67016000.0,110306000.0,0.068533859,0.95,0.95,116555820,116555820,https://www.sec.gov/Archives/edgar/data/728535/000143774915003305/0001437749-15-003305-index.htm,https://www.sec.gov/Archives/edgar/data/728535/000143774915003305/jbht20141231_10k.htm,13.808928631792046,0.9463791683675684,1.376284770678976,-0.4146596883793533,0.0511428772926139,10.334301624749411,10.334301624749411,10.334301624749411,8.058018896010513,9819827835.0,10747405835.0,22.255878725998585,6.101125021823399,61.21552878801102,-203.17866038360472,8.152461874949669,8.152461874949669,6.677435466424274,41.13178312436578,66.99792932661738,-222.370855868904,0.0112329871616328,-0.0049217767166688,0.7750279571249366,0.2748033111606106,3.5499671002172555,1.1414398173966047,32.25837742504409,1.4542635940021396,0.0023867017216397,0.2124725762877812,0.0265310395517644,0.0,0.0,1.3012891642874065,0.1296946712386557,2.663005345274089,0.0057228561966957,14.834209617941363,0.0395608955206128,0.0324704742285885,-14.43442935753873,109060000.0,1204523000.0,-1312464000.0,2591592000.0,662546500.0,339241500.0,13870000.5,36.558650422395374,22.19898942109347,1.8898961034045527,2.4617976582873835,4.054238609370301,47.62166546503244,0.0915764995770109,1.7909444590583292,2015-01-22,0.89,bmo,1540274193.0,2025-04-25,2014-12-31,0.0449438202247191,79.588125,893201.28125
2014-09-30,JBHT,USD,728535,2014-10-30,2014-10-30 16:15:18,2014,Q3,1601156000.0,1320117000.0,281039000.0,0.17552256,0,42068000.0,0.0,42068000.0,66871000.0,108939000.0,1429056000.0,0.0,6649000.0,75416000.0,247516000.0,0.1545858118,172100000.0,0.1074848422,-6649000.0,165451000.0,0.1033322175,63037000.0,102414000.0,0.0639625371,0.87,0.87,117154271,118221000,https://www.sec.gov/Archives/edgar/data/728535/000143774914019100/0001437749-14-019100-index.htm,https://www.sec.gov/Archives/edgar/data/728535/000143774914019100/jbht20140930_10q.htm,13.667073221769268,0.8741806775443979,1.5822214454307004,0.2010426064620384,0.0500109808203236,9.89992929920583,10.01430839853888,9.89992929920583,7.201811703476009,8675273767.55,9506488767.55,21.176972307374967,5.418131504706599,46.80128702202154,368.3298844117522,7.47985139711455,7.47985139711455,5.937265805174511,38.40757271267312,51.28551804854232,403.6211424255933,0.0118052758615043,0.0027149575484407,0.7217281317171041,0.2649875685282112,3.358227346918987,0.9334246076133884,25.88359151752143,1.809930186007909,0.0026996266201538,0.2286796727009979,0.0262735173836902,0.0,-0.0042419587972843,0.87293649252282,0.101058859973669,2.145579187440331,0.0045642023637921,13.95429522779568,0.0406815345942398,0.0322836487388717,-12.716279882788054,-52614000.0,1173219000.0,-1261421000.0,2319092000.0,669459000.0,345354000.0,0.5,37.7332502267112,24.041846290896945,6.817577532900494e-08,2.385164263858972,3.7434728976732976,1320117000.0,0.088301709145996,1.381178838968662,2014-10-14,0.84,bmo,1545986206.0,2025-04-25,2014-09-30,0.0357142857142857,75.78796875,870674.84375
2014-06-30,JBHT,USD,728535,2014-07-29,2014-07-29 14:00:07,2014,Q2,1547867000.0,1284226000.0,263641000.0,0.1703253574,0,36588000.0,0.0,36588000.0,67823000.0,104411000.0,1388637000.0,0.0,8329000.0,71726000.0,230956000.0,0.1492092021,159230000.0,0.1028705955,-8329000.0,150901000.0,0.0974896422,57493000.0,93408000.0,0.0603462701,0.8,0.79,116546855,118541000,https://www.sec.gov/Archives/edgar/data/728535/000143774914013566/0001437749-14-013566-index.htm,https://www.sec.gov/Archives/edgar/data/728535/000143774914013566/jbht20140630_10q.htm,13.281070518805503,0.8014630682226475,1.2180165650973591,-0.839087421106301,0.0503660094474449,9.276243447324257,9.397224832879443,9.276243447324257,7.570834923001569,8598826961.9,9466984961.9,23.01416089066247,5.555275073310562,60.573888824001806,-87.92885954925198,7.953650679713666,7.953650679713666,6.116148843472986,40.9904265829855,66.68957255698949,-96.80636611925188,0.0108628770428659,-0.0113728303213106,0.8084490392806699,0.2827326104797275,3.758975735637957,1.4364091762300977,19.11754112138312,1.5197576198785958,0.0027093230394361,0.2494111853374443,0.0236376898015139,0.0,-0.0045611007974162,1.688896559497309,0.1548899227129979,3.3425675487271005,0.0057123770969986,12.93358987422426,0.0382515272331471,0.0300786453789922,-12.901738103529263,224591000.0,1095217000.0,-1271017000.0,2527036000.0,651365500.0,354649000.0,0.0,38.81845145610056,23.69183461477964,0.0,2.318485066355112,3.798777151004399,0.0,0.0863995293756365,2.05710398620366,2014-07-15,0.79,bmo,1547900000.0,2025-04-25,2014-06-30,0.0,75.79746031746032,848742.0793650794
2014-03-31,JBHT,USD,728535,2014-04-25,2014-04-25 12:05:53,2014,Q1,1406908000.0,1198725000.0,208183000.0,0.1479720067,0,31115000.0,0.0,31115000.0,59761000.0,90876000.0,1289601000.0,0.0,6380000.0,68967000.0,186274000.0,0.1323995599,117307000.0,0.083379297,-6380000.0,110927000.0,0.07884453,42263000.0,68664000.0,0.048804897,0.59,0.58,117259962,118943000,https://www.sec.gov/Archives/edgar/data/728535/000143774914007148/0001437749-14-007148-index.htm,https://www.sec.gov/Archives/edgar/data/728535/000143774914007148/jbht20140331_10q.htm,11.998195940060086,0.5855707167976056,1.3563453141831991,-0.3344619879716488,1.0592873976882238,9.109034164619631,9.242071901745968,9.109034164619631,7.322081513210792,8433336467.04,9161331467.04,30.70508733484796,5.994234496527136,53.02484496236914,-215.03190971314925,7.895458365865419,7.895458365865419,6.51167771243038,49.18201932121499,57.60213440875224,-233.5942136984625,0.0081419732591435,-0.0046504725802509,0.7978532475131656,0.2735180415473124,3.908194380321462,1.2704630629869464,18.38667711598746,2.316279272981475,0.0027806313778241,0.3415181172084353,0.0221158739590648,0.0,-0.005006860361553,1.2465905875695558,0.1409217944599078,2.874766192526861,0.0070878835005558,10.955119007339876,0.0284431953653723,0.021928097530598,-12.34056983576372,179264000.0,1083725000.0,-1205532000.0,2399765000.0,601815000.0,338350000.0,13124000.0,40.62809366355156,27.8722392542076,0.0,2.2152159228859207,3.229019354317346,0.0,0.0642846108835576,1.690807302154848,2014-04-14,0.62,bmo,1503927586.0,2025-04-25,2014-03-31,-0.0645161290322581,73.79409836065575,862561.7704918033
2013-12-31,JBHT,USD,728535,2014-02-21,2014-02-21 17:11:04,2013,Q4,1474276000.0,1226288000.0,247988000.0,0.1682100231,0,33088000.0,0.0,33088000.0,61366000.0,94455000.0,1320743000.0,0.0,4820000.0,66076000.0,219609000.0,0.1489605745,153533000.0,0.104141287,-4820000.0,148713000.0,0.1008718856,56849000.0,91864000.0,0.0623112633,0.78,0.77,117241438,118960000,https://www.sec.gov/Archives/edgar/data/728535/000143774914002605/0001437749-14-002605-index.htm,https://www.sec.gov/Archives/edgar/data/728535/000143774914002605/jbht20131231_10k.htm,12.574700764076264,0.783545490119287,1.3913425388044114,0.3604186431080792,0.0497349751032565,8.635615677112387,8.743939152298696,8.635615677112387,6.0834890135005,9062763157.4,9765349157.4,24.663532932922585,6.147263577104965,55.5578499500377,214.47281232014387,8.951301550493259,8.951301550493259,6.623826988569304,44.46698066745898,59.86494337034017,231.09970554240817,0.0101364228993439,0.0046625956417604,0.6997042822770857,0.2512648063207685,3.199258682476583,0.9549442928220852,31.85331950207469,1.775701036314552,0.0019403574488914,0.1914242793695027,0.0224435587366273,0.0,-0.0045044981137857,0.7409562109573757,0.0819839704370145,1.829211816695926,0.0059364732248235,12.338717464129266,0.0402363587049145,0.032436661930494,-11.61370734807944,-32093000.0,1025152000.0,-1126749000.0,2067411000.0,576716500.0,305132000.0,13124000.0,34.706330429309034,22.418754811267828,1.926399018827551,2.5931868591902822,4.014495932430884,46.71929289850655,0.0907341780153528,1.0309238956963322,2014-01-23,0.79,bmo,1512593506.0,2025-04-25,2013-12-31,-0.0253164556962025,74.605625,736079.84375
2013-09-30,JBHT,USD,728535,2013-10-30,2013-10-30 16:21:31,2013,Q3,1435850000.0,1192644000.0,243206000.0,0.1693812028,0,28931000.0,0.0,28931000.0,63546000.0,92477000.0,1285121000.0,0.0,5835000.0,64291000.0,215020000.0,0.1497510186,150729000.0,0.1049754501,-5835000.0,144894000.0,0.1009116551,55422000.0,89472000.0,0.0623129157,0.76,0.75,117856402,119357000,https://www.sec.gov/Archives/edgar/data/728535/000143774913013619/0001437749-13-013619-index.htm,https://www.sec.gov/Archives/edgar/data/728535/000143774913013619/jbht20130930_10q.htm,12.18304628033698,0.7591611357692728,0.998308093606998,-0.1392626935955503,0.0506378940704468,8.319251083195294,8.419372924688469,8.319251083195294,5.8826587969315405,8595267397.86,9276773397.86,24.01664039548686,5.986187552919874,73.05359985262245,-523.6865532114788,8.766414100340958,8.766414100340958,6.460823482856845,43.14376987191889,78.84591140229651,-565.2088830719551,0.0104094492769679,-0.0019095391964287,0.7011628013711694,0.2534528029069094,3.1695005115803183,0.938716976321744,25.831876606683803,1.3150000558827803,0.0020558988082673,0.1975031294706724,0.0201490406379496,0.0,-0.0043503362662464,1.1394987123588056,0.0933732632238743,2.085361870246224,0.0039175401330222,11.920661570317169,0.0409644269818762,0.0328429936635399,-10.922643811916132,-42306000.0,992277000.0,-1083925000.0,1983280000.0,582278500.0,334497000.0,0.5,36.66278510986524,23.00092064354493,0.0,2.454805321807992,3.912886853303324,0.0,0.0912535429183958,1.1375707872025485,2013-10-15,0.78,amc,1493336000.0,2025-04-25,2013-09-30,-0.0384615384615384,74.41625,535045.625
2013-06-30,JBHT,USD,728535,2013-07-30,2013-07-30 11:15:16,2013,Q2,1382858000.0,1148610000.0,234248000.0,0.1693941099,0,29173000.0,0.0,29173000.0,57668000.0,86841000.0,1235451000.0,0.0,6230000.0,62283000.0,209690000.0,0.1516352366,147407000.0,0.106595905,-6230000.0,141177000.0,0.1020907425,53480000.0,87697000.0,0.0634172128,0.75,0.73,117067399,119472000,https://www.sec.gov/Archives/edgar/data/728535/000143774913009560/0001437749-13-009560-index.htm,https://www.sec.gov/Archives/edgar/data/728535/000143774913009560/jbht20130719_10q.htm,11.81249444177025,0.7491154732155619,0.7415557255184255,-0.2233328853577758,0.050594786000157,7.707004748606399,7.809509802126893,7.707004748606399,5.8117119352758495,8603283152.51,9271492152.51,24.525591389984832,6.221378588770503,99.102464549947,-329.0603615417862,9.535481344200372,9.535481344200372,6.704587276864292,44.21523273646813,106.79966079009814,-354.6181737429719,0.010193434116418,-0.0030389561213467,0.7471767458511548,0.2537845647882255,3.1866517239734846,0.9319931455315787,23.66083467094703,0.9899197226783434,0.0020405000845378,0.2001778852184225,0.0210961646098153,0.0,-0.0045175348113703,1.301168041284615,0.0816837303613241,1.8136088499269465,0.0063925580211417,11.397469958716911,0.0424469481491082,0.0328660473497142,-11.219363893956508,-47544000.0,914239000.0,-1102515000.0,1916682000.0,554488000.0,369581500.0,1.0,37.724675997101656,28.536709588110845,7.835557761119964e-08,2.38570637444082,3.1538324249371903,1148610000.0,0.0971993008504398,0.9648886108762014,2013-07-15,0.74,bmo,1401843835.0,2025-04-25,2013-06-30,-0.0135135135135135,72.2821875,678302.8125
2013-03-31,JBHT,USD,728535,2013-04-26,2013-04-26 15:00:07,2013,Q1,1291587000.0,1085547000.0,206040000.0,0.1595246778,0,28574000.0,0.0,28574000.0,52427000.0,81001000.0,1166548000.0,0.0,6256000.0,60730000.0,185769000.0,0.1438300324,125039000.0,0.0968103581,-6256000.0,118783000.0,0.0919667045,45434000.0,73349000.0,0.0567898252,0.62,0.61,117583210,119825000,https://www.sec.gov/Archives/edgar/data/728535/000143774913004776/0001437749-13-004776-index.htm,https://www.sec.gov/Archives/edgar/data/728535/000143774913004776/jbht_10q-033113.htm,10.984450926284458,0.6238050483568189,1.7584058132109168,0.690761886837415,0.0488760257523161,7.448104197869747,7.547608200184363,7.448104197869747,5.098899749377483,8632959278.2,9220501278.2,29.42425690261626,6.6839936281489365,41.75372911554032,106.28843513087588,9.857542006595324,9.857542006595324,7.138892910969219,49.63423002869156,44.59540468951775,113.52221415626308,0.0084963912878891,0.0094083613026071,0.6774468697332182,0.2294128769789789,3.1627558957630173,0.8459574187214065,19.98705242966752,2.8188387026407997,0.0,0.0,0.0221231709517051,0.0,-0.0045241537609058,0.6071658307498101,0.0971959302780223,2.067133212580273,0.007074242772651,10.22441746431904,0.03750166652358,0.0282348385318607,-11.120637457507751,-112023000.0,887472000.0,-1095149000.0,1817703000.0,497672000.0,320845000.0,11532500.5,36.88483238062941,31.08766363870012,8.29075111441513e-08,2.440027355180954,2.895039043331697,1085547000.0,0.0837535340248375,1.0676439263735018,2013-04-11,0.64,bmo,1355121311.0,2025-04-25,2013-03-31,-0.046875,67.709,807966.4166666666
2012-12-31,JBHT,USD,728535,2013-02-22,2013-02-22 16:52:50,2012,Q4,1338136000.0,1114039000.0,224097000.0,0.1674695248,0,28239000.0,0.0,28239000.0,37951000.0,80762000.0,1194801000.0,0.0,5296000.0,59046000.0,202382000.0,0.1512417273,143335000.0,0.1071154203,-5296000.0,138039000.0,0.1031576761,54062000.0,83977000.0,0.0627567004,0.71,0.7,117529307,120019000,https://www.sec.gov/Archives/edgar/data/728535/000143774913001883/0001437749-13-001883-index.htm,https://www.sec.gov/Archives/edgar/data/728535/000143774913001883/jbht_10k-123112.htm,11.385551690524304,0.7145196559356893,1.1121055959259591,0.1770537113777077,0.0475540964433662,6.737553553344784,6.832848933585561,6.737553553344784,5.876347079967042,7017674920.97,7697432920.97,20.891657599610607,5.244365984451506,53.69094465376229,337.2422952073622,8.86226722017781,8.86226722017781,5.752354709065447,38.0341775502268,58.891648528900966,369.9088337243501,0.0119664990108137,0.0029652271207119,0.8654901118884651,0.2780717353967575,3.358786848632783,1.1029755748269552,27.06476586102719,1.5564380723293283,0.0048600142332164,0.4061350131583648,0.0211032361434114,0.0,-0.0045442723707022,0.8407941547760224,0.0821261814942576,1.8611929681942887,0.0057811762033156,10.40757296648188,0.0422909270621737,0.0339185755466526,-11.113408930421071,51772000.0,803060000.0,-1118249000.0,1926046000.0,485131500.0,297739500.0,11532500.0,31.34284557025594,21.54770165137845,1.8633548735726488,2.871468699236713,4.17677956823959,48.2999783221331,0.1060503119238249,0.9350518845482514,2013-01-24,0.69,amc,1318984285.0,2025-04-25,2012-12-31,0.0144927536231884,58.0141935483871,929601.4193548388
2012-09-30,JBHT,USD,728535,2012-10-26,2012-10-26 14:27:39,2012,Q3,1295792000.0,834687000.0,461105000.0,0.3558480065,0,270280000.0,0.0,270280000.0,57773000.0,328053000.0,1162740000.0,0.0,6346000.0,57773000.0,190825000.0,0.1472651475,133052000.0,0.1026800598,-6346000.0,126706000.0,0.0977826688,48465000.0,78241000.0,0.0603808327,0.66,0.65,118258107,120281000,https://www.sec.gov/Archives/edgar/data/728535/000143774912010587/0001437749-12-010587-index.htm,https://www.sec.gov/Archives/edgar/data/728535/000143774912010587/jbht20121017_10q.htm,10.957320668087474,0.6616121463875623,1.3255750829835289,0.354394308036742,0.0478529560768294,6.605805046414281,6.605805046414281,6.605805046414281,5.50702202598254,6152969307.21,6792214307.21,19.66031015455452,4.748423595152617,39.25088866553968,146.81387037007875,7.876405621180507,7.876405621180507,5.241747369338597,35.59394370344557,43.328746537445774,162.06667399689812,0.0127159743683944,0.0068113455321303,0.8255405215120522,0.264484637511883,3.3499017424341675,1.0265767530869825,20.96627797037504,2.0035531243210083,0.0026889456413528,0.2114620211909357,0.2085828589773667,0.0,0.0,0.7326486348558305,0.0886330522182572,1.9879528499472072,0.0043139639695259,9.916441864194974,0.0412931697886129,0.0320877875211926,-10.767160343603337,14582000.0,781190000.0,-1093895000.0,1863035000.0,488164500.0,313672000.0,0.0,35.02312099472755,35.448173986176855,0.0,2.569731007512117,2.538917802510669,0.0,0.1001561719940091,0.9711807749467866,2012-10-11,0.66,amc,1315735384.0,2025-04-25,2012-09-30,-0.0151515151515151,54.42825396825397,1039975.238095238
2012-06-30,JBHT,USD,728535,2012-07-31,2012-07-31 12:46:59,2012,Q2,1255130000.0,799468000.0,455662000.0,0.3630396851,0,262220000.0,0.0,262220000.0,56227000.0,318447000.0,1117915000.0,0.0,6929000.0,56227000.0,193442000.0,0.1541210871,137215000.0,0.109323337,-6929000.0,130286000.0,0.1038027933,49835000.0,80451000.0,0.0640977429,0.68,0.67,117549605,120027000,https://www.sec.gov/Archives/edgar/data/728535/000143774912007430/0001437749-12-007430-index.htm,https://www.sec.gov/Archives/edgar/data/728535/000143774912007430/jbh_10q-063012.htm,10.677449745577622,0.6844004282277256,0.97241500726438,0.1044495215445428,0.0500809849594985,6.067846846444104,6.067846846444104,6.067846846444104,5.83916041232125,7005956458.0,7679531458.0,21.77088059191309,5.581857224351262,61.29070361395191,570.6105601889559,9.822265048585884,9.822265048585884,6.118514781735756,39.69940063688341,67.18338735160576,625.4708794591953,0.011483228661539,0.0017525087507473,0.9525973925832044,0.2872654184966152,3.4820514676233705,1.030635382875538,19.80300187617261,1.4208099239297969,0.002340008833666,0.2037762116070651,0.2089185980735063,0.0,0.0,0.8925875055770862,0.0812895875327655,1.814590854927348,0.0066033000565678,9.666376366190615,0.0436544749895212,0.0340133667276038,-10.99160009937932,16064000.0,713273000.0,-1111578000.0,1811854000.0,459891500.0,300111500.0,0.0,33.850621051205856,33.61339040461907,0.0,2.6587399936874703,2.6775043789582265,0.0,0.1127913155271543,0.8679654857198371,2012-07-16,0.67,amc,1255100000.0,2025-04-25,2012-06-30,0.0,56.06746031746032,866140.0634920635
2012-03-31,JBHT,USD,728535,2012-04-27,2012-04-27 14:48:46,2012,Q1,1165922000.0,739166000.0,426756000.0,0.3660244853,0,254039000.0,0.0,254039000.0,56120000.0,310159000.0,1049325000.0,0.0,6987000.0,56120000.0,172717000.0,0.148137697,116597000.0,0.1000041169,-6987000.0,109610000.0,0.0940114347,41926000.0,67684000.0,0.0580519108,0.58,0.57,117084853,119750000,https://www.sec.gov/Archives/edgar/data/728535/000143774912004222/0001437749-12-004222-index.htm,https://www.sec.gov/Archives/edgar/data/728535/000143774912004222/jbhunt_10q-033112.htm,9.957923421571875,0.5780764827026772,1.2492820057603864,0.2865699459860961,0.0487936727392056,5.38324116100654,5.38324116100654,5.38324116100654,6.056342744863847,6365903457.61,7062309457.61,23.51332463215088,5.459973701165258,43.520998260842816,189.7268040893512,10.0998633302607,10.0998633302607,6.057274378225987,40.88948660299796,48.28203249842758,210.4822059908205,0.0106322693158483,0.0052707365456335,1.1139512229174864,0.3022646201108804,4.032064012228096,0.986503993228074,16.687705739229997,2.161101589740559,0.0025740258408115,0.2420956208261923,0.2178867883100241,0.0,0.0,0.7706122839641216,0.0966779938966757,2.008535281539558,0.006948149190083,8.367694730786734,0.0383084241731151,0.0291381924539641,-11.539268021287093,-7334000.0,630296000.0,-1156480000.0,1753180000.0,429592500.0,276630500.0,10466000.0,34.55937875775567,36.726851613845874,0.0,2.6042134793815586,2.450523147104457,0.0,0.1073844669805932,0.9627120597742904,2012-04-12,0.52,amc,1063628070.0,2025-04-25,2012-03-31,0.096153846153846,50.865,883108.7741935484
2011-12-31,JBHT,USD,728535,2012-02-24,2012-02-24 17:05:26,2011,Q4,1204937000.0,760147000.0,444790000.0,0.3691396314,0,266872000.0,0.0,266872000.0,55631000.0,322503000.0,1082650000.0,8000.0,6222000.0,55631000.0,177926000.0,0.1476641517,122287000.0,0.1014882936,-6214000.0,116073000.0,0.0963311775,43508000.0,72565000.0,0.0602230656,0.62,0.62,116812000,117084853,https://www.sec.gov/Archives/edgar/data/728535/000143774912001745/0001437749-12-001745-index.htm,https://www.sec.gov/Archives/edgar/data/728535/000143774912001745/jbht_10k-123111.htm,10.315181659418553,0.6212118617950211,1.2625672019997944,0.0952299421292333,0.0466561654624524,4.858601855973701,4.858601855973701,4.858601855973701,6.466792795260761,5264716840.0,6008443840.0,18.13793440363812,4.369288054064238,35.6971097685835,473.2755160014384,9.276331203098268,9.276331203098268,4.986521154218021,33.76934141159808,40.73990792159096,540.1333908665947,0.0137832674017089,0.00211293414975,1.3200356624960576,0.3304222760495596,4.179979317244247,1.171093349144271,19.65396978463517,2.03242610073727,0.0028856252789466,0.2093571280920554,0.2214821189821542,0.0,0.0,0.924574357722585,0.1131669124609834,2.4511333608959034,0.0074717599343368,8.240750867189153,0.0406903850912341,0.032004576303779,-11.77330882101154,75027000.0,567543000.0,-1186247000.0,1801897000.0,418056500.0,263649000.0,10466000.0,30.734478234131743,29.79193498099709,2.478310116332762,2.928307398433456,3.020951813214108,36.31506783871584,0.1278581534791196,1.1673372598705611,2012-01-26,0.58,bmo,1145642622.0,2025-04-25,2011-12-31,0.0517241379310345,42.691587301587305,1008356.0634920635
2011-09-30,JBHT,USD,728535,2011-10-28,2011-10-28 14:01:58,2011,Q3,1171270000.0,736090000.0,435180000.0,0.3715454165,0,262096000.0,0.0,262096000.0,54404000.0,316500000.0,1052590000.0,0.0,7145000.0,54404000.0,173084000.0,0.1477746378,118680000.0,0.1013259112,-7145000.0,111535000.0,0.0952256952,42885000.0,68650000.0,0.0586115925,0.59,0.57,116730528,121126000,https://www.sec.gov/Archives/edgar/data/728535/000143774911007854/0001437749-11-007854-index.htm,https://www.sec.gov/Archives/edgar/data/728535/000143774911007854/jbhunt_10q-093011.htm,10.033964722578826,0.5881066519291337,1.5466048435932715,0.4708879582897115,0.0663665292424617,4.263075037234476,4.263075037234476,4.263075037234476,6.6407563923637865,4216306671.36,4976593671.36,15.354357870939548,3.5997734692769385,23.35438179288341,76.7061449844452,8.472757266649385,8.472757266649385,4.248886824865317,28.75247666658963,27.565658214206582,90.53784400385685,0.0162820224786581,0.0130367651796708,1.5433805369842313,0.355134612254561,4.392589725220124,0.97983436470552,16.610216934919524,2.62980335032775,0.0037136767366471,0.2280844865258557,0.2237707787273643,0.0,0.0,0.6955344086497984,0.1072075610235044,2.308083964414381,0.0044438942344634,7.51070653860802,0.042335704780735,0.0317433748131926,-11.469171971876971,-9825000.0,497631000.0,-1187635000.0,1646559000.0,432694500.0,273317000.0,0.0,32.62873632894209,33.70589194256137,0.0,2.758304798956277,2.670156308379856,0.0,0.1379536242717997,1.07571688530356,2011-10-13,0.56,amc,1150750877.0,2025-04-25,2011-09-30,0.0178571428571426,41.76609375,1228438.875
2011-06-30,JBHT,USD,728535,2011-07-29,2011-07-29 16:46:18,2011,Q2,1149855000.0,720884000.0,428971000.0,0.3730652995,0,262977000.0,0.0,262977000.0,52551000.0,315528000.0,1036412000.0,0.0,6706000.0,52551000.0,165994000.0,0.1443608107,113443000.0,0.0986585265,-6706000.0,106737000.0,0.0928264868,41041000.0,65696000.0,0.0571341604,0.53,0.53,123285000,123285000,https://www.sec.gov/Archives/edgar/data/728535/000143774911005212/0001437749-11-005212-index.htm,https://www.sec.gov/Archives/edgar/data/728535/000143774911005212/jhbt_10q-063011.htm,9.326803747414528,0.5328791012694164,1.3877600681348097,0.5162590745021698,0.0904327371537494,4.853299265928539,4.853299265928539,4.853299265928539,5.442657257573914,5805490650.0,6458633650.0,22.092253143265957,5.048889338220906,33.932378572681046,91.21389303502129,9.702677996921478,9.702677996921478,5.616911393175661,38.90883797004711,37.74991904845403,101.475853535909,0.0113161839301213,0.0109632421852233,1.1102268112224007,0.3132180751119474,3.934738605009819,1.1390098042292227,16.91664181330152,2.6042681441792497,0.0026941736612735,0.2380814661471018,0.228704488826852,0.0,0.0,0.6279911157870127,0.0934404772775697,2.044547201765904,0.0061999121628379,7.628236322895297,0.0413223578880872,0.0309760988579638,-9.577862270349192,62017000.0,598339000.0,-1014371000.0,1655267000.0,421838500.0,260345500.0,0.0,34.49821934069948,33.8285910077072,0.0,2.608830302549036,2.660471433158277,0.0,0.1097972888279052,0.8715009936326398,2011-07-14,0.53,amc,1149900000.0,2025-04-25,2011-06-30,0.0,45.72539682539682,868830.1428571428
2011-03-31,JBHT,USD,728535,2011-04-29,2011-04-29 13:36:57,2011,Q1,1000780000.0,589481000.0,411299000.0,0.4109784368,0,243777000.0,0.0,243777000.0,51357000.0,301782000.0,891263000.0,0.0,8434000.0,51357000.0,141180000.0,0.1410699654,89823000.0,0.0897529927,-8434000.0,81389000.0,0.0813255661,31294000.0,50095000.0,0.0500559564,0.42,0.4,120233567,123966000,https://www.sec.gov/Archives/edgar/data/728535/000143774911002645/0001437749-11-002645-index.htm,https://www.sec.gov/Archives/edgar/data/728535/000143774911002645/jbhunt_10q-033111.htm,8.323632284817766,0.4166473743559483,1.1359806034865454,0.0305405561160802,0.0448543625092649,4.6514963662352296,4.6514963662352296,4.6514963662352296,5.877584917696071,5461008613.14,6153864613.14,27.25326186815052,5.456752346309878,39.98307705307396,1487.2027813562092,9.764599695207648,9.764599695207648,6.149068339834929,43.58878462345942,45.05586063521815,1675.8890558660132,0.0091732138783784,0.0006724032610321,1.2485096537247031,0.342216517380164,4.907607309817254,1.1190417363763216,10.650106710931942,2.726479688591676,0.0028844488474342,0.3144425591376384,0.2435870021383321,0.0,0.0,0.9731152486034134,0.1328074102200283,2.587982164067216,0.0054997102260237,6.603465705666095,0.0332169552934361,0.0245518954386749,-9.760348372597146,50590000.0,559266000.0,-1005539000.0,1595715000.0,377054500.0,220916500.0,8668000.0,36.23471692080177,38.127946447807474,0.0,2.483805798640928,2.36047331117607,0.0,0.0895727614408885,1.105440047370465,2011-04-13,0.38,amc,950760000.0,2025-04-25,2011-03-31,0.0526315789473684,42.14177419354839,936961.0806451612
2010-12-31,JBHT,USD,728535,2011-02-25,2011-02-25 16:28:28,2010,Q4,1020012000.0,588893000.0,431119000.0,0.4226607138,0,249740000.0,0.0,249740000.0,56957000.0,306697000.0,895590000.0,0.0,0.0,50094000.0,78031000.0,0.0765000804,97348000.0,0.0954380929,-8164000.0,89184000.0,0.0874342655,31331000.0,57853000.0,0.0567179602,0.48,0.48,120233567,120233567,https://www.sec.gov/Archives/edgar/data/728535/000143774911001088/0001437749-11-001088-index.htm,https://www.sec.gov/Archives/edgar/data/728535/000143774911001088/jbh_10k-123110.htm,8.483587615761246,0.4811717845815886,0.8137577753141101,0.0877292445295247,0.063634475720079,4.765898694496854,4.765898694496854,4.765898694496854,5.441134421305159,4906731869.27,5553287869.27,21.203446101628263,4.810464846756705,50.15005845473779,465.1812541970042,8.562918059320689,8.562918059320689,5.444335820823677,71.16771371980367,56.758290177635146,526.47780330584,0.0117905362553685,0.0021496996944259,1.1416806713890066,0.3334966304048612,8.2858863784906,0.9072377826017896,0.0,1.6912001106252053,0.003017283274173,0.2559072131090868,0.2448402567812927,0.0,0.0,0.8921924346644045,0.0855803657211875,1.7425839421886853,0.0062901220769951,7.183130205504949,0.0382324306792483,0.0294918589357992,-9.223129427741256,-47304000.0,573021000.0,-925994000.0,1432180000.0,361153500.0,205403000.0,31875000.0,30.9867236856037,29.358932777261742,2.649445654813353,2.904469698479727,3.0655065251453646,33.969370096908165,0.1009613958301702,0.7260285307845853,2011-01-28,0.45,amc,997826086.0,2025-04-25,2010-12-31,0.0222222222222222,37.531875,1389965.484375
2010-09-30,JBHT,USD,728535,2010-10-29,2010-10-29 14:57:44,2010,Q3,986024000.0,559675000.0,426349000.0,0.4323921122,0,255175000.0,0.0,255175000.0,56598000.0,311773000.0,871448000.0,0.0,6662000.0,49808000.0,141298000.0,0.1433007716,91490000.0,0.0927867882,-6662000.0,84828000.0,0.0860303603,32659000.0,52169000.0,0.0529084485,0.42,0.41,123272249,126404000,https://www.sec.gov/Archives/edgar/data/728535/000143774910003587/0001437749-10-003587-index.htm,https://www.sec.gov/Archives/edgar/data/728535/000143774910003587/jbht_10q-093010.htm,7.998750797513234,0.4232014944417863,0.98486886533562,0.6247878222778267,0.5561673495548864,4.822318119628044,4.822318119628044,4.822318119628044,5.320143059935574,4277547040.3,4858151040.3,20.49850984444785,4.338177407750725,35.233117038556266,55.53885457224841,7.195709436663314,7.195709436663314,4.9270109452711095,34.3823057672437,40.01541130494947,63.07730612316442,0.012196008485354,0.0180054127457586,1.0920266864942518,0.3318819085188258,4.109074438420926,0.9258381313592884,13.733113179225455,2.327142035652674,0.0034720833833211,0.2846901416550058,0.2587918752484726,0.0,0.0,0.3656131854011712,0.0450171598257243,0.891182139415355,0.0042544603376794,6.776302478878624,0.0345023020838416,0.0266711451736674,-8.042718519721337,-38951000.0,594458000.0,-875286000.0,1411081000.0,367394500.0,207716500.0,49105000.0,33.87422618516385,35.169107071068034,7.4637244829588605,2.656887260185385,2.559064118919265,12.058322919808678,0.0877589333476881,0.3600810430577931,2010-10-14,0.44,amc,1008930232.0,2025-04-25,2010-09-30,-0.0227272727272727,34.5375,1738708.171875
2010-06-30,JBHT,USD,728535,2010-07-30,2010-07-30 15:17:01,2010,Q2,942776000.0,530919000.0,411857000.0,0.4368556264,0,241357000.0,0.0,241357000.0,55855000.0,297212000.0,828131000.0,0.0,6611000.0,49148000.0,140495000.0,0.1490226735,91347000.0,0.0968915204,-6611000.0,84736000.0,0.0898792502,32623000.0,52113000.0,0.0552761207,0.42,0.4,127282000,128920000,https://www.sec.gov/Archives/edgar/data/728535/000143774910002395/0001437749-10-002395-index.htm,https://www.sec.gov/Archives/edgar/data/728535/000143774910002395/jbht_10q-063010.htm,7.406986062444022,0.4094294558539306,0.9597193633035308,0.4792036580192014,0.0606055844502757,4.631456136767178,4.631456136767178,4.631456136767178,4.900229411857136,4158302940.0,4767688940.0,19.94849145126936,4.410700887591538,34.041201260693384,68.17560645309375,7.053937041667445,7.053937041667445,5.057074999787861,33.93493675931528,39.02983046129917,78.16652359248451,0.0125322759673685,0.0146680030002816,1.046817562650445,0.324628697050566,4.33742126054308,0.8315014575828663,13.817425502949629,2.344085815167332,0.0036029121052926,0.2874906453284209,0.2560067290639558,0.0,0.0,0.5006835577749581,0.0648733103091296,1.2444250020346708,0.0059324802498154,6.531900774849424,0.0352984746099136,0.0274143174354175,-7.896452365613363,-85834000.0,589501000.0,-887869000.0,1371826000.0,352664000.0,188407500.0,60870500.0,34.716846843788986,33.349154955840724,8.780322422064383,2.592401331980455,2.698719056575001,10.250193065101552,0.0884018856626197,0.4805157052843293,2010-07-15,0.36,amc,848519999.0,2025-04-25,2010-06-30,0.1111111111111112,35.11253968253968,2089061.0793650795
2010-03-31,JBHT,USD,728535,2010-04-29,2010-04-29 16:54:32,2010,Q1,844673000.0,479637000.0,365036000.0,0.4321625055,0,219948000.0,0.0,219948000.0,54546000.0,274494000.0,754131000.0,0.0,6494000.0,48012000.0,115452000.0,0.1366824795,67440000.0,0.0798415481,-6494000.0,60946000.0,0.0721533659,23464000.0,37482000.0,0.0443745686,0.29,0.29,127328832,130397000,https://www.sec.gov/Archives/edgar/data/728535/000143774910001250/0001437749-10-001250-index.htm,https://www.sec.gov/Archives/edgar/data/728535/000143774910001250/jbhunt_10q-033110.htm,6.633792101383605,0.294371662813965,0.680717781185647,0.1340466234701658,0.0611566121960499,5.281718126496283,5.281718126496283,5.281718126496283,4.299843102306946,4568558492.160001,5101771492.160001,30.47168302225068,5.408671156956598,52.70906826835881,267.6680625826108,6.793244005204345,6.793244005204345,6.039936747309315,44.189546237050905,58.86093443507356,298.90857113663,0.0082043384284828,0.003735970553795,0.8044430235756823,0.2863747549801946,4.618482139763711,0.8650740512600766,10.38497074222359,2.312443306120271,0.0033426298527656,0.4074222293367483,0.2603942590801411,0.0,0.0,0.8030804730314393,0.0824070379898493,1.4497833874864616,0.0061479412743156,5.914620301993684,0.0258621687097433,0.0198408476269272,-7.206649394223612,-65494000.0,672515000.0,-796705000.0,1383965000.0,325999000.0,185716000.0,43609000.0,36.403803602104006,33.79149231606402,13.124612988572608,2.472269133843979,2.663392286975595,6.857345056830367,0.0557340728459588,0.5466711577154811,2010-04-14,0.27,amc,786444827.0,2025-04-25,2010-03-31,0.0740740740740739,33.77475409836066,1606486.213114754
2009-12-31,JBHT,USD,728535,2010-02-26,2010-02-26 16:55:31,2009,Q4,876952000.0,500554000.0,376398000.0,0.429211633,0,223313000.0,0.0,223313000.0,54603000.0,277916000.0,778470000.0,-335000.0,6455000.0,47490000.0,124166000.0,0.1415881371,72936000.0,0.0831698884,-2715000.0,70221000.0,0.0800739379,28556000.0,41665000.0,0.0475111523,0.33,0.33,127195000,127328832,https://www.sec.gov/Archives/edgar/data/728535/000143774910000493/0001437749-10-000493-index.htm,https://www.sec.gov/Archives/edgar/data/728535/000143774910000493/jbhunt_10k-123109.htm,6.894547741656512,0.3275679075435355,0.8550886434215181,0.2936200322339715,0.0616612288218876,5.061936396870946,5.061936396870946,5.061936396870946,4.492747356421243,4104582650.000001,4661739650.0,24.62848103924157,4.680510050721135,37.73877743350221,109.90394543069056,6.375030713532437,6.375030713532437,5.315843569545425,37.54441352705249,42.86144782692644,124.82233244972822,0.0101508493196013,0.0090988544231165,0.8775294981929105,0.304268264443049,4.487194562118455,1.4577962840523293,11.299147947327652,2.6104164166566663,0.0034083855029694,0.3357734309372375,0.2546467765624572,0.0,0.0,0.656620358026167,0.0814366122661217,1.503811328700779,0.0058703326977987,6.108017522644585,0.0272570573197701,0.0224377650230436,-7.577556114627147,123247000.0,643853000.0,-820596000.0,1567918000.0,325334500.0,186029500.0,31366000.0,31.849531103184663,34.40433999128965,3.105698885634717,2.825787284227893,2.6159490349992423,28.97898454234933,0.0647119761808984,0.5614686111875467,2010-01-27,0.32,bmo,877000000.0,2025-04-25,2009-12-31,0.0,32.8221875,1681721.953125
2009-09-30,JBHT,USD,728535,2009-10-28,2009-10-28 16:19:37,2009,Q3,833749000.0,465649000.0,368100000.0,0.4414997799,0,218432000.0,0.0,218432000.0,54082000.0,272514000.0,738163000.0,119000.0,6308000.0,47098000.0,142684000.0,0.1711354376,70954000.0,0.0851023509,-6079000.0,64875000.0,0.0778111878,24912000.0,39963000.0,0.0479316917,0.31,0.31,126213000,129819000,https://www.sec.gov/Archives/edgar/data/728535/000143774909001533/0001437749-09-001533-index.htm,https://www.sec.gov/Archives/edgar/data/728535/000143774909001533/jbhunt_10q-093009.htm,6.605888458399689,0.3166314088089182,0.772677933334918,0.0059344124614738,0.0373257905287094,4.814511975786964,4.814511975786964,4.814511975786964,5.008263808007099,4055223690.000001,4676312690.0,25.368614030478195,4.863842343439093,41.58265509320974,5414.183831775702,6.67357359615834,6.67357359615834,5.608777569748209,32.7739108099016,47.95136164147577,6243.408130841121,0.0098546968194496,0.0001847000454862,1.029862388793623,0.3367965577648075,4.352898713240448,1.496657766457009,11.248256182625235,2.44030728423792,0.003442473477955,0.3493231238895978,0.2619877205250021,0.0,0.0,0.9923196817128442,0.1160697044314296,2.0547156991804325,0.0035010536744271,5.856584197846795,0.0274966714101117,0.021507511725719,-7.667617440358758,133369000.0,607654000.0,-848539000.0,1569281000.0,324321500.0,176918500.0,50896000.0,36.73731542706498,34.92776748151505,8.786253164937538,2.449825169688244,2.5767464252512284,10.243274159132405,0.0657660444924249,0.7667435208734441,2009-10-19,0.28,bmo,753019354.0,2025-04-25,2009-09-30,0.107142857142857,29.56046875,2348215.5625
2009-06-30,JBHT,USD,728535,2009-07-31,2009-07-31 12:23:20,2009,Q2,769784000.0,424088000.0,345696000.0,0.4490818204,0,216773000.0,0.0,216773000.0,54116000.0,270889000.0,694977000.0,132000.0,7637000.0,47094000.0,121901000.0,0.1583574094,47091000.0,0.0611743034,-7728000.0,39363000.0,0.0511351236,15314000.0,24049000.0,0.0312412313,0.19,0.19,126078000,129364000,https://www.sec.gov/Archives/edgar/data/728535/000110465909046220/0001104659-09-046220-index.htm,https://www.sec.gov/Archives/edgar/data/728535/000110465909046220/a09-18598_110q.htm,6.105617157632577,0.1907469978901949,0.6132394232142008,-0.324529259664652,0.0283158045019749,4.57763448024239,4.57763448024239,4.57763448024239,5.201835371753994,3851682900.0,4496312900.0,40.03994864651337,5.003589188655519,49.81741036784106,-94.13635008309708,6.673752596861415,6.673752596861415,5.841005918543384,36.88495500447084,58.15501189921879,-109.89131146739662,0.0062437642517248,-0.0106228890233928,1.123126317923412,0.3559805501277949,5.288143657558183,1.1034941858804037,6.166164724368207,3.214936171982203,0.0036018022148188,0.576863902864984,0.2816023715743637,0.0,0.0,1.5292048217703968,0.1535911372540868,2.5105533613623816,0.0064212818141192,4.432417599601799,0.018775063030605,0.013207306772637,-7.779118878789321,36224000.0,577139000.0,-857513000.0,1450781000.0,293428000.0,165366500.0,66862500.0,36.04669621608139,36.74060572334044,11.954995189677614,2.496761408049612,2.449605776173285,7.528233894875117,0.0416693378891393,0.9377686828788528,2009-07-14,0.31,bmo,1037556521.0,2025-04-25,2009-06-30,-0.2580645161290322,28.716349206349207,2355013.793650794
2009-03-31,JBHT,USD,728535,2009-04-29,2009-04-29 17:16:50,2009,Q1,722835000.0,382428000.0,340407000.0,0.4709332005,0,205459000.0,0.0,205459000.0,54258000.0,259717000.0,642145000.0,154000.0,6910000.0,47363000.0,128053000.0,0.1771538456,56990000.0,0.0788423361,-7381000.0,49609000.0,0.0686311537,18851000.0,30758000.0,0.0425518964,0.24,0.24,126078000,128558000,https://www.sec.gov/Archives/edgar/data/728535/000110465909027136/0001104659-09-027136-index.htm,https://www.sec.gov/Archives/edgar/data/728535/000110465909027136/a09-11203_110q.htm,5.733236567838957,0.2439600881993686,0.5815606212027475,0.0522454353654087,0.0283633940893732,4.3718650359301385,4.3718650359301385,4.3718650359301385,5.043782420406415,3039740580.0,3665164580.0,24.70691023473568,4.205303534001535,41.45741496413082,461.4757218764233,5.5148088520236,5.5148088520236,5.070541105508172,28.62224688215036,49.987242301082894,556.4239532412328,0.0101186266362243,0.0021669612345669,1.1411548704997858,0.3530976317758678,4.884102676235621,1.1391892015808829,8.247467438494935,2.383835099811431,0.0045625604011247,0.4509070810845959,0.2842405251544266,0.0,0.0,0.9101633888873736,0.0923239743509929,1.409011253510124,0.0063029598732767,4.8987358618962284,0.0232582042136576,0.0172664180574914,-7.7650482241152305,45537000.0,551196000.0,-857485000.0,1436288000.0,279578500.0,176833500.0,47803000.0,34.681317313079745,37.09121717029088,18.213310740845337,2.595057136600094,2.4264504339881223,4.941440975811453,0.0558022917437717,0.5293151858373388,2009-04-13,0.22,bmo,662566666.0,2025-04-25,2009-03-31,0.0909090909090908,22.427049180327867,3204125.5901639345
2008-12-31,JBHT,USD,728535,2009-02-27,2009-02-27 15:41:42,2008,Q4,879787000.0,480133000.0,399654000.0,0.4542622248,0,240102000.0,0.0,240102000.0,43805000.0,283907000.0,764040000.0,177000.0,3571000.0,50354000.0,136972000.0,0.1556876835,86051000.0,0.0978089015,-3004000.0,83047000.0,0.0943944387,29771000.0,53276000.0,0.0605555663,0.42,0.42,126046000,126078000,https://www.sec.gov/Archives/edgar/data/728535/000110465909013065/0001104659-09-013065-index.htm,https://www.sec.gov/Archives/edgar/data/728535/000110465909013065/a09-1357_110k.htm,6.979888294749536,0.4226710883328308,1.233422718690002,0.4226393538866763,0.0188264601812036,4.19696777366993,4.19696777366993,4.19696777366993,5.054273836535868,3311228420.0,3942355420.0,15.538086661911557,3.7636705475302543,21.29845640260375,62.15701344045653,6.259280846712072,6.259280846712072,4.481033954809517,28.782199427620245,25.357986338024546,74.00426903438955,0.0160894970815695,0.0160882890706766,1.1975176319585037,0.3532292176042528,4.60770814473031,0.9715583689640294,24.097171660599276,2.91816202417599,0.0038067443260226,0.2365980929499211,0.2729092382588058,0.0,0.0,0.6573442766357064,0.1161599341658833,2.0295507804742425,0.0058298201723826,6.317719610222106,0.0367026124632264,0.0297058244626427,-8.270801929454326,-11601000.0,529011000.0,-868155000.0,1374929000.0,329993000.0,189433500.0,29734000.0,28.70610727369238,36.75087944382078,3.4141789879054345,3.135221336070189,2.4489209880699176,26.36065663775118,0.1007086809158977,0.8107833648033258,2009-01-29,0.4,bmo,818418604.0,2025-04-25,2008-12-31,0.0749999999999999,26.2821875,2666070.328125
2008-09-30,JBHT,USD,728535,2008-10-31,2008-10-31 15:13:32,2008,Q3,996434000.0,386781000.0,609653000.0,0.6118348029,0,-3646000.0,0.0,-3646000.0,63307000.0,475667000.0,862448000.0,214000.0,9694000.0,50666000.0,156899000.0,0.1574605042,106266000.0,0.1066463007,-9727000.0,96539000.0,0.0968844901,36239000.0,60300000.0,0.0605157993,0.48,0.47,124852000,129042000,https://www.sec.gov/Archives/edgar/data/728535/000110465908067303/0001104659-08-067303-index.htm,https://www.sec.gov/Archives/edgar/data/728535/000110465908067303/a08-25513_110q.htm,7.980921410950565,0.4829718386569698,1.1707221350078494,0.8210200877839362,0.0196232339089481,3.867755422420146,3.867755422420146,3.867755422420146,5.621808220933586,4166311239.999999,4856061240.0,17.27326384742952,4.181221475782641,28.50377472343278,40.64455973308879,8.62774305907885,8.62774305907885,4.873439926778894,30.950237031466106,33.2226921261297,47.37343414044056,0.0144732346016472,0.024603538740903,1.433431974106279,0.3837388314093726,4.396140192098101,1.1643654983948424,10.962038374252115,2.4239966832504147,0.003022337812669,0.2088225538971807,-0.003659048165759,0.0,0.0,0.2987062743300471,0.0438172523217794,0.8617245939171453,0.0026283727773239,6.483084244897544,0.0437856983167291,0.0334288522594411,-8.116233620606799,61951000.0,482897000.0,-882073000.0,1415671000.0,380746500.0,185566500.0,49142000.0,34.2656713841559,42.53756001458189,9.599385698883864,2.6265354322406504,2.115777208874885,9.375599941823824,0.1248713493767822,0.3497020472239131,2008-10-14,0.42,bmo,890400000.0,2025-04-25,2008-09-30,0.119047619047619,36.0909375,2802684.03125
2008-06-30,JBHT,USD,728535,2008-07-31,2008-07-31 14:28:15,2008,Q2,977339000.0,561773000.0,415566000.0,0.425201491,0,229545000.0,0.0,229545000.0,63452000.0,292997000.0,854770000.0,257000.0,10322000.0,50728000.0,144007000.0,0.1473460079,94045000.0,0.0962255676,-11088000.0,82957000.0,0.0848804765,32353000.0,50604000.0,0.051777326,0.4,0.39,125047000,128476000,https://www.sec.gov/Archives/edgar/data/728535/000110465908048887/0001104659-08-048887-index.htm,https://www.sec.gov/Archives/edgar/data/728535/000110465908048887/a08-18827_110q.htm,7.815773269250761,0.4046798403800171,0.6927235359504826,0.0957639927387302,0.0100762113445344,3.4087583068766145,3.4087583068766145,3.4087583068766145,6.677665197885595,4161564160.0,4985004160.0,20.55946249308355,4.258055966251219,48.04225390485206,347.52101544885176,9.763085852365368,9.763085852365368,5.100588598224363,34.61640170269501,57.54827424587003,416.2842722338205,0.0121598509729572,0.0028775238202743,1.9347573635499875,0.4434312014904708,5.7180553723082905,0.9274652411096592,9.111121875605503,1.71178167733776,0.0030000738952922,0.2467196269069638,0.2348673285318605,0.0,0.0,0.86175727000912,0.0763788204502225,1.4715344582873364,0.0,5.571153809510192,0.0366334166936205,0.0272091579001137,-8.934194742776716,-36472000.0,426255000.0,-967211000.0,1345922000.0,361270500.0,188744500.0,69417500.0,35.18829188234584,30.17099433401036,9.136608558973109,2.557668905922469,2.9829974777645027,9.85048220234964,0.1187176690009501,0.5969595432117524,2008-07-14,0.36,bmo,902123076.0,2025-04-25,2008-06-30,0.0833333333333334,33.5259375,2325564.203125
2008-03-31,JBHT,USD,728535,2008-04-30,2008-04-30 12:26:48,2008,Q1,878383000.0,524570000.0,353813000.0,0.402800373,0,27333000.0,0.0,27333000.0,796797000.0,824130000.0,1348700000.0,244000.0,11750000.0,50539000.0,121983000.0,0.1388722232,72055000.0,0.0820314145,-12361000.0,59694000.0,0.0679589655,23281000.0,36413000.0,0.0414545819,0.29,0.28,124657000,127914000,https://www.sec.gov/Archives/edgar/data/728535/000110465908028298/0001104659-08-028298-index.htm,https://www.sec.gov/Archives/edgar/data/728535/000110465908028298/a08-11460_110q.htm,7.046399319733348,0.2921055375951611,0.9376769856486198,0.2739677675541686,0.1301009971361415,2.9777469375967653,2.9777469375967653,2.9777469375967653,7.034903775961237,3917969510.0,4766951510.0,26.899524277043916,4.460434127254285,33.51900545821641,114.72152465448583,10.554960061638427,10.554960061638427,5.42696239567478,39.07881844191404,40.78221468414208,139.58044946123215,0.0092938446578161,0.0087167600239951,2.330837803107245,0.4656447096421069,6.959838666043629,1.0325014776384054,6.132340425531915,3.210062340372944,0.0031807291935765,0.342240408645264,0.0311174055053433,0.0,0.0,0.7078228731777428,0.0941912582552258,1.637072359959635,0.0031990600910992,4.42389741355443,0.028080426047874,0.0195972270136361,-9.421344168398084,14847000.0,371197000.0,-1015215000.0,1390367000.0,335311000.0,189575500.0,48625000.0,34.87977340180764,32.45469622738624,14.035209790876335,2.580291992244874,2.773096360829756,6.412444227125481,0.0980961591823209,0.6637092180944512,2008-04-14,0.3,bmo,941142857.0,2025-04-25,2008-03-31,-0.0666666666666665,28.45295081967213,2769903.9672131147
2007-12-31,JBHT,USD,728535,2008-02-29,2008-02-29 11:26:31,2007,Q4,944950000.0,547307000.0,397643000.0,0.4208085084,0,36726000.0,0.0,36726000.0,829870000.0,866596000.0,1413903000.0,0.0,0.0,52787000.0,-416166000.0,-0.4404106037,96264000.0,0.1018720567,-12044000.0,84220000.0,0.0891264088,29897000.0,54323000.0,0.0574876978,0.44,0.44,124657000,124657000,https://www.sec.gov/Archives/edgar/data/728535/000110465908014088/0001104659-08-014088-index.htm,https://www.sec.gov/Archives/edgar/data/728535/000110465908014088/a08-2564_110k.htm,7.580400619299358,0.4357797797155394,0.7609039203574609,-2.461369999278019,0.1199852394971802,2.7531305903398926,2.7531305903398926,2.7531305903398926,7.324899524294665,3434300350.0,4332443350.0,15.805001334609653,3.634372559394677,36.20693659596002,-11.192953521039543,10.00679012345679,10.00679012345679,4.584838721625482,-10.410373144370276,45.67582496942605,-14.120150280125282,0.0158177778481139,-0.0893419237487484,2.660571042287666,0.4901902889604916,-2.158136416718329,0.9322352564298136,0.0,1.7460744067890213,0.0032868412339066,0.2077941203541778,0.0388655484417164,0.0,0.0,4.234797368532029,0.4250796338430604,7.609430352170042,0.0,5.195629841433539,0.0394905453408498,0.0291628595632469,-10.02124228884058,-35538000.0,343197000.0,-1030655000.0,1323185000.0,344711000.0,196477500.0,7722500.0,31.44947351711731,31.2417528005306,2.5397994178769867,2.8617331209380925,2.880760262544279,35.43586921333765,0.1582851831455403,3.22227391963548,2008-01-29,0.39,bmo,801195652.0,2025-04-25,2007-12-31,0.1794871794871795,26.8753125,1699500.953125
2007-09-30,JBHT,USD,728535,2007-10-31,2007-10-31 14:10:07,2007,Q3,891638000.0,499788000.0,391850000.0,0.4394720727,0,28471000.0,0.0,28471000.0,784937000.0,813408000.0,1313196000.0,277000.0,12764000.0,52299000.0,148450000.0,0.1664913339,95899000.0,0.1075537382,-12512000.0,83387000.0,0.0935211375,32604000.0,50783000.0,0.0569547283,0.39,0.38,130537000,133659000,https://www.sec.gov/Archives/edgar/data/728535/000110465907078401/0001104659-07-078401-index.htm,https://www.sec.gov/Archives/edgar/data/728535/000110465907078401/a07-25736_110q.htm,6.830538468020562,0.3890314623440097,1.16678029983836,0.700238246627393,0.0315083079893057,2.752284792817362,2.752284792817362,2.752284792817362,6.664501252518443,3474894940.0,4327981940.0,17.106585569974204,3.897203730661995,22.81492068702892,38.01563271959478,9.67196420569202,9.67196420569202,4.853967574284631,29.1544758504547,28.415985634372458,47.34847374927522,0.0146142547837719,0.0263049679424264,2.3859160809964512,0.4694023279551756,5.746628494442573,0.7682136883605627,7.5132403635224065,2.999192643207373,0.0034375139986246,0.2352165094618278,0.0319311200285317,0.0,0.0,0.3998542427187015,0.068302382805578,1.1644773322625672,0.0,4.908291046696463,0.0383106206837167,0.027808747574134,-9.141844840926328,-124167000.0,359275000.0,-1055348000.0,1275513000.0,355110500.0,191518000.0,0.0,36.25888533238826,36.54973708852553,0.0,2.482150214353321,2.462398013479957,0.0,0.1413485491615058,0.466542053210967,2007-10-11,0.39,bmo,915063157.0,2025-04-25,2007-09-30,-0.0256410256410256,28.349206349206348,1660136.0634920634
2007-06-30,JBHT,USD,728535,2007-07-31,2007-07-31 16:03:57,2007,Q2,855860000.0,467686000.0,388174000.0,0.4535484776,0,26291000.0,0.0,26291000.0,750116000.0,776407000.0,1244093000.0,240000.0,11011000.0,50527000.0,146448000.0,0.1711120978,96227000.0,0.1124331082,-11316000.0,84911000.0,0.0992113196,21054000.0,63857000.0,0.0746115019,0.46,0.45,138560000,142030000,https://www.sec.gov/Archives/edgar/data/728535/000110465907057528/0001104659-07-057528-index.htm,https://www.sec.gov/Archives/edgar/data/728535/000110465907057528/a07-19058_110q.htm,6.17681870669746,0.4608617205542725,0.4074047344110854,-0.5082707852193995,0.0445583140877598,4.016281755196305,4.016281755196305,4.016281755196305,5.156690242494227,4062579200.0,4759905200.0,15.904987706907622,4.746780080854346,71.96774490699735,-57.68578649930424,7.3002846381645154,7.3002846381645154,5.561546514616877,32.502357150660984,84.32072984942427,-67.58732854343566,0.0157183397187678,-0.01733529281103,1.2641600299013829,0.3840335918850181,4.7615945591609306,0.8214924156403761,8.739169920988102,0.883992608600332,0.0031105855117852,0.1978952973049156,0.0307188091510293,0.0,0.0,2.247581930912312,0.148243871661253,2.511053496150573,0.0,6.453401172903813,0.0466684350340074,0.034858895631843,-7.260033559468822,-91968000.0,556496000.0,-852138000.0,1301903000.0,340376000.0,177615000.0,0.0,36.91034748673848,34.65171076320437,0.0,2.438340631508172,2.5972743630184154,0.0,0.1147483539863718,0.915675519630485,2007-07-16,0.38,bmo,855900000.0,2025-04-25,2007-06-30,0.0,28.528888888888886,1692595.761904762
2007-03-31,JBHT,USD,728535,2007-04-30,2007-04-30 14:42:31,2007,Q1,797451000.0,430852000.0,366599000.0,0.4597135122,0,26379000.0,0.0,26379000.0,707976000.0,734355000.0,1165207000.0,236000.0,7591000.0,49520000.0,129919000.0,0.162917847,80399000.0,0.1008199877,-7870000.0,72529000.0,0.0909510428,28359000.0,44170000.0,0.0553889831,0.31,0.3,142969000,146474000,https://www.sec.gov/Archives/edgar/data/728535/000110465907033214/0001104659-07-033214-index.htm,https://www.sec.gov/Archives/edgar/data/728535/000110465907033214/a07-11054_110q.htm,5.577789590750442,0.3089480936426778,1.078520518434066,0.3459770999307542,0.0663360588659079,4.8158202127733984,4.8158202127733984,4.8158202127733984,3.193636382712336,3751506560.0,4191022560.0,21.233340276205567,4.704372506900111,24.329625214825384,75.84316998220929,5.448708390400762,5.448708390400762,5.255523612109083,32.25873475011353,27.180015953824704,84.72874332848131,0.0117739364955288,0.0131851028937025,0.6521300251411375,0.2531879692294853,3.383000177033382,0.8300954921518596,10.591358187327096,3.4909440796920985,0.0034591436246882,0.2937966945890876,0.0330791484367064,0.0,0.0,0.679211388177308,0.1313322072453354,2.1149232633279484,0.0025619128949615,5.785876395707039,0.0344792513377268,0.0249071550130654,-5.7919951178227445,-87895000.0,688513000.0,-655448000.0,1241020000.0,343913000.0,172917000.0,6960500.0,37.21556559587987,36.58931605284413,0.0,2.418342931484666,2.459734417282287,0.0,0.0641527465712339,0.732543418503312,2007-04-16,0.3,bmo,797500000.0,2025-04-25,2007-03-31,0.0,25.399672131147543,2115446.672131148
2006-12-31,JBHT,USD,728535,2007-02-28,2007-02-28 16:11:07,2006,Q4,851568000.0,467286000.0,384282000.0,0.4512640212,0,36333000.0,0.0,36333000.0,749325000.0,785658000.0,1252944000.0,0.0,0.0,49742000.0,-351634000.0,-0.412925333,95367000.0,0.1119898822,-6870000.0,88497000.0,0.1039224114,30693000.0,57804000.0,0.0678794882,0.4,0.4,142969000,142969000,https://www.sec.gov/Archives/edgar/data/728535/000110465907014908/0001104659-07-014908-index.htm,https://www.sec.gov/Archives/edgar/data/728535/000110465907014908/a07-5539_110k.htm,5.956312207541495,0.4043114241548867,0.4048080353083536,-0.8687337814491254,0.0515566311578034,5.313998139456805,5.313998139456805,5.313998139456805,2.77262903146836,2969466130.0,3358495130.0,12.842822858279703,3.487056970200853,51.30827006479481,-23.908360010305792,3.908544838542812,3.908544838542812,3.943895414106683,-9.55111033062787,58.03015343412527,-27.04058815478012,0.0194661253805915,-0.0418263736855621,0.5217595036176993,0.2239475903883321,-1.1063463715112871,0.9843607043636288,0.0,1.001228288699744,0.0038919453848089,0.1999342606048024,0.0426659996618003,0.0,0.0,3.1460388768898486,0.2138138116979501,3.660427807486631,0.0,6.952803643402026,0.0413805838055835,0.0326565754662138,-5.088041813260217,-7487000.0,759737000.0,-539077000.0,1276064000.0,350774000.0,173961500.0,6960500.0,37.84401245702046,32.87168885864331,2.681205942399301,2.3781833414787403,2.737918346301678,33.56698513037856,0.0760842238827383,1.2735418167574788,2007-01-29,0.4,bmo,774181818.0,2025-04-25,2006-12-31,0.0999999999999999,21.634285714285717,1874650.53968254
2006-09-30,JBHT,USD,728535,2006-10-31,2006-10-31 11:53:43,2006,Q3,858265000.0,464985000.0,393280000.0,0.4582267715,0,22807000.0,0.0,22807000.0,749294000.0,772101000.0,1237086000.0,219000.0,5375000.0,45812000.0,146301000.0,0.1704613377,100489000.0,0.1170838843,-5679000.0,94810000.0,0.1104670469,36976000.0,57834000.0,0.0673847821,0.4,0.39,145262000,148680000,https://www.sec.gov/Archives/edgar/data/728535/000110465906069821/0001104659-06-069821-index.htm,https://www.sec.gov/Archives/edgar/data/728535/000110465906069821/a06-21941_110q.htm,5.9083931103798655,0.3981357822417425,0.7977723010835593,-1.942620919442112,0.1244372237749721,4.840288582010436,4.840288582010436,4.840288582010436,2.6529649874020733,3017091740.0,3379015740.0,13.0420329736833,3.5153381997401736,26.03499767012409,-10.691741138031604,4.291066461862298,4.291066461862298,3.937030800510332,23.09632702442225,29.158101410006385,-11.974299990431945,0.0191687906712442,-0.0935301357458888,0.5404559741718934,0.2221170089022159,2.473831347700973,0.918460534898891,18.695627906976743,2.003769408998167,0.0038530482337935,0.2010063284573088,0.0265733776863789,0.0,0.0,3.435056866230606,0.4638136239972503,8.68931720946477,0.0,6.584798540553557,0.0423764885857485,0.0338050397180283,-5.039303121256764,-39000000.0,703110000.0,-568404000.0,1217103000.0,334389000.0,177122500.0,0.0,36.01751207377675,34.30775186296332,0.0,2.498784475053352,2.623313831797846,0.0,0.0822545547638349,2.7403932205256707,2006-10-13,0.37,bmo,814284615.0,2025-04-25,2006-09-30,0.0540540540540541,20.93285714285714,1979901.3174603172
2006-06-30,JBHT,USD,728535,2006-07-31,2006-07-31 11:08:01,2006,Q2,838254000.0,456296000.0,381958000.0,0.4556590246,0,24591000.0,0.0,24591000.0,733592000.0,758183000.0,1214479000.0,235000.0,3299000.0,44520000.0,139929000.0,0.166929117,95409000.0,0.1138187232,-4698000.0,90711000.0,0.1082142167,35377000.0,55334000.0,0.0660110181,0.37,0.36,150678000,154619000,https://www.sec.gov/Archives/edgar/data/728535/000110465906049808/0001104659-06-049808-index.htm,https://www.sec.gov/Archives/edgar/data/728535/000110465906049808/a06-15637_110q.htm,5.5632142714928525,0.3672334381927023,0.6472477733975763,-0.4094758358884509,0.061123720782065,4.790958202259122,4.790958202259122,4.790958202259122,1.4620515270975192,3753388980.0,3961178980.0,16.95787842917555,4.47762728242275,38.48603428829235,-60.83387056516313,5.199377441500944,5.199377441500944,4.7255115752504615,28.308492020953484,40.61664561245206,-64.20167231235514,0.014742410204444,-0.0164382109951204,0.3005989815651094,0.1404963600436121,1.4849673763122726,1.4509658349275192,28.9205819945438,1.7624968373875014,0.0032626514505299,0.2213105866194383,0.0293359769234623,0.0,0.0,1.6326415519963906,0.1899483927306043,3.5764824797843664,0.0,6.291780446677695,0.0449443560805195,0.0358259243624573,-3.7792063207634814,130597000.0,721892000.0,-402441000.0,1237730000.0,316309000.0,172464000.0,0.0,34.92670479353513,34.91036520153584,0.0,2.5768248259325865,2.5780308937026115,0.0,0.0766513550503399,1.0567236092860273,2006-07-18,0.37,bmo,861586111.0,2025-04-25,2006-06-30,-0.027027027027027,24.02714285714286,1441801.365079365
2006-03-31,JBHT,USD,728535,2006-04-28,2006-04-28 12:57:02,2006,Q1,779900000.0,423417000.0,356483000.0,0.4570880882,0,21084000.0,0.0,21084000.0,689890000.0,710974000.0,1134391000.0,199000.0,705000.0,43530000.0,124918000.0,0.1601718169,81388000.0,0.1043569688,-1093000.0,80295000.0,0.1029555071,31315000.0,48980000.0,0.0628029235,0.32,0.31,154050000,158245000,https://www.sec.gov/Archives/edgar/data/728535/000110465906028825/0001104659-06-028825-index.htm,https://www.sec.gov/Archives/edgar/data/728535/000110465906028825/a06-9811_110q.htm,5.06264199935086,0.3179487179487179,0.985238558909445,-0.0145277507302823,0.0572606296656929,5.585660499837715,5.585660499837715,5.585660499837715,0.6199610516066212,3318237000.0,3404216000.0,16.936693548387098,4.25469547377869,21.862725332068308,-1482.6796246648794,3.856303117711114,3.856303117711114,4.364939094755738,27.251605052914712,22.42921146953405,-1521.0974084003574,0.0147608504154465,-0.0006744545371533,0.1101722196332008,0.0622496143872779,0.6882835139851743,1.585518162951461,115.44397163120568,3.09873417721519,0.0037085958597894,0.2512454062882809,0.0270342351583536,0.0,0.0,1.01474541429475,0.197479163995384,3.538111647139904,0.0024387742018207,6.321309665208186,0.0395593686025461,0.0321623007667602,-2.746668289516391,156865000.0,860471000.0,-237657000.0,1235571000.0,325407000.0,165341500.0,5569000.0,35.463738940889854,35.69544916713311,0.0,2.5378034772365634,2.5213298081389115,0.0,0.0569223134771537,0.9997663096397272,2006-04-17,0.31,bmo,779900000.0,2025-04-25,2006-03-31,0.0,23.264032258064518,1608857.4516129033
2005-12-31,JBHT,USD,728535,2006-03-10,2006-03-10 15:41:27,2005,Q4,858375000.0,469014000.0,389361000.0,0.4536024465,0,25788000.0,0.0,25788000.0,742281000.0,768069000.0,1237083000.0,0.0,0.0,42586000.0,-336122000.0,-0.3915794379,106625000.0,0.124217271,-3283000.0,103342000.0,0.1203926023,38004000.0,65338000.0,0.0761182467,0.42,0.42,154050000,154050000,https://www.sec.gov/Archives/edgar/data/728535/000110465906015770/0001104659-06-015770-index.htm,https://www.sec.gov/Archives/edgar/data/728535/000110465906015770/a06-1990_110k.htm,5.57205452775073,0.4241350210970464,0.3434014930217461,-0.623005517689062,0.0481142486205777,5.303635183382019,5.303635183382019,5.303635183382019,0.8049334631613113,3487692000.0,3604280000.0,13.344807003581376,4.063133245958934,65.92865919358803,-36.33996707441599,4.268770233468988,4.268770233468988,4.198957332168342,-10.723130291977318,68.1325494792159,-37.55475441265343,0.0187338790237211,-0.0275179115587041,0.1517701416725314,0.0800581583782799,-0.3468621512427035,1.719355563121636,0.0,0.8096513514340813,0.0026573447425976,0.1418470109277908,0.0300428134556574,0.0,0.0,2.8142190128731026,0.1734381826124945,3.4958671863992863,0.0,7.114266789970864,0.0529653621822724,0.0421841931622585,-2.9941074326517363,198604000.0,817025000.0,-257159000.0,1252663000.0,340026500.0,178953500.0,5569000.0,36.01583224115334,31.230219140580022,2.1372922769895992,2.4989010221222063,2.881824158673786,42.10935536002873,0.0799706251338698,0.966407010710808,2006-01-30,0.36,bmo,739156250.0,2025-04-25,2005-12-31,0.1388888888888888,21.37190476190476,1515823.888888889
2005-09-30,JBHT,USD,728535,2005-10-31,2005-10-31 14:24:29,2005,Q3,801140000.0,425521000.0,375619000.0,0.4688556307,0,30060000.0,0.0,30060000.0,694294000.0,724354000.0,1149875000.0,179000.0,1567000.0,41107000.0,105533000.0,0.1317285368,65102000.0,0.0812617021,-2244000.0,62858000.0,0.0784606935,23015000.0,39843000.0,0.0497328806,0.25,0.25,156710000,161174000,https://www.sec.gov/Archives/edgar/data/728535/000110465905051185/0001104659-05-051185-index.htm,https://www.sec.gov/Archives/edgar/data/728535/000110465905051185/a05-19255_110q.htm,5.11224554910344,0.2542466977219067,0.8732690957820177,0.0760385425307893,0.0238529768361942,5.034126730904218,5.034126730904218,5.034126730904218,0.9761151170952715,2979057100.0000005,3126719100.0000005,18.69247483874206,3.7185224804653374,21.768776762879067,250.00479187646863,3.7762259506298665,3.7762259506298665,3.9028373318021834,29.627880378649337,22.847782974059196,262.39670191339377,0.0133743660032565,0.003999923331446,0.1919132764945531,0.1016066467122129,1.399202145300522,1.362184903036196,41.545628589661774,3.4347313204326984,0.0031734873426897,0.2372813292171774,0.0375215318171605,0.0,0.0,0.9129265619291196,0.1559452779788801,3.0392390590410394,0.0,5.36637467831258,0.0330662382109438,0.0267391917104009,-2.839703911684002,115102000.0,788898000.0,-268261000.0,1149264000.0,327465500.0,167353000.0,0.0,37.8082232818234,41.2769757544281,0.0,2.3804345242339964,2.1803922975230328,0.0,0.0505046279747191,0.7972305532512284,2005-10-14,0.33,bmo,755322857.0,2025-04-25,2005-09-30,0.0606060606060604,19.0240625,1853566.578125
2005-06-30,JBHT,USD,728535,2005-07-22,2005-07-22 11:35:59,2005,Q2,759206000.0,392369000.0,366837000.0,0.4831850644,0,23813000.0,0.0,23813000.0,655463000.0,679276000.0,1071645000.0,229000.0,1758000.0,40109000.0,-272330000.0,-0.3587036983,93005000.0,0.1225029834,-2813000.0,90192000.0,0.1187977966,35561000.0,54631000.0,0.071958072,0.34,0.33,158387000,163483000,https://www.sec.gov/Archives/edgar/data/728535/000110465905033593/0001104659-05-033593-index.htm,https://www.sec.gov/Archives/edgar/data/728535/000110465905033593/a05-12542_110q.htm,4.793360566208086,0.3449209846767727,0.4795658734618371,-0.2584808096624091,0.0300340305706907,5.277181839418639,5.277181839418639,5.277181839418639,0.8609166156313334,3045782010.0,3175625010.0,13.937974821987517,4.011799182303617,40.09876653896284,-74.39623864191499,3.643990407220546,3.643990407220546,4.182823910769936,-11.660944479124591,41.80819424147873,-77.56778236443576,0.0179366086675388,-0.0134415397640358,0.1610361828921189,0.09184284093243,-0.4767855175705945,1.6061898595027633,52.90386803185438,1.3903644450952757,0.0031223508342936,0.1740769892551847,0.0313656636011833,0.0,0.0,1.538989164922259,0.1539727030608293,2.914483033733078,0.0,6.399589206999138,0.0444555260740178,0.0372768665897443,-2.438134127169528,161021000.0,835837000.0,-203061000.0,1179021000.0,318954000.0,150640500.0,0.0,37.74220698993423,32.00895075808741,0.0,2.384598230410925,2.811713532261301,0.0,0.0653608299225806,0.7380466831242463,2005-07-15,0.34,bmo,782206060.0,2025-04-25,2005-06-30,-0.0294117647058823,20.2240625,2334768.5625
2005-03-31,JBHT,USD,728535,2005-04-29,2005-04-29 15:56:32,2005,Q1,709178000.0,371222000.0,337956000.0,0.4765460857,0,21544000.0,0.0,21544000.0,620222000.0,641766000.0,1012988000.0,151000.0,1233000.0,39232000.0,-264578000.0,-0.373076999,79167000.0,0.1116320585,-1933000.0,77234000.0,0.1089063677,29735000.0,47499000.0,0.066977543,0.3,0.29,160704000,166409000,https://www.sec.gov/Archives/edgar/data/728535/000110465905019297/0001104659-05-019297-index.htm,https://www.sec.gov/Archives/edgar/data/728535/000110465905019297/a05-7638_110q.htm,4.412945539625647,0.2955682497013142,0.4115890083632019,-0.2017373556352051,0.0121465551573078,4.98063520509757,4.98063520509757,4.98063520509757,0.853948874950219,3517810560.0,3651858560.0,18.515182214362408,4.960405652741625,53.18412191582003,-108.50742011104256,4.3950217389131545,4.3950217389131545,5.149424488633319,-13.802578294491603,55.2107305273343,-112.64215175817397,0.0135024326039887,-0.0092159595995982,0.1699133441944608,0.0919688847623111,-0.5066483229898178,1.637653388362752,64.20681265206812,1.3925345796753617,0.0027639350767086,0.2046990462957114,0.0303788329587212,0.0,0.0,1.490142718916304,0.1389834428027942,2.512336867862969,0.0,5.755227769111948,0.0381748007101393,0.0321208092450368,-2.717755936379928,173040000.0,800408000.0,-233943000.0,1183537000.0,314046500.0,176314500.0,4846000.0,40.55062339779293,39.21095732472752,0.0,2.2194480000250367,2.295276783340444,0.0,0.0593434848227404,0.613326363998407,2005-04-14,0.26,bmo,658542857.0,2025-04-25,2005-03-31,0.0769230769230769,22.441147540983607,1724055.9672131147
2004-12-31,JBHT,USD,728535,2005-03-11,2005-03-11 15:54:42,2004,Q4,770805000.0,379305000.0,391500000.0,0.507910561,0,24919000.0,0.0,24919000.0,667132000.0,692051000.0,1071356000.0,0.0,0.0,38543000.0,-262008000.0,-0.3399147644,90163000.0,0.1169725157,-446000.0,89717000.0,0.1163938999,69935000.0,19782000.0,0.0256640785,0.12,0.12,158290242,160704000,https://www.sec.gov/Archives/edgar/data/728535/000110465905010620/0001104659-05-010620-index.htm,https://www.sec.gov/Archives/edgar/data/728535/000110465905010620/a05-1778_110k.htm,4.86956738621955,0.1249729594828719,0.6538053053200841,-0.5385613094204506,0.1505967752579467,5.439059218824114,5.439059218824114,5.439059218824114,0.0,3550450128.06,3526612128.06,44.86970640051562,4.606158662774631,34.30684917587037,-41.64799737310702,4.123874938219409,4.123874938219409,4.575232553058166,-13.4599406432628,34.076510305823696,-41.3683694595831,0.0055716878949118,-0.024010758333502,0.0,0.0,0.0909819547494732,1.5055495894179824,0.0,5.231574158325751,0.0006875184587746,0.1233950055606106,0.0323285396436193,0.0,0.0,1.8237334647457264,0.2448608921841451,4.896868432659627,0.0,3.910760139158187,0.016798134344537,0.0132613262935189,-2.3415783267297043,155821000.0,860950000.0,-166714000.0,1167200000.0,308882500.0,165245500.0,4846000.0,36.02825617374044,45.29505279392573,2.299679677304544,2.498039304649927,1.9869719637918029,39.135885266198926,0.0229769440734072,1.1923666147405347,2005-02-02,0.29,bmo,698537499.0,2025-04-25,2004-12-31,0.103448275862069,20.3315625,1562150.59375
2004-09-30,JBHT,USD,728535,2004-10-29,2004-10-29 17:18:08,2004,Q3,718614000.0,364738000.0,353876000.0,0.4924423961,0,24858000.0,0.0,24858000.0,626044000.0,650902000.0,1015640000.0,0.0,0.0,37458000.0,-259568000.0,-0.3612064335,82668000.0,0.115038115,-2205000.0,80463000.0,0.1119697084,32588000.0,47875000.0,0.0666213016,0.3,0.29,162131000,167356000,https://www.sec.gov/Archives/edgar/data/728535/000110465904032703/0001104659-04-032703-index.htm,https://www.sec.gov/Archives/edgar/data/728535/000110465904032703/a04-12315_110q.htm,4.432304741227773,0.2952859107758541,0.6398837976697855,-0.1081039406405931,0.257933399534944,5.168592064441717,5.168592064441717,5.168592064441717,0.3083925961105526,3010772670.0,3018953670.0,15.722050496083552,4.189693869031219,29.02089421176924,-171.77912192617106,3.592854643676707,3.592854643676707,4.201078284030091,-11.630685099858226,29.099751024145743,-172.24588748787585,0.0159012337520653,-0.0058214292213566,0.0596666543355581,0.0355673164815387,-0.0315177525735067,1.342623004663995,0.0,2.1669973890339427,0.000808098208225,0.0508198433420365,0.0345915888084562,0.0,0.0,1.1689430815942936,0.1687581928545784,3.237546051577767,0.0,5.860015302155302,0.0427220478223859,0.0340557055310733,-1.8138187638391177,104315000.0,837989000.0,-159021000.0,1072728000.0,292611500.0,133554500.0,0.0,38.72466998973023,34.44541013001113,0.0,2.324099857374329,2.6128299724202155,0.0,0.0571308215262968,0.7479877383103787,2004-10-15,0.28,bmo,718600000.0,2025-04-25,2004-09-30,0.0,18.08078125,1918055.4375
2004-06-30,JBHT,USD,728535,2004-07-29,2004-07-29 16:31:05,2004,Q2,679036000.0,340405000.0,338631000.0,0.4986937364,0,21846000.0,0.0,21846000.0,593385000.0,615231000.0,955636000.0,0.0,0.0,36730000.0,-239870000.0,-0.3532507849,79174000.0,0.1165976473,-2494000.0,76680000.0,0.1129247934,31055000.0,45625000.0,0.0671908411,0.28,0.27,160995000,166411000,https://www.sec.gov/Archives/edgar/data/728535/000110465904021532/0001104659-04-021532-index.htm,https://www.sec.gov/Archives/edgar/data/728535/000110465904021532/a04-8396_110q.htm,4.217745892729588,0.2833938942203174,0.7217926022547284,-0.5867387185937452,0.258927295878754,4.868977297431598,4.868977297431598,4.868977297431598,0.7862480201248486,3105593550.0,3190489550.0,17.016950958904108,4.573532993832433,26.72512843681425,-32.87664404734179,3.961817610070916,3.961817610070916,4.698557292985939,-13.300911118522531,27.455699410524502,-33.77537581249603,0.0146912335002756,-0.0304167298389707,0.161481143183723,0.0909810314231068,-0.3539250427314795,1.0766743328992214,0.0,2.546958904109589,0.0007776049766718,0.0529298630136986,0.0321720792417486,0.0,0.0,1.8128910115743728,0.3102442285828733,5.735556765586714,0.0,5.571926492404829,0.040716705295461,0.0327930476582709,-2.2281282027392155,27671000.0,783881000.0,-218859000.0,992746000.0,272260500.0,135334000.0,0.0,36.58418699450397,33.71354709830936,0.0,2.460079269043772,2.669550010194959,0.0,0.0582039875950558,1.3085313208484737,2004-07-15,0.23,bmo,557750000.0,2025-04-25,2004-06-30,0.2173913043478261,16.394193548387097,1624525.8709677418
2004-03-31,JBHT,USD,728535,2004-05-07,2004-05-07 13:13:22,2004,Q1,617698000.0,315177000.0,302521000.0,0.4897555116,0,21594000.0,0.0,21594000.0,550911000.0,572505000.0,887682000.0,0.0,0.0,37045000.0,90135000.0,0.1459208221,58217000.0,0.094248322,-2798000.0,55419000.0,0.0897186004,22445000.0,32974000.0,0.0533820734,0.21,0.2,160330000,165930000,https://www.sec.gov/Archives/edgar/data/728535/000110465904013163/0001104659-04-013163-index.htm,https://www.sec.gov/Archives/edgar/data/728535/000110465904013163/a04-5146_110q.htm,3.852666375600324,0.2056633194037298,0.4384457057319279,-0.8476018212436849,0.2233393625647103,4.6025135657705984,4.6025135657705984,4.6025135657705984,0.9032370735358324,2257446400.0,2366454400.0,17.11535148905198,3.654611800588637,32.1134403095482,-16.611573556248896,3.059197935822398,3.059197935822398,3.831086388494054,26.254555943861984,33.66414020712416,-17.41371637134279,0.0146067698440149,-0.0601989929860571,0.1962486499232302,0.1069220699538617,1.2093859211183224,1.0450646186468342,0.0,2.1318614666100566,0.0,0.0,0.0349588310145087,0.0,0.0,2.933196767952657,0.3338071355257747,5.565987312727764,0.0,4.6149523176934615,0.0310304497790253,0.0243457099675356,-2.3657690388573567,17257000.0,737921000.0,-216290000.0,932934000.0,262265500.0,151020000.0,4320000.0,39.12091345609019,40.87817321695429,0.0,2.3005597786211496,2.201663942327843,0.0,0.0446850001558432,1.2860475269756129,2004-04-14,0.12,bmo,509600848.0,2025-04-25,2004-03-31,0.6666666666666669,13.661290322580646,1340832.9032258063
2003-12-31,JBHT,USD,728535,2004-03-04,2004-03-04 17:05:11,2003,Q4,640746000.0,297635000.0,343111000.0,0.5354867607,0,22901000.0,0.0,22901000.0,574448000.0,597349000.0,894984000.0,0.0,0.0,37215000.0,-217023000.0,-0.3387036361,57760000.0,0.0901449248,-2174000.0,55586000.0,0.0867520047,29095000.0,26491000.0,0.0413439959,0.17,0.17,160330000,160330000,https://www.sec.gov/Archives/edgar/data/728535/000110465904006498/0001104659-04-006498-index.htm,https://www.sec.gov/Archives/edgar/data/728535/000110465904006498/a04-3086_110k.htm,3.996419883989272,0.1652279673174078,0.508339050707915,-0.8056633194037298,0.3818935944614233,4.385554793238945,4.385554793238945,4.385554793238945,1.0713964947296202,2164455000.0,2275003000.0,20.42632403457778,3.378023428940641,26.557078353905425,-16.756379091443968,3.078287841896873,3.078287841896873,3.5505535734908995,-10.48277371522834,27.91346224632524,-17.612199238225003,0.0122391086901783,-0.0596787644002762,0.2443012447094161,0.1275188909864439,-0.5093837980306235,0.9937836250440504,0.0,3.076592050130233,0.0,0.0,0.0357411517200263,0.0,0.0,2.584893622242399,0.328794873475605,5.66099690984818,0.0,4.037804705658098,0.0237293805234925,0.0196656300967061,-2.4097923033742905,-2646000.0,703136000.0,-220931000.0,882319000.0,261060000.0,134317000.0,4320000.0,35.96258111638621,48.04455121205503,2.6125959648562835,2.502601237345332,1.8732613320242184,34.448495370370374,0.0376754994766304,1.3140023701116448,2004-01-28,0.17,bmo,489982235.0,2025-04-25,2003-12-31,0.2352941176470586,13.15875,1358460.78125
2003-09-30,JBHT,USD,728535,2003-10-31,2003-10-31 16:21:31,2003,Q3,621644000.0,312039000.0,309605000.0,0.4980422879,0,21942000.0,0.0,21942000.0,556073000.0,578015000.0,890054000.0,0.0,0.0,38196000.0,95772000.0,0.1540624538,57575000.0,0.092617318,-4468000.0,53107000.0,0.0854299245,20446000.0,32661000.0,0.0525397173,0.21,0.2,159604000,165116000,https://www.sec.gov/Archives/edgar/data/728535/000110465903024362/0001104659-03-024362-index.htm,https://www.sec.gov/Archives/edgar/data/728535/000110465903024362/a03-4644_110q.htm,3.8949149144131727,0.2046377283777349,0.703622716222651,0.1228853913435753,0.5837510338086764,4.233534247261973,4.233534247261973,4.233534247261973,1.2827247437407585,2090812400.0,2202371400.0,16.003891491381157,3.3633597364407923,18.61793216445089,106.60339570692908,3.094341331588941,3.094341331588941,3.542817754213022,22.9959842125047,19.61132492141655,112.29140875949624,0.0156212006395217,0.0093805642247004,0.30299146500831,0.1578120543594724,1.1648394102660484,1.0433242636402094,0.0,3.4383821683353237,0.0,0.0,0.0352967293177445,0.0,0.0,0.8253532916002528,0.1491014149577571,2.426641533144832,0.0,4.415050249521886,0.0324075712337859,0.0251763291168512,-2.060512267862961,17308000.0,675689000.0,-204794000.0,858432000.0,261881500.0,105599500.0,0.0,38.52352793560301,31.654120158057165,0.0,2.3362346291452454,2.8432317673215,0.0,0.0483373267879157,0.5807373248790757,2003-10-14,0.16,bmo,497279999.0,2025-04-25,2003-09-30,0.25,11.9496875,1894274.4375
2003-06-30,JBHT,USD,728535,2003-07-30,2003-07-30 17:05:11,2003,Q2,599866000.0,302072000.0,297794000.0,0.4964342036,0,28134000.0,0.0,28134000.0,543038000.0,571172000.0,873244000.0,0.0,0.0,37273000.0,83713000.0,0.1395528335,46440000.0,0.0774172899,-5433000.0,41007000.0,0.0683602671,15878000.0,25129000.0,0.0418910223,0.16,0.16,158052000,162628000,https://www.sec.gov/Archives/edgar/data/728535/000110465903016162/0001104659-03-016162-index.htm,https://www.sec.gov/Archives/edgar/data/728535/000110465903016162/a03-1651_110q.htm,3.7953711436742337,0.1589919773239187,0.6128489357932833,-0.1522157264697694,0.8119669475868702,4.000461873307519,4.000461873307519,4.000461873307519,2.042656847113608,1506235560.0,1700748560.0,14.985032830594134,2.510953379588108,15.550324791972082,-62.6085110981794,2.3822249284732577,2.3822249284732577,2.835214131155958,20.3164211054436,17.55847040118932,-70.69368027267437,0.016683313465259,-0.015972269304278,0.5106052530441371,0.241380006444855,2.3235698159186744,1.2014083948790446,0.0,3.854590313979864,0.0,0.0,0.0469004744392914,0.0,0.0,1.248373975346369,0.2015783524987247,3.244171384111824,0.0,3.782979014948072,0.0246336379931964,0.0187880233360573,-2.427243881760434,76222000.0,632281000.0,-250553000.0,919436000.0,257349000.0,112263500.0,0.0,38.65988404076911,30.22653539553484,0.0,2.3279945667992625,2.977516239366788,0.0,0.0397434052264736,0.7650646622630527,2003-07-15,0.12,bmo,449925000.0,2025-04-25,2003-06-30,0.3333333333333334,8.565714285714286,2656185.777777778
2003-03-31,JBHT,USD,728535,2003-05-07,2003-05-07 13:48:07,2003,Q1,571213000.0,302646000.0,268567000.0,0.4701696215,0,25269000.0,0.0,25269000.0,539529000.0,564798000.0,867444000.0,0.0,0.0,37537000.0,61397000.0,0.1074852988,23860000.0,0.041770758,-5831000.0,18029000.0,0.031562657,6851000.0,11178000.0,0.0195688824,0.07,0.07,157362000,161154000,https://www.sec.gov/Archives/edgar/data/728535/000110465903008376/0001104659-03-008376-index.htm,https://www.sec.gov/Archives/edgar/data/728535/000110465903008376/j0435_10q.htm,3.629929716195778,0.0710336675944637,0.2665510097736429,-0.2694742059709459,0.5355740267663095,3.827696648492012,3.827696648492012,3.827696648492012,2.1329482340082104,1059046260.0,1310412260.0,23.68595142243693,1.8540303879638595,25.24845059005841,-24.974561018747792,1.7582375559075198,1.7582375559075198,2.2940868992827546,21.343262048634298,31.241203003933723,-30.902305388515504,0.0105547797317182,-0.0400407438292638,0.5572406671381659,0.2556004090885899,4.0941088326791215,1.424020699593869,0.0,3.7524601896582577,0.0,0.0,0.0442374385737019,0.0,0.0,2.0109667421623554,0.1476682078314043,2.247116178703679,0.0,2.473387344530179,0.013116562515266,0.0085122715154173,-2.756591489686201,129462000.0,602334000.0,-276047000.0,967542000.0,247089500.0,120503500.0,4757500.0,40.49639976681203,36.59998810491465,0.0,2.222419783443505,2.4590171926289446,0.0,0.0185578101186384,0.536025215744589,2003-04-14,0.03981,bmo,530157062.0,2025-04-25,2003-03-31,0.7583521728208995,6.779344262295083,2017828.1967213117
2002-12-31,JBHT,USD,728535,2003-03-11,2003-03-10 20:52:19,2002,Q4,597665000.0,281961000.0,315704000.0,0.5282290246,0,27680000.0,0.0,27680000.0,557241000.0,584921000.0,866882000.0,0.0,0.0,37495000.0,-231722000.0,-0.3877121799,30797000.0,0.0515288665,-5402000.0,25395000.0,0.0424903583,10668000.0,14727000.0,0.0246408941,0.0936,0.0936,157364000,157364000,https://www.sec.gov/Archives/edgar/data/728535/000110465903003945/0001104659-03-003945-index.htm,https://www.sec.gov/Archives/edgar/data/728535/000110465903003945/j8280_10k.htm,3.797977936503902,0.0935855723037035,0.3291540631910729,-0.1947014564957677,0.512366233700211,3.752363946010523,3.752363946010523,3.752363946010523,2.180390686561094,1153478120.0,1415965120.0,19.58100971005636,1.9299743501794484,22.26920709693612,-37.647381441953065,1.9534352492095504,1.9534352492095504,2.3691618548852618,-6.110620139650098,27.33681719018476,-46.21446914063775,0.0127674723470263,-0.0265622723732288,0.5810712174865831,0.2601863310705468,-1.1327668499322463,1.3315167107758608,0.0,3.517145379235418,0.0,0.0,0.0463135703111274,0.0,0.0,1.5915207444446589,0.1379301113500037,2.1985864781970927,0.0,2.810918064624351,0.0156022952078674,0.0111675796676797,-2.954859434178084,107852000.0,590487000.0,-295060000.0,952414000.0,245544000.0,118606500.0,4757500.0,35.71238068148545,37.6427591049826,3.037122155191676,2.5201344262848084,2.3908980675140548,29.63331581713085,0.0249404305259895,0.5238555196868407,2003-01-30,0.1,bmo,657431500.0,2025-04-25,2002-12-31,-0.1,6.885625,1798584.6875
2002-09-30,JBHT,USD,728535,2002-11-08,2002-11-08 16:42:12,2002,Q3,582671000.0,288425000.0,294246000.0,0.5049951002,0,20851000.0,0.0,20851000.0,547209000.0,568060000.0,856485000.0,0.0,0.0,36449000.0,53249000.0,0.0913877643,28026000.0,0.0480991846,-5685000.0,22341000.0,0.0383423922,5585000.0,16756000.0,0.0287572232,0.11,0.11,156908000,160980000,https://www.sec.gov/Archives/edgar/data/728535/000110465902005424/0001104659-02-005424-index.htm,https://www.sec.gov/Archives/edgar/data/728535/000110465902005424/j5588_10q.htm,3.71345629285951,0.106788691462513,0.3185560965661406,-0.3430226629617355,0.5465686899329544,3.660973309200296,3.660973309200296,3.660973309200296,2.303069314502766,924188120.0,1199797120.0,13.788913225113392,1.5861234212789035,18.48967909731114,-17.17087713431061,1.6088617705018486,1.6088617705018486,2.0591330613673926,22.531824447407462,24.00362355953905,-22.2915318729911,0.0181305078883723,-0.0582381431174423,0.6290866171340236,0.2782089065035768,5.175853067663242,1.3220342227156143,0.0,2.983050847457627,0.0,0.0,0.0357852029704584,0.0,0.0,2.0768045774647885,0.1781571418519198,2.848006804027545,0.0,2.9658704213595426,0.018892821936919,0.0128999873740873,-2.856897035205343,100950000.0,574436000.0,-310054000.0,948251000.0,250375000.0,119906500.0,0.0,39.22261447712346,37.22069862182544,0.0,2.294594615881417,2.4180094230479035,0.0,0.0291694810213844,0.6615787595278763,2002-10-15,0.09,bmo,476754545.0,2025-04-25,2002-09-30,0.2222222222222222,6.2471875,2523426.375
2002-06-30,JBHT,USD,728535,2002-07-29,2002-07-29 17:09:12,2002,Q2,557328000.0,273574000.0,283754000.0,0.5091328625,0,21857000.0,0.0,21857000.0,520666000.0,542523000.0,816097000.0,0.0,0.0,35920000.0,49773000.0,0.0893064766,28509000.0,0.0511530015,-7743000.0,20766000.0,0.0372599259,5287000.0,15479000.0,0.0277735911,0.11,0.1,148428000,153208000,https://www.sec.gov/Archives/edgar/data/728535/000110465902003148/0001104659-02-003148-index.htm,https://www.sec.gov/Archives/edgar/data/728535/000110465902003148/j4495_10q.htm,3.754871048589215,0.1042862532675775,0.4639825369876303,-0.3629908103592314,0.5411647398065055,3.750882582801089,3.750882582801089,3.750882582801089,2.4815398711833345,1089461520.0,1377467520.0,17.595799470250014,1.954794160709672,15.819560899111345,-20.220897583429227,1.9568727727324984,1.9568727727324984,2.4715562828352424,27.674994876740403,20.001561247604112,-25.56641894650878,0.0142079364124765,-0.0494537888772794,0.6615882572709507,0.2855477177812043,5.786390211560485,1.7621949898853382,0.0,4.449124620453517,0.0,0.0,0.0392174805500531,0.0,0.0,1.782337224835918,0.2202401458387161,3.417204899777283,0.0,2.9666856165856443,0.0193467469765006,0.0120000899289638,-3.151248416740777,175955000.0,556736000.0,-326363000.0,1012602000.0,236525000.0,116107500.0,0.0,39.85735509430712,39.65212337429727,0.0,2.2580524921196994,2.269739735005932,0.0,0.0278031239222899,0.8269733473468618,2002-07-15,0.07,bmo,390110000.0,2025-04-25,2002-06-30,0.4285714285714285,6.82625,2125387.5625
2002-03-31,JBHT,USD,728535,2002-05-10,2002-05-09 20:48:15,2002,Q1,510221000.0,252111000.0,258110000.0,0.5058788251,0,15771000.0,0.0,15771000.0,491778000.0,507549000.0,759660000.0,0.0,0.0,35984000.0,35493000.0,0.0695639733,13631000.0,0.0267158741,-7286000.0,6345000.0,0.0124357876,1491000.0,4854000.0,0.0095135245,0.0325,0.0325,145056000,149076000,https://www.sec.gov/Archives/edgar/data/728535/000110465902001850/0001104659-02-001850-index.htm,https://www.sec.gov/Archives/edgar/data/728535/000110465902001850/j3759_10q.htm,3.5174070703728217,0.0334629384513567,0.0256039046988749,-0.5926952349437459,0.0855118023384072,3.257314416501213,3.257314416501213,3.257314416501213,2.815057632914185,1016842560.0,1412779560.0,52.37137206427688,1.9929453315328065,273.7863651050081,-11.827326401004957,2.152079628692912,2.152079628692912,2.768956119015093,39.804456089933225,380.3929886914378,-16.43263730895387,0.0047736003496942,-0.0845499621888367,0.8642265599702006,0.3345535432651539,11.155354576958835,1.44132749013742,0.0,0.765142150803461,0.0,0.0,0.0309101350199227,0.0,0.0,24.148626817447497,0.1757826510472912,2.492441084926634,0.0,1.5660410327677188,0.0098955264846374,0.0039768793704503,-3.9018310169865433,100906000.0,472493000.0,-418514000.0,938510000.0,229739000.0,137487500.0,4457500.0,39.9060015169897,39.86958125587539,0.0,2.255299869160861,2.257360051574084,0.0,0.0102731680680983,0.6182991396426207,2002-04-15,0.02366,bmo,510200000.0,2025-04-25,2002-03-31,0.2679628064243448,6.460166666666667,1883813.3333333333
2001-12-31,JBHT,USD,728535,2002-05-29,2002-05-28 19:39:53,2001,Q4,546240000.0,240238000.0,306002000.0,0.560196983,0,10986000.0,0.0,10986000.0,504216000.0,515202000.0,755440000.0,0.0,0.0,36188000.0,-173012000.0,-0.3167325718,36074000.0,0.0660405682,-10360000.0,25714000.0,0.047074546,7532000.0,18182000.0,0.0332857352,0.13,0.13,145056000,145056000,https://www.sec.gov/Archives/edgar/data/728535/000110465902002706/0001104659-02-002706-index.htm,https://www.sec.gov/Archives/edgar/data/728535/000110465902002706/j4021_10ka.htm,3.765718067504963,0.1253446944628281,0.3470521729538937,-0.2601478049856607,0.339489576439444,3.1595866424001766,3.1595866424001766,3.1595866424001766,2.702632086918156,841324800.0,1184112800.0,11.56810031899681,1.5402108963093146,16.712184656946484,-22.29501801992792,1.8356831625272465,1.8356831625272465,2.167751903925015,-6.844107923149839,23.52136983036033,-31.378863684545266,0.0216111542177289,-0.0448530698251139,0.8553752097347469,0.3110637325457947,-1.98129609506855,1.447516119081833,0.0,2.7687823121768784,0.0,0.0,0.0201120386643233,0.0,0.0,1.7495927853482185,0.1612441417691857,2.433900740576987,0.0,2.985103348664979,0.0240337535391822,0.0144267466900685,-3.952570041914847,118965000.0,458317000.0,-417182000.0,950676000.0,240226000.0,152397000.0,4457500.0,38.43025043936731,61.17346131752679,3.3398130187564,2.341905113056601,1.4712262157742926,26.94761637689288,0.0396712319202647,0.6071999779395544,2002-01-30,0.03896,bmo,450648000.0,2025-04-25,2001-12-31,0.5400410677618068,4.2725,965225.0
2001-09-30,JBHT,USD,728535,2001-11-09,2001-11-09 00:00:00,2001,Q3,537156000.0,273089000.0,264067000.0,0.4916020672,0,19971000.0,0.0,19971000.0,518113000.0,538084000.0,811173000.0,0.0,0.0,35717000.0,35242000.0,0.0656085011,11950000.0,0.0222467961,-6598000.0,5352000.0,0.009963586,803000.0,4549000.0,0.0084686758,0.0325,0.03,143356000,147384000,https://www.sec.gov/Archives/edgar/data/728535/000110465901502639/0001104659-01-502639-index.htm,https://www.sec.gov/Archives/edgar/data/728535/000110465901502639/j1965_10q.htm,3.7470074499846535,0.0317321911883702,0.3686417031725215,0.2223136806272496,0.4406024163620636,3.1400150673846925,3.1400150673846925,3.1400150673846925,2.794853372024889,468774120.0,806270120.0,25.76248186414597,0.8726964233853852,8.87040172573656,14.708946344524632,1.041396276713911,1.041396276713911,1.5009980713237867,22.878103399353044,15.256686661494504,25.29871728898651,0.0097040340025596,0.0679858350542047,0.8900764206691252,0.3236231081013406,9.576528006356051,1.4789423849648708,0.0,11.614725274725275,0.0,0.0,0.0371791434890422,0.0,0.0,0.3969383314095407,0.0390519700049892,0.5873113643363105,0.0,1.4972942480300322,0.0098794603607507,0.0036743503047554,-3.762203884036943,120386000.0,450140000.0,-416158000.0,930236000.0,238106500.0,134861000.0,0.0,41.41914080825682,46.634137588844666,0.0,2.1729084245528023,1.929916680211727,0.0,0.0101057448793708,0.1463280225452719,2001-10-15,0.011,bmo,179066666.0,2025-04-25,2001-09-30,1.7272727272727273,5.371864406779661,1232040.6779661018
2001-06-30,JBHT,USD,728535,2001-08-09,2001-08-09 00:00:00,2001,Q2,521489000.0,258394000.0,263095000.0,0.5045072859,0,18860000.0,0.0,18860000.0,499060000.0,517920000.0,776314000.0,0.0,0.0,35337000.0,39166000.0,0.0751041729,15818000.0,0.0303323752,-6072000.0,9746000.0,0.0186887931,1178000.0,8568000.0,0.0164298768,0.06,0.06,141248000,143244000,https://www.sec.gov/Archives/edgar/data/728535/000110465901501270/0001104659-01-501270-index.htm,https://www.sec.gov/Archives/edgar/data/728535/000110465901501270/j1498_10q.htm,3.692009798368826,0.0606592659719075,0.2903474739465337,-0.019426823742637,0.1592234934299954,3.130670876755777,3.130670876755777,3.130670876755777,2.674657340280924,670928000.0,1026228000.0,19.5765639589169,1.286562132662434,16.359708370924874,-244.5072886297376,1.5172466819387562,1.5172466819387562,1.967880434678392,26.20201194913956,25.023237667942748,-373.98979591836735,0.0127703717835594,-0.0040898576300288,0.8543399947082888,0.315014008405043,9.07164377265996,1.3716431084214216,0.0,4.786531279178338,0.0,0.0,0.0361656717591358,0.0,0.0,1.066908878105874,0.0839039749639973,1.2382205620171491,0.0,2.067085978166307,0.0139218362680911,0.0071442865719431,-3.984720137630267,88001000.0,442201000.0,-432289000.0,898584000.0,222861000.0,132062500.0,0.0,39.52265531967117,44.65935741541986,0.0,2.277174933517316,2.015255149392836,0.0,0.0193758042157299,0.3097742976891708,2001-08-15,0.03583,bmo,347666666.0,2025-04-25,2001-06-30,0.674574379012001,4.488888888888889,401866.6666666667
2001-03-31,JBHT,USD,728535,2001-05-15,2001-05-15 00:00:00,2001,Q1,495419000.0,247154000.0,248265000.0,0.5011212731,0,12590000.0,0.0,12590000.0,486680000.0,499270000.0,746424000.0,0.0,0.0,35513000.0,-215492000.0,-0.4349691877,8367000.0,0.0168887346,-6098000.0,2269000.0,0.0045799616,624000.0,1645000.0,0.0033204217,0.0125,0.0125,141092000,143168000,https://www.sec.gov/Archives/edgar/data/728535/000091205701515520/0000912057-01-515520-index.htm,https://www.sec.gov/Archives/edgar/data/728535/000091205701515520/a2049216z10-q.txt,3.5113188557820427,0.01165905933717,0.1941924418110169,0.0991409860233039,0.136251523828424,3.049400391234089,3.049400391234089,3.049400391234089,2.841769908995549,551669720.0,933396720.0,83.8403829787234,1.1135417091391326,20.13466622869448,39.438784672576496,1.2822192885000674,1.2822192885000674,1.884055153314669,-4.331468082341804,34.06681703711814,66.7283900486131,0.0029818566079718,0.0253557509011007,0.9319110462386636,0.3314069157619364,-1.7714207487980993,1.1372360539289312,0.0,16.655927051671732,0.0,0.0,0.0254128323701755,0.0,0.0,0.4894704186284171,0.0270700154818446,0.3776363585165995,0.0,0.8943968092207324,0.0060080888674842,0.0013596783058986,-4.237226419641085,38833000.0,430246000.0,-457801000.0,855087000.0,221256000.0,147245500.0,3616500.0,39.36940246538788,49.48954902611328,0.0,2.286039268163256,1.8185657734022045,0.0,0.0038233940582829,0.0950514557877129,2001-04-16,,bmo,,2025-04-25,2001-03-31,,4.318225806451613,696658.0645161291
2000-12-31,JBHT,USD,728535,2001-03-12,2001-03-12 00:00:00,2000,Q4,533969000.0,260618000.0,273351000.0,0.5119229768,0,17624000.0,0.0,17624000.0,508957000.0,526581000.0,787199000.0,0.0,0.0,35480000.0,-217750000.0,-0.4077952091,17694000.0,0.0331367551,-4888000.0,12806000.0,0.0239826657,1921000.0,10885000.0,0.0203850785,0.0771,0.0771,141092000,141092000,https://www.sec.gov/Archives/edgar/data/728535/000091205701007504/0000912057-01-007504-index.htm,https://www.sec.gov/Archives/edgar/data/728535/000091205701007504/a2041002z10-k.txt,3.784544835993536,0.0771482436991466,0.2014430300796643,0.1340118504238369,0.03806027272985,3.0335029626059598,3.0335029626059598,3.0335029626059598,2.8440804581407875,592586400.0,988493400.0,13.61016077170418,1.109776784794623,20.84956723664767,31.34051195261265,1.3845379588460829,1.3845379588460829,1.8512187037075185,-4.539579334098737,34.77916402786574,52.27910937169453,0.0183686294521777,0.0319075834342468,0.937556512454352,0.3257327377323708,-1.8181722158438576,1.0175144647281984,0.0,2.611116214974736,0.0,0.0,0.0330056613773458,0.0,0.0,0.3347406938287242,0.0178175137507982,0.2681510710259301,0.0,2.2947030485396533,0.0146869088453817,0.0088357938536643,-4.433871162078644,5697000.0,428003000.0,-472947000.0,850872000.0,225566000.0,148006500.0,3616500.0,38.05788351009141,54.76463636433401,2.497793705730226,2.3648188417029457,1.6433962859034588,36.03179870040094,0.0254320647285182,0.0674311796558274,2001-01-29,0.07,bmo,457687714.0,2025-04-25,2000-12-31,0.1428571428571427,3.3919047619047618,318336.507936508
2000-09-30,JBHT,USD,728535,2000-11-14,2000-11-14 00:00:00,2000,Q3,509422000.0,247243000.0,262179000.0,0.5146597516,0,15637000.0,0.0,15637000.0,487427000.0,503064000.0,750307000.0,0.0,0.0,34243000.0,-206641000.0,-0.4056381546,15817000.0,0.0310489143,-6265000.0,9552000.0,0.0187506625,429000.0,9123000.0,0.0179085316,0.065,0.065,140644000,141120000,https://www.sec.gov/Archives/edgar/data/728535/000091205700049803/0000912057-00-049803-index.htm,https://www.sec.gov/Archives/edgar/data/728535/000091205700049803/a2031037z10-q.txt,3.622067062939052,0.0648659025624982,0.389302067631751,-0.3490586160803162,0.065036546173317,2.964648331958704,2.964648331958704,2.964648331958704,2.59010693666278,448654360.0,803790360.0,12.294594979721584,0.8807125722878085,8.194151188062754,-9.13886623347524,1.0760129508825786,1.0760129508825786,1.57784775686955,-3.8897912805300017,14.680298065859406,-16.372809972908563,0.0203341387343254,-0.1094227636615411,0.8736641404451266,0.3155801470639194,-1.7186134407015066,1.1661197620663757,0.0,6.0016441959881615,0.0,0.0,0.0306955726293721,0.0,0.0,1.896626668858327,0.2038506385668463,3.032619805507695,0.0,2.080108956579051,0.0155825159802478,0.0079032995820945,-3.976136557549558,41360000.0,416960000.0,-447031000.0,847866000.0,239440500.0,148981500.0,0.0,39.81011813388507,50.02576412679024,0.0,2.260731799321011,1.7990729691183749,0.0,0.0218797966231772,0.7383606837120673,2000-10-16,0.06,bmo,436628571.0,2025-04-25,2000-09-30,0.1666666666666668,3.54,225911.11111111112
2000-06-30,JBHT,USD,728535,2000-08-11,2000-08-11 00:00:00,2000,Q2,583500000.0,314838000.0,268662000.0,0.4604318766,0,15790000.0,0.0,15790000.0,556684000.0,572474000.0,887312000.0,0.0,0.0,33321000.0,-207132000.0,-0.3549820051,20708000.0,0.0354892888,-6890000.0,13818000.0,0.0236812339,2764000.0,11054000.0,0.0189443016,0.0775,0.0775,141260000,142020000,https://www.sec.gov/Archives/edgar/data/728535/000091205700036469/0000912057-00-036469-index.htm,https://www.sec.gov/Archives/edgar/data/728535/000091205700036469/a10-q.txt,4.130681013733541,0.0782528670536599,0.3536032847232054,-0.7871230355373071,0.0419793288970692,2.883059606399547,2.883059606399547,2.883059606399547,2.774585870026901,545263600.0,931271600.0,12.33181653700018,0.9344706083976008,10.916188188188189,-4.903934741746036,1.338855426863854,1.338855426863854,1.5960095972579262,-4.496029584998938,18.644076076076075,-8.375573123240608,0.0202727634854041,-0.2039178848542246,0.9623754791153584,0.3276331199201518,-1.8635845740880213,1.1812052050561277,0.0,4.518726252940112,0.0,0.0,0.0270608397600685,0.0,0.0,3.226006006006006,0.276159383033419,4.835959304942829,0.0,2.253036351674251,0.0167723350842345,0.0092403811510936,-4.197370097692199,48669000.0,407261000.0,-471756000.0,874489000.0,246043000.0,164729500.0,0.0,39.10735218508998,45.89074381110285,0.0,2.30135754458757,1.961179805026941,0.0,0.0271422994099606,1.1407263202605125,2000-07-18,0.06,bmo,437625000.0,2025-04-25,2000-06-30,0.3333333333333334,3.910793650793651,377885.7142857143
2000-03-31,JBHT,USD,728535,2000-05-12,2000-05-12 00:00:00,2000,Q1,533556000.0,284819000.0,248737000.0,0.4661872418,0,15457000.0,0.0,15457000.0,515404000.0,530861000.0,815680000.0,0.0,0.0,31347000.0,207712000.0,0.3892974683,12229000.0,0.022919806,-5963000.0,6266000.0,0.0117438469,1253000.0,5013000.0,0.0093954524,0.035,0.035,142416000,142488000,https://www.sec.gov/Archives/edgar/data/728535/000091205700023675/0000912057-00-023675-index.html,https://www.sec.gov/Archives/edgar/data/728535/000091205700023675/,3.7464610717896862,0.0351996966632962,-0.0565385911695315,-0.6866152679474217,0.0273003033367037,2.8252443545669026,2.8252443545669026,2.8252443545669026,2.78359173126615,487062720.0,879602720.0,24.28998204667863,0.9128614803319616,-60.48965722801788,-4.980955361251726,1.2105147628988966,1.2105147628988966,1.648566823351251,4.234722692959482,-109.2402781917536,-8.995272485555045,0.0102923089658761,-0.2007646982302402,0.985256983795606,0.3321808934062895,1.889828223694346,1.178997622301687,0.0,-1.6062238180730102,0.0036586663828428,0.3554757630161579,0.0289697801168012,0.0,0.0,-11.14418777943368,0.1681791602006162,2.862570580916834,0.0,1.4958523477636478,0.0099190347482456,0.0042005681199252,-4.2709878103583865,47804000.0,402360000.0,-476181000.0,868969000.0,238556500.0,174466500.0,3912500.0,40.236826125092776,53.3783209687556,0.0,2.2367569380397416,1.6860777627808956,0.0,0.0124589919475096,0.6300766767778901,2000-04-14,0.00938,bmo,133400000.0,2025-04-25,2000-03-31,3.264392324093817,3.2157142857142857,451104.7619047619
1999-12-31,JBHT,USD,728535,2000-03-02,2000-03-02 00:00:00,1999,Q4,553374000.0,296884000.0,256490000.0,0.46350208,0,6867000.0,0.0,6867000.0,1749425000.0,1756292000.0,2053176000.0,0.0,0.0,264380000.0,-1235422000.0,-2.2325262842,-1499802000.0,-2.7102863524,1507424000.0,7622000.0,0.0137736865,2041000.0,5581000.0,0.0100854034,0.0392,0.0392,139611111,142416000,https://www.sec.gov/Archives/edgar/data/728535/000091205700009394/0000912057-00-009394-index.html,https://www.sec.gov/Archives/edgar/data/728535/000091205700009394/,3.9636816585465033,0.0399753283246918,-0.012162355759779,-0.738974135088718,0.0902936729727765,2.8750290512336085,2.8750290512336085,2.8750290512336085,2.346797455110861,483054444.06,798087444.06,21.638346356387743,0.8729258043565473,-284.484360459364,-4.682166581628202,1.203466100113108,1.203466100113108,1.442220711598304,-0.6460039112627102,-470.0161625795053,-7.735729182797158,0.0115535630996219,-0.2135763396210167,0.816269127473305,0.290598192048704,-0.2550003156816051,1.0905701511288477,0.0,-0.3042465507973481,0.0036848848445309,0.3189392581974556,0.0124093289529323,0.0,0.0,-59.75912838633687,0.1833678488689385,0.383807398441637,0.0,1.6080827655898324,-1.1978054812606649,0.004950047185542,-3.800770198010959,24511000.0,401386000.0,-430937000.0,810396000.0,231939000.0,181654500.0,4550000.0,38.80119051491396,54.56949515635737,2.3721386130609936,2.3195164582748258,1.6492730919009606,37.94044728434505,0.0139043215259127,0.7268117793289389,2000-01-26,0.03909,bmo,553374000.0,2025-04-25,1999-12-31,0.0232796111537477,3.3884375,302137.5
1999-09-30,JBHT,USD,728535,1999-11-12,1999-11-12 00:00:00,1999,Q3,523901000.0,270594000.0,253307000.0,0.4835016539,0,23713000.0,0.0,23713000.0,66357000.0,90070000.0,360664000.0,0.0,0.0,-38129000.0,66400000.0,0.1267415027,163237000.0,0.3115798596,-155337000.0,7808000.0,0.0149035791,2850000.0,4958000.0,0.00946362,0.035,0.035,142540000,142768000,https://www.sec.gov/Archives/edgar/data/728535/000091205799004945/0000912057-99-004945-index.html,https://www.sec.gov/Archives/edgar/data/728535/000091205799004945/,3.6754665357092735,0.0347832187456152,0.4303914690613161,-0.0241195453907675,0.0197628735793461,2.789609934053599,2.789609934053599,2.789609934053599,3.0644450680510733,494613800.0,928602800.0,24.94018757563533,0.9440978352780393,8.062427462997979,-143.86672484002327,1.2439015066732726,1.2439015066732726,1.7724776245893783,13.984981927710844,15.136643411358154,-270.099709133217,0.0100239823474395,-0.0069508776342269,1.0985209905666309,0.3520326625086334,6.535978915662651,1.1086522960328409,0.0,12.373537716821298,0.003604832699775,0.3596208148446954,0.0452623682718681,0.0,0.0,1.0560409467301295,0.1236607679695209,-1.6991266490073174,0.0,1.4775693832779473,0.1016777160777823,0.0039957737318576,-4.705673845937982,26150000.0,397631000.0,-576354000.0,951691000.0,211767500.0,152704500.0,1275000.0,38.70473620015996,60.96587507483536,0.424067052484534,2.3252968198664035,1.476235679214403,212.2305882352941,0.0124688467448463,0.4545110144520836,1999-10-14,0.04114,bmo,523900000.0,2025-04-25,1999-09-30,-0.0277102576567817,3.74859375,546893.75
1999-06-30,JBHT,USD,728535,1999-08-09,1999-08-09 00:00:00,1999,Q2,497554000.0,239401000.0,258153000.0,0.5188441858,0,20365000.0,0.0,20365000.0,62153000.0,82518000.0,321919000.0,0.0,0.0,-38524000.0,214159000.0,0.4304236324,175635000.0,0.3529968606,-158651000.0,16984000.0,0.0341349884,6199000.0,10785000.0,0.0216760392,0.075,0.075,142500000,143388000,https://www.sec.gov/Archives/edgar/data/728535/000104746999030312/0001047469-99-030312-index.html,https://www.sec.gov/Archives/edgar/data/728535/000104746999030312/,3.49160701754386,0.0756842105263157,0.3399368421052631,0.0728701754385964,0.0227929824561403,2.764084210526316,2.764084210526316,2.764084210526316,3.008947368421053,578550000.0,1004077000.0,13.41098748261474,1.1627883606603504,11.943395057905493,55.71552388289676,1.4688409219004674,1.4688409219004674,2.018026184092581,4.688465112369781,20.72783385974691,96.69462634822804,0.0186414311641171,0.0179483190735459,1.0885874449708288,0.3668201732060224,1.9869676268566807,1.265950275808608,0.0,4.491932492581602,0.0030801140782991,0.1652294853963838,0.0409302306885282,0.0,0.0,0.7856361346793006,0.0764881801774279,-0.9878776866369016,0.0,2.1695493666412915,0.1112878285654278,0.0092266470014038,-4.368119298245614,47345000.0,393882000.0,-549648000.0,960427000.0,194298000.0,119621500.0,1275000.0,35.856811521965454,45.90544734566689,0.4793213060931241,2.5099833526711395,1.96055163829038,187.7654901960784,0.027381296936646,0.2670666666666667,1999-07-15,0.08,bmo,497600000.0,2025-04-25,1999-06-30,0.0,4.466031746031747,888571.4285714285
1999-03-31,JBHT,USD,728535,1999-05-05,1999-05-05 00:00:00,1999,Q1,470244000.0,218391000.0,251853000.0,0.5355794013,0,20360000.0,0.0,20360000.0,58958000.0,79318000.0,297709000.0,0.0,0.0,-37910000.0,75244000.0,0.1600105477,172535000.0,0.3669052662,-155835000.0,16670000.0,0.0354496814,6084000.0,10586000.0,0.0225117173,0.075,0.0725,141333333,146206897,https://www.sec.gov/Archives/edgar/data/728535/000104746999018226/0001047469-99-018226-index.html,https://www.sec.gov/Archives/edgar/data/728535/,3.327198121054713,0.0749009435728795,0.1951556608376312,-0.0226485849590768,0.027537735914004,2.7222594403826874,2.7222594403826874,2.7222594403826874,3.1079787809150443,741999998.25,1177368998.25,17.523143733468732,1.577904233227856,26.901602430933217,-231.80256115276475,1.9285450615470985,1.9285450615470985,2.5037406075356623,15.64734727353676,42.68613582227539,-367.8128704311153,0.0142668463948342,-0.0043140161826813,1.1416908817765488,0.3762023399756256,5.786095901334326,1.1806526620904936,0.0,2.6055167201964857,0.0024002695474399,0.1682410731154354,0.0432966715152133,0.0,0.0,1.1160539482271046,0.0654617602776431,-0.8120021102611448,0.0,2.1419023125562835,0.109439343392908,0.0090663135834548,-4.496950482304128,34029000.0,384746000.0,-560477000.0,951703000.0,187366500.0,132550500.0,4096000.0,36.43414908005206,48.27149470445211,0.5254337404013902,2.470210016494542,1.8644543855754947,171.2870588235294,0.0275142561586085,0.2178042457967081,1999-04-14,0.07,bmo,403066285.0,2025-04-25,1999-03-31,0.1428571428571427,5.732459016393443,683022.9508196721
1998-12-31,JBHT,USD,728535,1999-03-03,1999-03-03 00:00:00,1998,Q4,493789000.0,238534000.0,255255000.0,0.5169313209,0,6251000.0,0.0,6251000.0,1556867000.0,1563118000.0,1801652000.0,0.0,0.0,237437000.0,-1070426000.0,-2.1677801652,-1307863000.0,-2.6486272477,1325524000.0,17661000.0,0.0357662888,6779000.0,10882000.0,0.022037753,0.0764,0.0764,142296000,142460000,https://www.sec.gov/Archives/edgar/data/728535/000104746999008309/0001047469-99-008309-index.html,https://www.sec.gov/Archives/edgar/data/728535/,3.470153763984933,0.0764743914094563,0.3551399898802496,-1.8729268566930903,0.0648437060774723,2.63996879743633,2.63996879743633,2.63996879743633,3.0457286220273234,818202000.0,1242370000.0,18.797142069472525,1.6569870936776638,16.190798456515285,-3.070061160932048,2.178056045807745,2.178056045807745,2.515993673411113,-1.1606313747984447,24.584347481943208,-4.66162620539567,0.0132998941581663,-0.3257264098596679,1.1536987198428357,0.3699554153339496,-0.3962609278922597,1.0933309389878714,0.0,4.643907369968756,0.0021767240852503,0.1636647675059731,0.0126592532437944,0.0,0.0,6.273770654002177,0.6420657406301072,1.33528051651596,0.0,2.1313200511156687,-0.8208011665913901,0.0092891123101651,-4.531829777365492,19230000.0,375657000.0,-570551000.0,944630000.0,188601500.0,142250500.0,4627000.0,33.60348245910703,55.82864497304367,2.609816629914393,2.67829383783432,1.6120756655200146,34.48518143703918,0.0289679148797972,2.22806684657334,1999-02-01,0.07,bmo,423247714.0,2025-04-25,1998-12-31,0.1428571428571427,4.42078125,896193.75
1998-09-30,JBHT,USD,728535,1998-11-12,1998-11-12 00:00:00,1998,Q3,473388000.0,229202000.0,244186000.0,0.5158263412,0,21296000.0,0.0,21296000.0,54272000.0,75568000.0,304770000.0,0.0,0.0,-35655000.0,204273000.0,0.4315128394,168618000.0,0.3561940734,-151400000.0,17218000.0,0.0363718556,6371000.0,10847000.0,0.0229135508,0.075,0.075,142388000,146808000,https://www.sec.gov/Archives/edgar/data/728535/000104746998040206/0001047469-98-040206-index.html,https://www.sec.gov/Archives/edgar/data/728535/,3.324634098379077,0.0761791724021687,0.3133410118830238,-0.1745933646093772,0.036049386184229,2.5737632384751525,2.5737632384751525,2.5737632384751525,3.0402281091103185,516868440.0,944627440.0,11.912704895362774,1.0918494765393292,11.584822485207102,-20.79116814159292,1.4103861403159303,1.4103861403159303,1.9954613129187897,4.624338214056679,21.17239196700735,-37.99788576025744,0.0209859979069335,-0.0480973456224179,1.1812384541289536,0.3741435980850823,2.094055504153755,1.0761597787558914,0.0,4.11283185840708,0.0034438163800444,0.164100672997142,0.0449863536887289,0.0,0.0,1.557199211045365,0.1467633315588903,-1.948562613939139,0.0,2.1003597199024413,0.1098241799455752,0.0093749378792606,-4.492088518695396,15642000.0,366473000.0,-569522000.0,929991000.0,186813500.0,136132500.0,2337000.0,36.66176582422875,53.6123594034956,0.9176621495449429,2.4548735713248564,1.6787173890752487,98.07531022678648,0.0295983605886381,0.487934376492401,1998-10-14,0.08,bmo,473400000.0,2025-04-25,1998-09-30,0.0,6.36171875,1575168.75
1998-06-30,JBHT,USD,728535,1998-08-07,1998-08-07 00:00:00,1998,Q2,460985000.0,219653000.0,241332000.0,0.5235137803,0,17818000.0,0.0,17818000.0,50408000.0,68226000.0,287879000.0,0.0,0.0,-33048000.0,206154000.0,0.4472032713,173106000.0,0.375513303,-148693000.0,24413000.0,0.0529583392,8789000.0,15624000.0,0.0338926429,0.11,0.11,142044000,147880000,https://www.sec.gov/Archives/edgar/data/728535/000104746998029781/0001047469-98-029781-index.html,https://www.sec.gov/Archives/edgar/data/728535/,3.245367632564557,0.1099940863394441,0.4705161780856636,-0.1715172763369097,0.0637830531384641,2.511982202697756,2.511982202697756,2.511982202697756,2.922263523978485,1265612040.0,1671642040.0,20.25108870967742,2.745451674132564,18.93664960948021,-51.948119689693385,3.546999652478056,3.546999652478056,3.626239552263089,8.108705336787063,25.01185085435557,-68.6139654393958,0.0123450153018455,-0.0192499748975207,1.163329708642086,0.3717752134333117,1.9695470376514643,0.7498623928630148,0.0,4.277649769585254,0.0014016933656857,0.1135432667690732,0.0386520168769048,0.0,0.0,1.3645300296256395,0.19783073201948,-2.7595315904139435,0.0,2.493355512948442,0.1186044507794745,0.0139936301396855,-4.321718974402298,-69984000.0,356812000.0,-549898000.0,814787000.0,178414500.0,127430500.0,2337000.0,35.29657147195679,55.61403668513519,0.9575557811639268,2.549822723476279,1.618296483485718,93.9893025246042,0.0437877649854825,0.6420334544225733,1998-07-15,0.09,bmo,377181818.0,2025-04-25,1998-06-30,0.2222222222222222,7.581587301587302,917206.3492063492
1998-03-31,JBHT,USD,728535,1998-05-13,1998-05-13 00:00:00,1998,Q1,413466000.0,200042000.0,213424000.0,0.5161827091,0,15944000.0,0.0,15944000.0,48401000.0,64345000.0,264387000.0,0.0,0.0,-32430000.0,181509000.0,0.4389937746,149079000.0,0.3605592721,-134027000.0,15052000.0,0.0364044444,5569000.0,9483000.0,0.0229353804,0.0675,0.065,142452000,146592000,https://www.sec.gov/Archives/edgar/data/728535/000104746998019532/0001047469-98-019532-index.html,https://www.sec.gov/Archives/edgar/data/728535/,2.902493471485132,0.0665697919299132,0.1465967483784011,-0.5084098503355516,0.0657274029146659,2.395305085221689,2.395305085221689,2.395305085221689,2.849837138123719,1012833720.0,1409435720.0,26.70130022144891,2.449617912960195,48.500393621606094,-13.98478018336463,2.968306644471537,2.968306644471537,3.4088310042421868,7.765101014274774,67.4920135995786,-19.46089307411908,0.0093628399338837,-0.0715063080640719,1.1897595657882396,0.3785680315562725,2.185026637797575,0.8143945616546588,0.0,2.2021512179689973,0.0017436228327785,0.1862279869239692,0.0385618164492364,0.0,0.0,4.468084087535316,0.2256703090459675,-2.87718162195498,0.0,1.8941321562834768,0.1037407986529593,0.0088430299243731,-4.131876000336956,-47453000.0,341216000.0,-522941000.0,794751000.0,172619000.0,128815000.0,4338000.0,38.31855581837442,53.59724457863848,1.0514291998680276,2.348731523875527,1.6791907999664233,85.59777492511768,0.0277917799868704,0.6550065987139527,1998-04-14,0.05,bmo,295357142.0,2025-04-25,1998-03-31,0.4000000000000001,6.104754098360655,1092118.0327868853
1997-12-31,JBHT,USD,728535,1998-03-10,1998-03-10 00:00:00,1997,Q4,415233000.0,206826000.0,208407000.0,0.5019037504,0,-653000.0,0.0,-653000.0,1343471000.0,1342818000.0,1549644000.0,0.0,0.0,228848000.0,-905563000.0,-2.1808550862,-1134411000.0,-2.7319866196,1145719000.0,11308000.0,0.027232903,4297000.0,7011000.0,0.0168844962,0.0492,0.0492,142452000,142452000,https://www.sec.gov/Archives/edgar/data/728535/000104746998009249/0001047469-98-009249-index.html,https://www.sec.gov/Archives/edgar/data/728535/,2.9148976497346477,0.04921657821582,0.1993654002751804,-0.6179976413107573,0.0259806812119169,2.3724763429084885,2.3724763429084885,2.3724763429084885,2.3888046499873643,668099880.0,1004688880.0,23.82327342747112,1.6089758761948112,23.524643661971837,-7.589025728403476,1.9768374146358785,1.9768374146358785,2.4195785980401365,-1.1094632620811584,35.37636901408451,-11.412380076106096,0.0104939399180853,-0.1317692198956838,1.006882389840338,0.3329911666188807,-0.3716903186194665,0.9749570915899516,0.0,4.050777349878762,0.0027226467994575,0.2594494365996291,-0.0015726110400666,0.0,0.0,4.0998239436619714,0.2804088307046887,0.5087874921345172,0.0,1.6208689856551064,-0.8429973628850636,0.0068606220258161,-3.8622448263274647,-5136000.0,337964000.0,-484003000.0,791671000.0,161747500.0,120544500.0,8669500.0,36.673385785811824,60.26805140552929,2.758405616315164,2.454095744680851,1.4933285198555957,32.62754377662092,0.0207448130570119,0.8173630415859378,1998-01-27,0.02778,bmo,342567222.0,2025-04-25,1997-12-31,0.7998560115190786,4.14578125,528018.75
1997-09-30,JBHT,USD,728535,1997-11-06,1997-11-06 00:00:00,1997,Q3,388460000.0,197685000.0,190775000.0,0.4911059054,0,18277000.0,0.0,18277000.0,48809000.0,67086000.0,264771000.0,0.0,0.0,-31709000.0,155398000.0,0.4000360397,123689000.0,0.3184085878,-120589000.0,3100000.0,0.0079802296,1178000.0,1922000.0,0.0049477424,0.0125,0.0125,145548000,145548000,https://www.sec.gov/Archives/edgar/data/728535/000104746997002896/0001047469-97-002896-index.html,https://www.sec.gov/Archives/edgar/data/728535/,2.668947701102042,0.0132052656168411,0.219693846703493,-0.251229834831121,0.0893313546046665,2.368510731854783,2.368510731854783,2.368510731854783,2.161383186302801,566181720.0,867764720.0,73.64486472424558,1.4575032693198784,17.70645859394546,-15.483829787234043,1.6423822563614636,1.6423822563614636,2.233858621222262,5.584143425269309,27.138001000750563,-23.731464201717444,0.0033946698243807,-0.0645835050979745,0.9125494587099544,0.3215606144083606,1.9407135226965595,1.1760913436638667,0.0,16.63683662851197,0.0032127494331678,0.9464099895941728,0.0470498893064923,0.0,0.0,2.143545158869152,0.1764454512691139,-2.161594499984232,0.0,0.8388851530071499,0.0940570765558807,0.0019646184684357,-3.4308389672135653,29580000.0,344732000.0,-436014000.0,783329000.0,152346500.0,99536000.0,11000000.0,35.74769603047933,46.7056681083542,5.007967220578193,2.5176447713795005,1.926960980222051,17.971363636363638,0.0055753454857686,0.470923681534614,1997-10-14,0.0241,bmo,777000000.0,2025-04-25,1997-09-30,-0.4518672199170124,4.1128125,567081.25
1997-06-30,JBHT,USD,728535,1997-08-11,1997-08-11 00:00:00,1997,Q2,385198000.0,193742000.0,191456000.0,0.4970326949,0,19179000.0,0.0,19179000.0,50558000.0,69737000.0,263479000.0,0.0,0.0,-33228000.0,154947000.0,0.4022528674,121719000.0,0.3159907372,-118711000.0,3008000.0,0.007808971,1143000.0,1865000.0,0.0048416658,0.0125,0.0125,145824000,145824000,https://www.sec.gov/Archives/edgar/data/728535/000091205797026965/0000912057-97-026965-index.html,https://www.sec.gov/Archives/edgar/data/728535/,2.6415267719991222,0.0127893899495281,0.5851917379855168,0.2668216480140443,0.0365851985955672,2.374581687513716,2.374581687513716,2.374581687513716,2.304627496159754,542465280.0,873200280.0,72.7165254691689,1.408276470802029,6.356890841975742,13.941897247423476,1.566591715737096,1.566591715737096,2.266886847802948,5.635477163159016,10.232615925470206,22.44211570587781,0.0034380080509484,0.0717262494661409,0.9705404148773648,0.3370200595478654,2.134504056225677,1.075677867902665,0.0,45.75603217158177,0.0033605837409538,0.977479892761394,0.0497899781411118,0.0,0.0,0.5440440616394211,0.1205250286865456,-1.3971951366317563,0.0,0.8266272747097004,0.0900693518575112,0.0018702722976069,-3.615841699583059,13062000.0,346271000.0,-465248000.0,802633000.0,156343000.0,84465000.0,11000000.0,35.139902076334764,44.81976029978012,5.109888408295568,2.5611909732842197,2.008042867655442,17.612909090909092,0.0053859549312532,0.3183700899714725,1997-07-16,0.01822,bmo,770400000.0,2025-04-25,1997-06-30,-0.2980241492864984,3.711875,311600.0
1997-03-31,JBHT,USD,728535,1997-05-13,1997-05-13 00:00:00,1997,Q1,365401000.0,187096000.0,178305000.0,0.4879707499,0,20326000.0,0.0,20326000.0,49318000.0,69644000.0,256740000.0,0.0,0.0,-33250000.0,141911000.0,0.3883705846,108661000.0,0.2973746651,-107745000.0,916000.0,0.002506835,348000.0,568000.0,0.0015544566,0.005,0.005,147000000,147000000,https://www.sec.gov/Archives/edgar/data/728535/000091205797017143/0000912057-97-017143-index.html,https://www.sec.gov/Archives/edgar/data/728535/,2.485721088435374,0.0038639455782312,0.1022108843537415,-0.1201496598639455,0.0824081632653061,2.355272108843537,2.355272108843537,2.355272108843537,2.6558979591836733,510090000.0,888393000.0,224.51144366197184,1.3959731910969044,33.94941763727122,-28.8806477182652,1.4732904902881074,1.4732904902881074,2.431282344602232,6.260212386636695,59.12765391014975,-50.29968293511494,0.001113528985081,-0.0346252622086298,1.1276395407610658,0.3833183278858814,2.6657764373445327,1.0773620864133475,0.0,26.4524647887324,0.0036464153384696,3.2746478873239435,0.0556265582195998,0.0,0.0,2.1755074875207985,0.0894551465376394,-0.9830676691729324,0.0,0.4525090862471087,0.0755542835205966,0.0005576724636457,-3.625605442176871,15060000.0,346225000.0,-462565000.0,801360000.0,158079500.0,82262500.0,8886000.0,39.97230439982376,34.84964937785949,5.291401205798093,2.2515589569161,2.582522395682361,17.008727272727274,0.00164055166438,0.222360544217687,1997-04-16,0.01374,bmo,730800000.0,2025-04-25,1997-03-31,-0.7190684133915575,3.5185245901639344,649921.3114754099
1996-12-31,JBHT,USD,728535,1997-02-26,1997-02-26 00:00:00,1996,Q4,381422000.0,195344000.0,186078000.0,0.4878533488,0,5415000.0,0.0,5415000.0,1257286000.0,1262701000.0,1458045000.0,0.0,0.0,217089000.0,-859534000.0,-2.2534987494,-1076623000.0,-2.8226557461,1085274000.0,8651000.0,0.0226809151,3287000.0,5364000.0,0.0140631636,0.0365,0.0365,147000000,147000000,https://www.sec.gov/Archives/edgar/data/728535/000091205797006927/0000912057-97-006927-index.html,https://www.sec.gov/Archives/edgar/data/728535/,2.594707482993197,0.0364897959183673,0.3516326530612245,-0.8366734693877551,0.0257551020408163,2.43030612244898,2.43030612244898,2.43030612244898,2.600823129251701,514500000.0,893035000.0,23.97930648769575,1.3488996439639036,9.953569355774812,-4.183232919481913,1.4401477935928118,1.4401477935928118,2.341330599703216,-1.038975770591972,17.276745985683885,-7.260978445577319,0.0104256559766763,-0.2390495626822157,1.0701627688905684,0.3672896702452146,-0.4403956097141009,1.030422147445702,0.0,9.636465324384789,0.0036637512147716,0.3514168530947054,0.0141968738038183,0.0,0.0,3.3793964016250726,0.4579730587118729,0.8046515484432653,0.0,1.4125618303687608,-0.7462576101167083,0.0051531090136176,-3.8169710884353742,5967000.0,357255000.0,-481563000.0,819220000.0,162439000.0,85760000.0,8471500.0,36.3072659678781,42.422700466868704,3.1200344008518304,2.4788426669092942,2.1215056799669845,28.845835794447726,0.0150144854515682,1.1883061224489797,1997-02-04,0.0473,bmo,381400000.0,2025-04-25,1996-12-31,-0.1543340380549683,3.6334375,409650.0
1996-09-30,JBHT,USD,728535,1996-11-12,1996-11-12 00:00:00,1996,Q3,378739000.0,190279000.0,188460000.0,0.4975986101,0,25249000.0,0.0,25249000.0,44366000.0,69615000.0,259894000.0,0.0,0.0,-28147000.0,146992000.0,0.3881089616,118845000.0,0.3137912916,-107422000.0,11423000.0,0.0301606119,4341000.0,7082000.0,0.0186988929,0.0475,0.0475,152380000,152380000,https://www.sec.gov/Archives/edgar/data/728535/000091205796025603/0000912057-96-025603-index.html,https://www.sec.gov/Archives/edgar/data/728535/,2.4854902218138863,0.0464759154744717,0.2244520278251739,-0.1111628822680141,0.0192807455046594,2.402618453865337,2.402618453865337,2.402618453865337,2.6057225357658487,604948600.0,999070600.0,21.355146851171984,1.5972704157744515,17.687521197590787,-35.71335970246177,1.6523639005656754,1.6523639005656754,2.6378867769096925,6.796768531620769,29.210882404537745,-58.98049471633509,0.0117067797164916,-0.0280007260120942,1.0845344717858791,0.3785316335986149,2.6812479590726026,0.941517119998486,0.0,4.829426715617057,0.0031506809008236,0.2691330132730867,0.0666659625758107,0.0,0.0,1.4952634348868488,0.1350296642278719,-1.8169254272213733,0.0,1.5850670566361396,0.0816740638700572,0.006751526291103,-3.5868109331933327,-12361000.0,366111000.0,-483837000.0,810736000.0,169375000.0,83214000.0,11079000.0,40.63650693485487,37.57524477215037,4.810777857777264,2.214757290637225,2.395193977996526,18.70799331432504,0.0193438601954052,0.335614910093188,1996-10-15,0.05,amc,,2025-04-25,1996-09-30,0.0,4.5234375,425856.25
1996-06-30,JBHT,USD,728535,1996-08-07,1996-08-07 00:00:00,1996,Q2,372573000.0,182882000.0,189691000.0,0.5091378066,0,31087000.0,0.0,31087000.0,46652000.0,77739000.0,260621000.0,0.0,0.0,-29867000.0,141819000.0,0.3806475509,111952000.0,0.3004833952,-100878000.0,11074000.0,0.0297230341,4208000.0,6866000.0,0.0184286033,0.045,0.045,152244000,152244000,https://www.sec.gov/Archives/edgar/data/728535/000091205796016436/0000912057-96-016436-index.html,https://www.sec.gov/Archives/edgar/data/728535/,2.4472097422558523,0.0450986574183547,0.2330600877538688,-0.0637332177294343,0.0394104201150784,2.366865032447913,2.366865032447913,2.366865032447913,2.6025787551561965,803848320.0,1194075320.0,29.26916399650452,2.1575592434234365,22.6551017417282,-82.84533855508606,2.2307989376729265,2.2307989376729265,3.204943246021585,8.419713296525853,33.652987993912404,-123.0624878903432,0.0085414123898399,-0.0120706851760292,1.0995890004190476,0.378653320731529,2.751584766498142,0.9544208728670412,0.0,5.167783279930091,0.0023661180258484,0.2770171861345761,0.0834386818153757,0.0,0.0,1.2734626007553125,0.1212782461423667,-1.512873740248435,0.0,1.5497434604513285,0.0776953291247462,0.0065614753667535,-3.601253579779827,-9795000.0,360341000.0,-480964000.0,809183000.0,165372000.0,87493500.0,5993500.0,40.52056912336643,42.80760271650573,5.899049660436784,2.2210941738254357,2.1024302761363898,15.256694752648702,0.0190541736854812,0.2967933054833031,1996-07-15,0.0373,amc,,2025-04-25,1996-06-30,0.3404825737265416,5.08,460679.3650793651
1996-03-31,JBHT,USD,728535,1996-05-14,1996-05-14 00:00:00,1996,Q1,354014000.0,173868000.0,180146000.0,0.508866881,0,25137000.0,0.0,25137000.0,49580000.0,74717000.0,248585000.0,0.0,0.0,-34144000.0,139573000.0,0.3942584192,105429000.0,0.2978102561,-100908000.0,4521000.0,0.0127706814,1718000.0,2803000.0,0.007917766,0.0175,0.0175,152296000,152296000,https://www.sec.gov/Archives/edgar/data/728535/000091205796009455/0000912057-96-009455-index.html,https://www.sec.gov/Archives/edgar/data/728535/,2.324512790880916,0.0184049482586542,0.1419669590796869,-0.190287335189368,0.0,2.3260689709513054,2.3260689709513054,2.3260689709513054,2.512488837526921,752342240.0,1134984240.0,67.10151980021406,2.1251765184427733,34.79682900883401,-25.96073982056591,2.1237547388715914,2.1237547388715914,3.206043376815606,8.131832374456378,52.49453031774664,-39.16439751552795,0.0037256980280676,-0.0385197034796291,1.0801437398906426,0.3721235555780313,2.741518775121263,1.0071556441091096,0.0,7.713521227256511,0.0025001919339262,0.6710667142347485,0.07100566644257,0.0,0.0,2.3403635354516443,0.1429350251684961,-1.4819880506091847,0.0,0.981453783307928,0.074808603640758,0.0027259483441055,-3.6229726979040815,1415000.0,354251000.0,-474854000.0,811705000.0,153000500.0,89050500.0,3223500.0,41.439293361279496,45.552315549727375,0.0,2.171851706431249,1.9757502755650505,0.0,0.0079124688427132,0.332254294269055,1996-04-12,0.01795,amc,,2025-04-25,1996-03-31,0.1142061281337047,4.468095238095239,723485.7142857143
1995-12-31,JBHT,USD,728535,1996-04-01,1996-04-01 00:00:00,1995,Q4,358468000.0,174525000.0,183943000.0,0.5131364585,0,12839000.0,0.0,12839000.0,1131050000.0,1143889000.0,1318414000.0,0.0,0.0,227016000.0,-732930000.0,-2.0446176507,-959946000.0,-2.6779126728,949213000.0,-10733000.0,-0.0299413058,-3972000.0,-6761000.0,-0.0188608188,-0.0444,-0.0444,152296000,152296000,https://www.sec.gov/Archives/edgar/data/728535/000091205796005725/0000912057-96-005725-index.html,https://www.sec.gov/Archives/edgar/data/728535/,2.3537584703472185,-0.0443938120502179,0.3668842254556915,-1.0539672742553974,0.027971844303199,2.343718810736986,2.343718810736986,2.343718810736986,2.425047276356569,638120240.0,1003185240.0,-23.59563082384263,1.7801316714462658,11.420496465324383,-3.975455502601003,1.787757123766246,1.787757123766246,2.798534987781336,-1.368732675698907,17.954098255033557,-6.249791234464069,-0.0105951818735603,-0.2515435022089254,1.0347006071065363,0.3632292861203286,-0.4980898585130913,1.013429108500046,0.0,-8.26431001331164,0.0030339109757747,-0.286348173347138,0.0358163071738621,0.0,0.0,3.872751677852349,0.603652208844304,0.9531927265038588,0.0,,-0.7011017172256894,-0.0066494096079592,-3.5792765404212847,2479000.0,356939000.0,-472765000.0,811489000.0,149800500.0,83406000.0,7275000.0,35.90278630170615,46.46325741297808,3.3246239793725825,2.50676923076923,1.9370144284128743,27.07073057235924,-0.0189416118720565,1.420851499711089,1996-02-05,0.02377,amc,,2025-04-25,1995-12-31,0.2620950778291964,3.7914285714285714,589834.9206349206
1995-09-30,JBHT,USD,728535,1995-11-01,1995-11-01 00:00:00,1995,Q3,355114000.0,176218000.0,178896000.0,0.5037706201,0,26663000.0,0.0,26663000.0,49314000.0,75977000.0,252195000.0,0.0,0.0,-30973000.0,133893000.0,0.3770423019,102919000.0,0.2898196072,-99998000.0,2921000.0,0.0082255276,1081000.0,1840000.0,0.0051814347,0.0125,0.0125,154676000,154676000,https://www.sec.gov/Archives/edgar/data/728535/000091205795009236/0000912057-95-009236-index.html,https://www.sec.gov/Archives/edgar/data/728535/,2.2958571465515014,0.0118958338720939,0.2037808063306524,0.0359525718275621,0.0282396751920142,2.415765858956787,2.415765858956787,2.415765858956787,2.384856086270656,584675280.0,949187280.0,79.43957608695652,1.646443902521444,18.54934263959391,105.13851465563748,1.5647211777520265,1.5647211777520265,2.672908643421549,7.089147901682687,30.11380964467005,170.68643769106276,0.0031470459979084,0.0095112623882439,0.9872049799149496,0.3621786091940819,2.722412672805897,0.8954253819908026,0.0,17.130434782608695,0.0033078189999755,1.0510869565217391,0.0750829311150785,0.0,0.0,0.8235723350253807,0.0731004691451196,-0.8381170697058729,0.0,0.8041112236317747,0.0738627264720022,0.0018065729801483,-3.355218327342316,-22558000.0,373661000.0,-451688000.0,777175000.0,150799500.0,74963000.0,8093000.0,39.6889167985492,39.179198492776,4.138453506452235,2.267635583425393,2.297137344874335,21.747254103418488,0.0049242495202871,0.1678282345030903,1995-10-16,0.01982,amc,,2025-04-25,1995-09-30,-0.3995963673057517,4.21984126984127,489022.2222222223
1995-06-30,JBHT,USD,728535,1995-08-14,1995-08-14 00:00:00,1995,Q2,329219000.0,156222000.0,172997000.0,0.5254769621,0,25539000.0,0.0,25539000.0,53110000.0,78649000.0,234871000.0,0.0,0.0,-33755000.0,128103000.0,0.389111807,94348000.0,0.2865812726,-97743000.0,-3395000.0,-0.0103122845,-1256000.0,-2139000.0,-0.0064971949,-0.0139,-0.0139,154276000,154276000,https://www.sec.gov/Archives/edgar/data/728535/000091205795006403/0000912057-95-006403-index.html,https://www.sec.gov/Archives/edgar/data/728535/,2.133961212372631,-0.013864761855376,0.2058259223728901,-0.254602141616324,0.0209559490782752,2.4121639140242164,2.4121639140242164,2.4121639140242164,2.512743394954497,708126840.0,1092549840.0,-82.76377279102384,2.1509294421038883,22.30039806008692,-18.028128007332164,1.9028557608850456,1.9028557608850456,3.31861113726729,8.52868270063933,34.40668388234553,-27.815113419384403,-0.0030206452843956,-0.0554688761691337,1.041696785340961,0.3772271774521576,3.000889908901431,0.7956961131665992,0.0,-14.84525479195886,0.0027226760674683,-0.9013557737260404,0.0775745020791631,0.0,0.0,2.236978018517352,0.215762152245162,-2.1043697230039995,0.0,,0.0665414517405944,-0.0020814560656101,-3.49687572921258,-46881000.0,372139000.0,-472921000.0,774949000.0,145067500.0,71288000.0,8083000.0,39.63872072997002,42.17882244498214,4.656642470330684,2.270507179409371,2.133772229355041,19.32722998886552,-0.0057478522810025,0.4604280639892141,1995-07-18,-0.00523,amc,,2025-04-25,1995-06-30,1.650095602294455,4.442222222222222,855034.9206349206
1995-03-31,JBHT,USD,728535,1995-05-15,1995-05-15 00:00:00,1995,Q1,309424000.0,144562000.0,164862000.0,0.5328028854,0,18646000.0,0.0,18646000.0,47131000.0,65777000.0,210339000.0,0.0,0.0,-32023000.0,131108000.0,0.4237163245,99085000.0,0.3202240292,-91323000.0,7762000.0,0.0250853198,2872000.0,4890000.0,0.0158035576,0.0325,0.0325,154220000,154220000,https://www.sec.gov/Archives/edgar/data/728535/000091205795003756/0000912057-95-003756-index.html,https://www.sec.gov/Archives/edgar/data/728535/,2.0063804953961872,0.031707949682272,0.3642069770457787,0.0503177279211516,0.0387628063804953,2.474075995331345,2.474075995331345,2.474075995331345,2.294430035014914,703243199.9999999,1051112200.0,35.95312883435582,2.272749366564972,12.520353226036177,90.6241237113402,1.8431123411749903,1.8431123411749903,3.396996354516779,8.01714769503005,18.71371955561885,135.45260309278348,0.0069534977373403,0.0110345894563928,0.9273886652409108,0.3526620554935417,2.653301095280227,0.9663016138355544,0.0,11.486298568507156,0.0027401615827924,0.3940695296523517,0.0602603547236154,0.0,0.0,0.8618430423016664,0.1564455245876208,-1.511663491865222,0.0,1.3285620935157223,0.0715871571765378,0.0048736246212725,-3.261157761639217,-6471000.0,381552000.0,-436252000.0,784414000.0,141716000.0,59104500.0,12180000.0,42.21498655566472,43.18271744995227,5.032235303883454,2.1319443009019063,2.084167123208674,17.8846962761351,0.0128160774940244,0.3138892491246272,1995-04-13,0.0445,amc,,2025-04-25,1995-03-31,-0.3258426966292135,4.581428571428571,561682.5396825396
1994-12-31,JBHT,USD,728535,1995-05-03,1995-05-03 00:00:00,1994,Q4,331293000.0,149114000.0,182179000.0,0.549902956,0,6804000.0,0.0,6804000.0,977201000.0,984005000.0,1133119000.0,0.0,0.0,189046000.0,-612780000.0,-1.8496617798,-801826000.0,-2.4202926111,820020000.0,18194000.0,0.054918154,7363000.0,10831000.0,0.0326931146,0.0702,0.0702,152861143,154220000,https://www.sec.gov/Archives/edgar/data/728535/000091205795003103/0000912057-95-003103-index.html,https://www.sec.gov/Archives/edgar/data/728535/,2.1672806672654543,0.0708551551259825,0.1654508104783699,-0.0711037467513899,0.0140127174111212,2.472165212057848,2.472165212057848,2.472165212057848,2.40295207003653,582400954.83,947576954.83,13.44291743213923,1.7579633582055765,23.027992362105092,-53.58367419541817,1.5411591350840703,1.5411591350840703,2.8602383836362377,-1.5463575097588045,37.46696274682694,-87.18161328825099,0.0185971535763733,-0.0186624007221495,0.9720030272719092,0.3696471466711751,-0.595933287639936,1.0186150032879762,0.0,2.3350567814606222,0.0033773983089951,0.1816083464130735,0.0205377113310574,0.0,0.0,1.4297576212882053,0.1091480954925096,0.1912761973276345,0.0,1.9852524061040369,-0.5400580695284158,0.0108996788766014,-3.282712925939589,3312000.0,377898000.0,-434568000.0,793008000.0,138240000.0,57297000.0,9901000.0,37.56961360487544,29.48234236892579,9.824228442668026,2.395552984561987,3.0526746780764427,9.161024758862196,0.0286611731207892,0.2365545572297598,1995-02-06,0.07,amc,,2025-04-25,1994-12-31,0.0,3.993968253968254,393955.5555555556
1994-09-30,JBHT,USD,728535,1994-11-03,1994-11-03 00:00:00,1994,Q3,313911000.0,140079000.0,173832000.0,0.5537620536,0,19487000.0,0.0,19487000.0,41858000.0,61345000.0,201424000.0,0.0,0.0,-28028000.0,140515000.0,0.4476268751,112487000.0,0.3583404213,-92718000.0,19769000.0,0.0629764487,7509000.0,12260000.0,0.0390556559,0.08,0.08,154464000,154464000,https://www.sec.gov/Archives/edgar/data/728535/000091205794003666/0000912057-94-003666-index.html,https://www.sec.gov/Archives/edgar/data/728535/,2.0322599440646365,0.0793712450797596,0.1787989434431323,-0.3714910917754299,0.0182566811684275,2.402359125750984,2.402359125750984,2.402359125750984,2.289743888543609,627123839.9999999,977986840.0,12.788006525285478,1.9977759301203204,22.70706930262872,-10.92892962950054,1.6900054435994587,1.6900054435994587,3.1154908238322325,6.96001736469416,35.41121152871315,-17.043442891499073,0.0195495677536353,-0.0915002689102044,0.9531230630756876,0.3614834513977112,2.496978970216703,0.8793505650084427,0.0,2.2526916802610115,0.0030791366502667,0.1575040783034257,0.0620781049405723,0.0,0.0,3.0777029473531754,0.2707773859469722,-3.0326816041101754,0.0,2.071294350434172,0.0819652095961031,0.0125303933582782,-3.2313144163041225,-23222000.0,371078000.0,-438090000.0,766414000.0,130338000.0,68388500.0,3109000.0,39.61839502279309,42.24209196239265,2.264793437988564,2.2716720338676413,2.1305763000593183,39.73872340425532,0.0330388759236602,0.5502900352185622,1994-10-13,0.08,amc,,2025-04-25,1994-09-30,0.0,4.48953125,361750.0
1994-06-30,JBHT,USD,728535,1994-08-04,1994-08-04 00:00:00,1994,Q2,297735000.0,130365000.0,167370000.0,0.5621441886,0,20534000.0,0.0,20534000.0,38816000.0,59350000.0,189715000.0,0.0,0.0,-25864000.0,133884000.0,0.4496750466,108020000.0,0.3628058508,-89367000.0,18653000.0,0.0626496717,7078000.0,11575000.0,0.0388768536,0.075,0.075,154160000,154160000,https://www.sec.gov/Archives/edgar/data/728535/000095010994001372/0000950109-94-001372-index.html,https://www.sec.gov/Archives/edgar/data/728535/,1.931337571354437,0.0750843279709392,0.3735339906590555,-0.1943954333160353,0.0200635703165542,2.3316813700051893,2.3316813700051893,2.3316813700051893,2.0735339906590555,713760800.0,1030323800.0,15.416,2.3973022990243003,12.39512364545707,-23.81743192738921,1.985691552696883,1.985691552696883,3.460539741716627,7.695645484150458,17.89253612114476,-34.380799519487454,0.0162169174883238,-0.0419860547118866,0.8892870258059491,0.3435657728284503,2.3644572913865733,0.9392027042637144,0.0,4.974859611231102,0.0026983829876899,0.1663930885529157,0.0689673703125262,0.0,0.0,1.5204223395387608,0.2940601541639377,-3.38509124652026,0.0,1.984725773490376,0.0835990269591478,0.0124407920404726,-3.0789261157239234,-10000000.0,359452000.0,-416474000.0,747505000.0,125777500.0,65277500.0,4050000.0,37.02685273817321,49.03693476009665,1.8591646530894028,2.430668375635761,1.835351260030973,48.40883772744152,0.0322017960673469,0.5679294239750908,1994-07-14,0.08,amc,,2025-04-25,1994-06-30,0.0,4.94758064516129,528451.6129032258
1994-03-31,JBHT,USD,728535,1994-04-28,1994-04-28 00:00:00,1994,Q1,264663000.0,120511000.0,144152000.0,0.5446624575,0,18084000.0,0.0,18084000.0,37870000.0,55954000.0,176465000.0,0.0,0.0,-24492000.0,112690000.0,0.4257867552,88198000.0,0.3332464304,-79666000.0,8532000.0,0.0322372224,2806000.0,5726000.0,0.0216350604,0.0375,0.0375,154012000,154012000,https://www.sec.gov/Archives/edgar/data/728535/000091205794001505/0000912057-94-001505-index.html,https://www.sec.gov/Archives/edgar/data/728535/,1.7184570033503883,0.0371789211230293,0.3947484611588707,-0.0848829961301716,0.0179401605069734,2.2710308287665897,2.2710308287665897,2.2710308287665897,1.963658675947329,847066000.0,1146730000.0,36.9833216905344,3.2005455994982297,13.932923218632803,-64.79507381626253,2.4218077228775807,2.4218077228775807,4.332793023580932,10.17596947377762,18.86193170603329,-87.7174328769219,0.0067598038405507,-0.0154332720236675,0.8646552266372375,0.3390920007669253,2.659188925370485,1.35026915664252,0.0,10.617534055186868,0.0022701890997867,0.3358365351030388,0.0683284025345439,0.0,0.0,1.2150305941180342,0.2791058818195214,-3.016046055854973,0.0,1.378323514687435,0.0767228968657613,0.0064201965974976,-2.8558975923953978,42164000.0,349766000.0,-379567000.0,754048000.0,133182000.0,48562500.0,2703500.0,43.88886999693951,44.45444814166342,4.0380546174208165,2.0506337940866546,2.0245443091138178,22.28796005178472,0.0163709451461834,0.4796314572890424,1994-04-14,0.04191,amc,,2025-04-25,1994-03-31,-0.045573848723455,5.986190476190476,641269.8412698413
1993-12-31,JBHT,USD,728535,1994-03-31,1994-03-31 00:00:00,1993,Q4,259700000.0,106100000.0,153600000.0,0.591451675,0,0.0,0.0,106000000.0,11500000.0,117500000.0,223600000.0,0.0,0.0,-18700000.0,54800000.0,0.211012707,36100000.0,0.139006546,-18800000.0,17300000.0,0.0666153254,6400000.0,10900000.0,0.0419715056,0.0712,0.0712,149791549,153043478,https://www.sec.gov/Archives/edgar/data/728535/000091205794001228/0000912057-94-001228-index.html,https://www.sec.gov/Archives/edgar/data/728535/,1.7337426692877047,0.0727677901241277,0.0307093426211915,-0.3905427268129793,0.0226982097634893,2.29652475254128,2.29652475254128,2.29652475254128,2.046176850738088,870288899.6899999,1173388899.69,19.96075458004587,3.3511316892183287,189.19323906304348,-14.876733328034186,2.529909592122093,2.529909592122093,4.518247592183289,21.41220619872263,255.0845434108696,-20.05792990923077,0.0125245766134471,-0.0672190579712529,0.8909883720930233,0.3554035250463822,5.531021897810219,1.760710553814002,0.0,0.4220183486238532,0.0022980874520086,0.1834862385321101,0.0,0.0,0.0,13.717391304347826,0.2429726607624181,-3.374331550802139,0.0,1.9390830828448884,0.0295505868587791,0.0126391465677179,-2.7506558464122697,72800000.0,344000000.0,-349900000.0,754400000.0,130850000.0,41350000.0,0.0,47.58182518290335,31.89443920829406,0.0,1.8914785142024764,2.8218085106382977,0.0,0.0316860465116279,0.4212520694341708,1994-02-02,0.07,amc,,2025-04-25,1993-12-31,0.0,5.5734375,541193.75
1993-09-30,JBHT,USD,728535,1993-09-30,1993-09-29 20:00:00,1993,Q3,253600000.0,93900000.0,159700000.0,0.6297318612,0,0.0,0.0,106600000.0,16400000.0,123000000.0,216900000.0,0.0,0.0,-23900000.0,60600000.0,0.2389589905,36700000.0,0.1447160883,-18600000.0,18100000.0,0.0713722397,9300000.0,8800000.0,0.0347003155,0.0575,0.0575,153043478,153043478,,,1.6570454573699638,0.0575000000980113,0.359375000612571,-0.3744034097290967,0.0215625000367542,2.185653412816454,2.185653412816454,2.185653412816454,1.8484943213326608,875408694.16,1155008694.1599998,24.869565175,3.451927027444795,15.916521711999998,-15.277638641535775,2.6170663502541105,2.6170663502541105,4.554450686750788,19.059549408580857,21.00015807563636,-20.157219793368235,0.0100524475695824,-0.0654551415610309,0.8457399103139014,0.3358660809687759,4.6138613861386135,1.4936585365853658,0.0,6.25,0.0021704148161598,0.2159090909090909,0.0,0.0,0.0,2.041818181818182,0.4428233438485804,-4.698744769874477,0.0,1.6815734023976512,0.0241188076813354,0.0104475839962008,-2.6868181863979856,50600000.0,334500000.0,-354700000.0,728400000.0,129000000.0,42850000.0,0.0,44.148264984227126,43.22683706070288,0.0,2.0385852090032155,2.082039911308204,0.0,0.0263079222720478,0.7337784103416678,1993-10-15,0.08,amc,,2025-04-25,1993-09-30,0.0,5.7434375,454518.75
1993-06-30,JBHT,USD,728535,1993-06-30,1993-06-29 20:00:00,1993,Q2,260400000.0,96300000.0,164100000.0,0.6301843318,0,0.0,0.0,115200000.0,10000000.0,125200000.0,221500000.0,0.0,0.0,-17300000.0,56200000.0,0.2158218126,38900000.0,0.1493855607,-17500000.0,21400000.0,0.0821812596,7900000.0,13500000.0,0.051843318,0.0875,0.0875,154285714,154285714,,,1.687777780903292,0.087500000162037,0.1847222225643004,-0.3376851858105281,0.0116666666882716,2.10777778168107,2.10777778168107,2.10777778168107,1.514074076877915,791485712.8199999,1023285712.82,14.657142830000002,3.039499665207373,27.77142852,-15.191664353550864,2.433842905350553,2.433842905350553,3.929668636021505,18.20793083309609,35.90476185333333,-19.64080062994242,0.0170565302460111,-0.065825572282754,0.7183271832718328,0.3020038784744667,4.124555160142349,1.6274900398406376,0.0,2.111111111111111,0.0024005487012904,0.1407407407407407,0.0,0.0,0.0,2.8280701754385964,0.3095238095238095,-4.658959537572255,0.0,2.03707818096636,0.0364577620356087,0.0174531351001939,-2.244537041193587,63000000.0,325200000.0,-284900000.0,664900000.0,122150000.0,35000000.0,0.0,46.17511520737327,37.94392523364486,0.0,1.9491017964071853,2.37192118226601,0.0,0.0415129151291512,0.5224074083748286,1993-07-14,0.07,amc,,2025-04-25,1993-06-30,0.2857142857142855,5.072222222222222,571993.6507936508
1993-03-31,JBHT,USD,728535,1993-03-31,1993-03-30 19:00:00,1993,Q1,247200000.0,91800000.0,155400000.0,0.6286407767,0,0.0,0.0,114200000.0,16400000.0,130600000.0,222400000.0,0.0,0.0,-23300000.0,48100000.0,0.194579288,24800000.0,0.1003236246,-16900000.0,7900000.0,0.0319579288,2900000.0,5000000.0,0.0202265372,0.0325,0.0325,153846154,153846154,,,1.6067999983932,0.0324999999675,0.21644999978355,0.0233999999766,0.01364999998635,2.02864999797135,2.02864999797135,2.02864999797135,1.3220999986779,750769231.52,952069231.52,37.538461576,3.037092360517799,22.545622568168167,208.5470087555555,2.4055406328740787,2.4055406328740787,3.8514127488673138,19.79353911683992,28.590667613213213,264.4636754222222,0.0066598360589139,0.004795081962418,0.6517141941685357,0.2857142857142857,4.185031185031185,1.6678362573099417,0.0,6.66,0.0025307377023872,0.38,0.0,0.0,0.0,0.8918918918918919,0.1201456310679611,-1.2746781115879828,0.0,1.2179697490221584,0.0250577945907496,0.0070234583508919,-2.0453874979546125,57100000.0,312100000.0,-257200000.0,619800000.0,108300000.0,30700000.0,0.0,40.30339805825243,28.823529411764707,0.0,2.2330623306233064,3.122448979591837,0.0,0.0160205062479974,0.19304999980695,1993-04-14,0.0248,amc,,2025-04-25,1993-03-31,0.2096774193548387,5.58,753167.7419354839
1992-12-31,JBHT,USD,728535,1992-12-31,1992-12-30 19:00:00,1992,Q4,245700000.0,84600000.0,161100000.0,0.6556776557,0,0.0,0.0,110600000.0,18900000.0,129500000.0,214100000.0,0.0,0.0,-25600000.0,57200000.0,0.2328042328,31600000.0,0.1286121286,-16400000.0,15200000.0,0.0618640619,4700000.0,12300000.0,0.0500610501,0.0887,0.0887,138666667,138666667,,,1.7718749957406852,0.0887019228636973,0.199759614904424,-0.478124998850661,0.0129807691995654,2.225480763881056,2.225480763881056,2.225480763881056,1.559855765481116,805653335.27,1020153335.27,16.37506779004065,3.279012353561253,29.08495795198556,-12.151634016138765,2.61067185764744,2.61067185764744,4.1520282265771264,17.834848518706295,36.82864026245488,-15.386928133785824,0.0152671123689668,-0.0822934593546748,0.7009073233959818,0.3022216012295655,3.75,1.758364312267658,0.0,2.638095238095238,0.0021514629948364,0.1409214095528455,0.0,0.0,0.0,3.393501805054151,0.3825803825803825,-3.671875,0.0,2.107510265379374,0.0343762950683796,0.0171859717758837,-2.350060090504664,61200000.0,308600000.0,-265200000.0,629000000.0,109100000.0,39350000.0,0.0,38.79120879120879,34.04255319148936,0.0,2.320113314447592,2.64375,0.0,0.0398574206092028,0.677884613755085,1992-12-30,,amc,,2025-04-25,1992-12-31,,5.61703125,298150.0
1992-09-30,JBHT,USD,728535,1992-09-30,1992-09-29 20:00:00,1992,Q3,241200000.0,82600000.0,158600000.0,0.6575456053,0,0.0,0.0,110800000.0,15500000.0,126300000.0,208900000.0,0.0,0.0,-22000000.0,54300000.0,0.2251243781,32300000.0,0.1339137645,-15900000.0,16400000.0,0.0679933665,6000000.0,10400000.0,0.0431177446,0.075,0.075,138666667,138666667,,,1.7394230727417714,0.0749999998197115,0.3418269222552237,-0.1911057687713803,0.2379807686587,2.0675480719530093,2.0675480719530093,2.0675480719530093,1.5425480732150287,728000001.75,908900001.75,17.50000004206731,3.0182421299751243,15.358649825949366,-27.471698179245283,2.539239629403558,2.539239629403558,3.768242129975124,16.738489903314917,19.1751055221519,-34.2981132735849,0.0142857142513736,-0.0364010988135962,0.7460760376700384,0.3048311244121419,3.3314917127071824,2.009155645981689,0.0,4.557692307692308,0.0023351648295514,0.1634615384615384,0.0,0.0,0.0,1.559071729957806,0.3063847429519071,-3.359090909090909,0.0,1.8678831234940032,0.0339458515566262,0.0148211486390195,-2.147415860222558,99200000.0,286700000.0,-217500000.0,597500000.0,106250000.0,32400000.0,0.0,41.90298507462686,50.883777239709445,0.0,2.147818343722173,1.7687366167023555,0.0,0.036274851761423,0.5329326910266041,1993-02-03,0.07,amc,,2025-04-25,1992-09-30,0.0,5.11,483637.5
1992-06-30,JBHT,USD,728535,1992-06-30,1992-06-29 20:00:00,1992,Q2,223800000.0,74500000.0,149300000.0,0.6671134942,0,0.0,0.0,104100000.0,13100000.0,117200000.0,191700000.0,0.0,0.0,-19800000.0,51700000.0,0.2310098302,32100000.0,0.1434316354,-15900000.0,16200000.0,0.072386059,6400000.0,9800000.0,0.0437890974,0.07,0.07,140000000,140000000,,,1.5985714285714283,0.07,0.1771428571428571,-0.3128571428571428,0.0185714285714285,1.645,1.645,1.645,1.4814285714285715,718200000.0,923000000.0,18.32142857142857,3.2091152815013406,28.95967741935484,-16.397260273972602,3.11854103343465,3.11854103343465,4.124218051831993,17.852998065764023,37.21774193548387,-21.073059360730596,0.0136452241715399,-0.060985797827903,0.9005644811115936,0.3447473404255319,3.9613152804642167,2.2110091743119265,0.0,2.5306122448979598,0.0025062656641604,0.1836734693877551,0.0,0.0,0.0,2.7661290322580645,0.3065236818588025,-3.4646464646464645,0.0,1.6096195202593688,0.0362150662411759,0.0162898936170212,-2.0967857142857143,79200000.0,230300000.0,-226700000.0,531300000.0,94800000.0,17800000.0,0.0,40.29490616621984,21.86577181208054,0.0,2.2335329341317367,4.116022099447513,0.0,0.0425531914893617,0.49,1992-06-29,,amc,,2025-04-25,1992-06-30,,5.716984126984127,450438.09523809527
1992-03-31,JBHT,USD,728535,1992-03-31,1992-03-30 19:00:00,1992,Q1,201300000.0,67100000.0,134200000.0,0.6666666667,0,0.0,0.0,96100000.0,13400000.0,109500000.0,176600000.0,0.0,0.0,-19400000.0,44100000.0,0.219076006,24700000.0,0.1227024342,-14300000.0,10400000.0,0.0516641828,4100000.0,6300000.0,0.0312965723,0.045,0.045,140000000,140000000,,,1.437857142857143,0.045,0.2735714285714286,-0.1042857142857142,0.0128571428571428,1.5807142857142855,1.5807142857142855,1.5807142857142855,1.215,770000000.0,938300000.0,30.55555555555556,3.8251366120218577,20.104438642297648,-52.73972602739726,3.4794396746497966,3.4794396746497966,4.66120218579235,21.276643990929703,24.49869451697128,-64.26712328767124,0.0081818181818181,-0.0189610389610389,0.7686398553999096,0.3107416879795396,3.816326530612245,2.119935170178282,0.0,6.079365079365079,0.002077922077922,0.2539682539682539,0.0,0.0,0.0,1.3812010443864229,0.2627918529557874,-2.7268041237113403,0.0,1.26509810460917,0.0308060531192093,0.0115089514066496,-1.8375,69100000.0,221300000.0,-195300000.0,481600000.0,90350000.0,16900000.0,0.0,39.970193740685545,23.47242921013413,0.0,2.251677852348993,3.834285714285714,0.0,0.0284681427925892,0.3778571428571428,1992-03-30,,amc,,2025-04-25,1992-03-31,,5.092222222222222,372438.09523809527
1991-12-31,JBHT,USD,728535,1991-12-31,1991-12-30 19:00:00,1991,Q4,198000000.0,67500000.0,130500000.0,0.6590909091,0,0.0,0.0,91100000.0,11600000.0,102700000.0,170200000.0,0.0,0.0,-17300000.0,45100000.0,0.2277777778,27800000.0,0.1404040404,-14000000.0,13800000.0,0.0696969697,5400000.0,8400000.0,0.0424242424,0.0603,0.0603,139259259,139259259,,,1.4218085132852818,0.0603191490484665,0.1127393619120147,-0.0517021277558284,0.0179521276929959,1.5496276624594132,1.5496276624594132,1.5496276624594132,1.126675534012428,696296295.0,850696295.0,20.723104017857143,3.5166479545454545,44.35008248407644,-96.70781875,3.226581533827618,3.226581533827618,4.296445934343434,18.8624455654102,54.18447738853503,-118.15226319444444,0.0120638298096933,-0.0103404255511656,0.727062094531974,0.301672755239377,3.42350332594235,2.3688811188811187,0.0,2.3088235294117645,0.0024414893662474,0.2023809523809523,0.0,0.0,0.0,1.4585987261146496,0.1156565656565656,-1.323699421965318,0.0,1.450215499049749,0.0365559281279645,0.0161507402422611,-1.675472077587315,78300000.0,215800000.0,-168800000.0,459200000.0,90350000.0,16150000.0,0.0,41.5,21.73333333333333,0.0,2.1686746987951806,4.141104294478527,0.0,0.0389249304911955,0.1644414896678432,1991-12-30,,amc,,2025-04-25,1991-12-31,,4.445,312600.0
1991-09-30,JBHT,USD,728535,1991-09-30,1991-09-29 20:00:00,1991,Q3,196000000.0,58700000.0,137300000.0,0.7005102041,0,0.0,0.0,94800000.0,13100000.0,107900000.0,166600000.0,0.0,0.0,-18600000.0,48000000.0,0.2448979592,29400000.0,0.15,-13800000.0,15600000.0,0.0795918367,6200000.0,9400000.0,0.0479591837,0.0675,0.0675,139259259,139259259,,,1.407446811130885,0.0675000001256649,0.2139893621005121,-0.0050265957540388,0.0215425532315951,1.4950531942727054,1.4950531942727054,1.4950531942727054,1.184840427737735,533362961.97,695362961.97,14.185185158776594,2.721239601887756,17.89808597214765,-761.9470885285715,2.56178175778098,2.56178175778098,3.5477702141326533,14.486728374375,23.33432758288591,-993.375659957143,0.0176240209205391,-0.0013124270898273,0.792507204610951,0.3189022033243139,3.375,1.4820574162679423,0.0,3.1702127659574466,0.0028123437639158,0.1595744680851064,0.0,0.0,0.0,1.023489932885906,0.1556122448979592,-1.6397849462365592,0.0,1.506855017255766,0.0408376777671383,0.0181677618863548,-1.7173005351119957,40300000.0,208200000.0,-185300000.0,431300000.0,86350000.0,15350000.0,0.0,41.05102040816326,24.53151618398637,0.0,2.192393736017897,3.66875,0.0,0.0451488952929875,0.219015957854551,1991-09-29,,amc,,2025-04-25,1991-09-30,,3.76796875,187612.5
1991-06-30,JBHT,USD,728535,1991-06-30,1991-06-29 20:00:00,1991,Q2,166600000.0,53400000.0,113200000.0,0.6794717887,0,0.0,0.0,75800000.0,11400000.0,87200000.0,140600000.0,0.0,0.0,-16500000.0,42500000.0,0.2551020408,26000000.0,0.156062425,-13100000.0,12900000.0,0.0774309724,5100000.0,7800000.0,0.0468187275,0.0575,0.0575,135652174,135652174,,,1.2281410248537556,0.057499999963141,0.2469551280468236,-0.1415384614477317,0.0302243589549843,1.4743589734138725,1.4743589734138725,1.4743589734138725,1.2414102556144806,463930435.08,628230435.0799999,14.869565226923076,2.78469648907563,13.848669703880596,-24.16304349375,2.3196521754,2.3196521754,3.7708909668667454,14.781892590117645,18.753147315820893,-32.72033516041666,0.0168128654862985,-0.0413855150431964,0.842,0.3339282173309538,3.865882352941176,1.204268292682927,0.0,4.294871794871795,0.003664342477783,0.2179487179487179,0.0,0.0,0.0,1.5731343283582089,0.3163265306122449,-3.193939393939394,0.0,1.3811053256835526,0.0361899867232001,0.015466983938132,-1.752459934774064,20100000.0,200000000.0,-185800000.0,403500000.0,82200000.0,12900000.0,0.0,45.0,24.775280898876403,0.0,2.0,3.63265306122449,0.0,0.039,0.3884935894945553,1991-06-29,,amc,,2025-04-25,1991-06-30,,3.42171875,219975.0
1991-03-31,JBHT,USD,728535,1991-03-31,1991-03-30 19:00:00,1991,Q1,158400000.0,48800000.0,109600000.0,0.6919191919,0,0.0,0.0,78500000.0,11300000.0,89800000.0,138600000.0,0.0,0.0,-16700000.0,36500000.0,0.2304292929,19800000.0,0.125,-13400000.0,6400000.0,0.0404040404,2500000.0,3900000.0,0.0246212121,0.0275,0.0275,141818182,141818182,,,1.1169230754911244,0.0274999999647435,0.1085897434505259,-0.2136538458799309,0.0056410256337935,1.364423075173817,1.364423075173817,1.364423075173817,1.0880128191179324,479345455.16,632845455.16,30.727272766666665,3.0261708027777776,31.12632825714286,-15.819982018481848,2.477237494366925,2.477237494366925,3.995236459343434,17.33823164821918,41.09386072467533,-20.885988619141912,0.0081360946641253,-0.0632111970058967,0.7974160206718346,0.3267683185091063,4.205479452054795,1.5,0.0,3.948717948717949,0.0033378849904103,0.4102564102564102,0.0,0.0,0.0,2.967532467532468,0.288510101010101,-2.736526946107785,0.0,0.9188235830024414,0.0293210814094775,0.008259212198221,-1.5306570493196705,37600000.0,193500000.0,-165900000.0,395700000.0,78750000.0,12250000.0,0.0,46.07954545454545,20.47131147540983,0.0,1.9531442663378544,4.396396396396397,0.0,0.0201550387596899,0.3222435893304569,1991-03-30,,amc,,2025-04-25,1991-03-31,,3.263114754098361,435383.4098360656
1990-12-31,JBHT,USD,728535,1990-12-31,1990-12-30 19:00:00,1990,Q4,159300000.0,86400000.0,72900000.0,0.4576271186,0,0.0,0.0,107500000.0,75000000.0,182500000.0,268900000.0,0.0,0.0,-13500000.0,-96100000.0,-0.6032642812,-109600000.0,-0.6880100439,120700000.0,11100000.0,0.0696798493,4400000.0,6700000.0,0.0420590082,0.0481,0.0481,139200000,139200000,,,1.144396551724138,0.0481321839080459,0.0783045977011494,-0.3433908045977011,0.0603448275862069,1.3728448275862069,1.3728448275862069,1.3728448275862069,0.9885057471264368,406464000.0,535664000.0,15.166567164179105,2.551563088512241,37.2902752293578,-8.503430962343096,2.1269701726844583,2.1269701726844583,3.362611424984306,-5.574027055150885,49.14348623853211,-11.206359832635984,0.0164836246260431,-0.117599590615651,0.7200418628990057,0.3039540534570356,-1.3444328824141518,1.8592233009708736,0.0,1.626865671641791,0.0031983152259486,0.1940298507462686,0.0,0.0,0.0,5.385321100917431,0.3684871311989956,-4.348148148148148,0.0,1.2193258152225974,-0.1692375414555,0.0148000883587364,-1.4073275862068966,53100000.0,191100000.0,-146700000.0,390100000.0,72700000.0,26150000.0,0.0,43.163841807909606,13.958333333333334,0.0,2.085078534031413,6.447761194029851,0.0,0.0350601779173207,0.4216954022988505,1990-12-30,,amc,,2025-04-25,1990-12-31,,2.68421875,298987.5
1990-09-30,JBHT,USD,728535,1990-09-30,1990-09-29 20:00:00,1990,Q3,142300000.0,22800000.0,119500000.0,0.839775123,0,0.0,0.0,62300000.0,-12200000.0,50100000.0,72900000.0,0.0,0.0,-14500000.0,83900000.0,0.5895994378,69400000.0,0.4877020379,-55000000.0,14400000.0,0.1011946592,5700000.0,8700000.0,0.0611384399,0.0625,0.0625,139200000,139200000,,,1.0222701149425288,0.0625,0.1156609195402298,-0.1084770114942528,0.0136494252873563,1.367816091954023,1.367816091954023,1.367816091954023,0.6379310344827587,366096000.0,452996000.0,10.52,2.5727055516514405,22.73888198757764,-24.24476821192053,1.9227731092436977,1.9227731092436977,3.183387210119466,5.399237187127532,28.13639751552795,-29.999735099337748,0.023764258555133,-0.041246011975001,0.4663865546218487,0.2228356336260978,1.035756853396901,1.5983050847457627,0.0,1.8505747126436785,0.0040972859577815,0.1724137931034483,0.0,0.0,0.0,1.937888198757764,0.2192550948699929,-2.1517241379310343,0.0,1.386899916832626,0.1235027000490918,0.0218318695106649,-1.1095545977011494,35300000.0,190400000.0,-113800000.0,338800000.0,64100000.0,40150000.0,0.0,43.64019676739284,153.55263157894737,0.0,2.06231884057971,0.5861182519280206,0.0,0.0456932773109243,0.2241379310344827,1990-09-29,,amc,,2025-04-25,1990-09-30,,2.997142857142857,291333.3333333333
1990-06-30,JBHT,USD,728535,1990-06-30,1990-06-29 20:00:00,1990,Q2,140900000.0,23800000.0,117100000.0,0.8310858765,0,0.0,0.0,61600000.0,-10300000.0,51300000.0,75100000.0,0.0,0.0,-14800000.0,80600000.0,0.5720369056,65800000.0,0.4669978708,-51700000.0,14100000.0,0.1000709723,5600000.0,8500000.0,0.0603264727,0.06,0.06,141666667,141666667,,,0.99458823295391,0.0599999998588235,0.237176470030173,0.0847058821536332,0.015529411728166,1.3242352910017994,1.3242352910017994,1.3242352910017994,0.5223529399474048,495833334.5,567633334.5,14.58333336764706,3.5190442476934,14.756944479166668,41.31944454166667,2.643034832089552,2.643034832089552,4.02862551100071,7.04259720223325,16.89384924107143,47.302777875,0.017142857102521,0.0242016806153237,0.394456289978678,0.19478810213214,0.890818858560794,1.414075286415712,0.0,3.9069767441860463,0.0028235294051211,0.1647058823529411,0.0,0.0,0.0,0.6428571428571429,0.1533002129169624,-1.4594594594594594,0.0,1.3370555854735564,0.1244249268088665,0.0223743090286917,-1.028470585815363,25300000.0,187600000.0,-105900000.0,318100000.0,59750000.0,38450000.0,0.0,37.81405251951739,156.5546218487395,0.0,2.3800675675675675,0.5748792270531401,0.0,0.0453091684434968,0.1524705878765398,1990-06-29,,amc,,2025-04-25,1990-06-30,,3.594126984126984,420714.28571428574
1990-03-31,JBHT,USD,728535,1990-03-31,1990-03-30 19:00:00,1990,Q1,137300000.0,26200000.0,111100000.0,0.8091769847,0,0.0,0.0,52400000.0,-19600000.0,32800000.0,59000000.0,0.0,0.0,-13500000.0,91800000.0,0.6686088857,78300000.0,0.5702840495,-68400000.0,9900000.0,0.0721048798,3900000.0,6000000.0,0.0436999272,0.0425,0.0425,141176471,141176471,,,0.9725416638300868,0.0424999998760416,0.1869999994545833,0.1133333330027777,0.0127499999628125,1.2771249962750522,1.2771249962750522,1.2771249962750522,0.6261666648403472,523764707.41,610364707.41,21.823529475416667,3.8147465943918415,19.839572250378787,32.735294213124995,2.904962326178591,2.904962326178591,4.445482209832483,6.648853021895424,23.119875280681818,38.14779421312499,0.011455525573057,0.0305480681948188,0.490293954520244,0.2333685322069693,0.943355119825708,1.5855855855855856,0.0,4.4,0.0026729559670466,0.2333333333333333,0.0,0.0,0.0,0.3939393939393939,0.0757465404224326,-0.7703703703703704,0.0,1.1051021555159672,0.1467817675674155,0.0158394931362196,-1.0729479135372353,32500000.0,180300000.0,-110500000.0,322600000.0,60050000.0,33450000.0,0.0,39.5265841223598,121.94656488549616,0.0,2.2769485903814264,0.7380281690140845,0.0,0.0332778702163061,0.0736666664518055,1990-03-30,,amc,,2025-04-25,1990-03-31,,3.375873015873016,269038.09523809527
1989-12-31,JBHT,USD,728535,1989-12-31,1989-12-30 19:00:00,1989,Q4,132100000.0,68300000.0,63800000.0,0.4829674489,0,0.0,0.0,88500000.0,63900000.0,152400000.0,220700000.0,0.0,0.0,-11200000.0,-77400000.0,-0.5859197578,-88600000.0,-0.6707040121,102800000.0,14200000.0,0.1074943225,5900000.0,8300000.0,0.0628311885,0.0596,0.0596,137996716,139259259,,,0.9572691570428388,0.0601463588452351,0.2014540693852453,0.0420299856990799,0.0130437886652317,1.271769394860092,1.271769394860092,1.271769394860092,0.7608876721385167,471948768.72,575148768.72,14.215324359036144,3.5726628971990912,16.976574414388487,81.37047736551723,2.689166773333333,2.689166773333333,4.3538892408781225,-7.43086264496124,20.688804630215827,99.1635808137931,0.0175866546331096,0.0122894695026549,0.5982905982905983,0.2729399532102937,-1.3333333333333333,1.7248062015503876,0.0,3.3493975903614457,0.0029664236730546,0.1686746987951807,0.0,0.0,0.0,0.7913669064748201,0.1665404996214988,-1.9642857142857144,0.0,1.3118981339311215,-0.1554708013919603,0.0215752534442422,-1.1779265819630085,37400000.0,175500000.0,-120200000.0,333000000.0,64950000.0,33950000.0,0.0,40.74186222558668,41.37628111273792,0.0,2.209030100334448,2.1751592356687897,0.0,0.0472934472934473,0.1594240836861654,1989-12-30,,amc,,2025-04-25,1989-12-31,,,
1989-09-30,JBHT,USD,728535,1989-09-30,1989-09-29 20:00:00,1989,Q3,135200000.0,20500000.0,114700000.0,0.8483727811,0,0.0,0.0,58600000.0,-12500000.0,46100000.0,66600000.0,0.0,0.0,12400000.0,81000000.0,0.599112426,68600000.0,0.5073964497,-52500000.0,16100000.0,0.1190828402,6700000.0,9400000.0,0.0695266272,0.0675,0.0675,139259259,139259259,,,0.9708510656372228,0.0675000001256649,,,0.0114893617235174,1.210691491615649,1.210691491615649,1.210691491615649,0.8308244696318541,463733332.47,577833332.47,12.33333331037234,3.429980269748521,0.0,0.0,2.7504942613879004,2.7504942613879004,4.273915180991125,7.133744845308643,0.0,0.0,0.0202702703080074,,0.6862396204033214,0.2978887744593202,1.408641975308642,1.652991452991453,0.0,0.0,0.003003003003003,0.1481481478723404,0.0,0.0,0.0,0.0,,0.0,,1.3560006291718485,0.1201685385929897,0.0242018537590113,-1.189328459660984,38200000.0,168600000.0,-123100000.0,329700000.0,,,,46.66420118343195,160.2439024390244,0.0,1.9286733238231093,0.5616438356164384,0.0,0.0557532621589561,,1989-09-29,,amc,,2025-04-25,1989-09-30,,,
1989-06-30,JBHT,USD,728535,1989-06-30,1989-06-29 20:00:00,1989,Q2,130800000.0,0.0,130800000.0,1.0,0,0.0,0.0,0.0,0.0,0.0,0.0,0.0,0.0,0.0,130800000.0,1.0,130800000.0,1.0,-130800000.0,0.0,0.0,-7900000.0,7900000.0,0.0603975535,0.055,0.055,143636364,143636364,,,0.9106329090870052,0.0549999998607594,,,,,,,,466818183.0,,14.772727310126582,3.5689463532110093,0.0,0.0,0.0,0.0,,,0.0,0.0,0.0169230768802336,,0.0,0.0,,0.0,0.0,0.0,0.003076923076923,0.181818182278481,0.0,0.0,0.0,0.0,,0.0,,,0.0,0.0,,,,,,,,,,0.0,0.0,0.0,0.0,0.0,0.0,,1989-06-29,,amc,,2025-04-25,1989-06-30,,,
1989-03-31,JBHT,USD,728535,1989-03-31,1989-03-30 19:00:00,1989,Q1,111300000.0,0.0,111300000.0,1.0,0,0.0,0.0,0.0,0.0,0.0,0.0,0.0,0.0,0.0,111300000.0,1.0,111300000.0,1.0,-111300000.0,0.0,0.0,-4900000.0,4900000.0,0.0440251572,0.035,0.035,140000000,140000000,,,0.795,0.035,,,,,,,,490000000.0,,25.0,4.40251572327044,0.0,0.0,0.0,0.0,,,0.0,0.0,0.01,,0.0,0.0,,0.0,0.0,0.0,0.0028571428571428,0.2857142857142857,0.0,0.0,0.0,0.0,,0.0,,,0.0,0.0,,,,,,,,,,0.0,0.0,0.0,0.0,0.0,0.0,,1989-03-30,,amc,,2025-04-25,1989-03-31,,,
1988-12-31,JBHT,USD,728535,1988-12-31,1988-12-30 19:00:00,1988,Q4,102200000.0,0.0,102200000.0,1.0,0,0.0,0.0,0.0,-306200000.0,-306200000.0,-306200000.0,0.0,0.0,0.0,-204000000.0,-1.9960861057,-204000000.0,-1.9960861057,204000000.0,0.0,0.0,-8500000.0,8500000.0,0.0831702544,0.0601,0.0601,141428571,141428571,,,0.7226262648160392,0.0601010102831343,,,0.0049494949644934,1.0613131345292317,1.0613131345292317,1.0613131345292317,0.462424243825528,536014284.09,600714284.09,15.76512600264706,5.244758161350294,0.0,0.0,3.5710478620253165,3.5710478620253165,5.877830568395304,-2.944677863186275,0.0,0.0,0.015857786354389,,0.435709526982012,0.217854763491006,-0.317156862745098,1.5642201834862386,0.0,0.0,0.0021987678100263,0.1386554063025211,0.0,0.0,0.0,0.0,,0.0,,1.1979919913210004,,0.0283144570286475,-0.808712123662764,24600000.0,150100000.0,-81900000.0,256300000.0,,,,41.12524461839531,0.0,0.0,2.188436830835118,0.0,0.0,0.0566289140572951,,1988-12-30,,amc,,2025-04-25,1988-12-31,,,
1988-09-30,JBHT,USD,728535,1988-09-30,1988-09-29 20:00:00,1988,Q3,103900000.0,0.0,103900000.0,1.0,0,0.0,0.0,0.0,0.0,0.0,0.0,0.0,0.0,0.0,103900000.0,1.0,103900000.0,1.0,-103900000.0,0.0,0.0,-9900000.0,9900000.0,0.0952839269,0.07,0.07,141428571,141428571,,,0.7346464668726661,0.0700000002121212,,,,,,,,601071426.75,,15.178571382575758,5.785095541385948,0.0,0.0,0.0,0.0,,,0.0,0.0,0.0164705882852049,,0.0,0.0,,0.0,0.0,0.0,0.0019607835294117,0.1190475710678212,0.0,0.0,0.0,0.0,,0.0,,,0.0,0.0,,,,,,,,,,0.0,0.0,0.0,0.0,0.0,0.0,,1988-09-29,,amc,,2025-04-25,1988-09-30,,,
1988-06-30,JBHT,USD,728535,1988-06-30,1988-06-29 20:00:00,1988,Q2,98500000.0,0.0,98500000.0,1.0,0,0.0,0.0,0.0,0.0,0.0,0.0,0.0,0.0,0.0,98500000.0,1.0,98500000.0,1.0,-98500000.0,0.0,0.0,-8900000.0,8900000.0,0.0903553299,0.0625,0.0625,142400000,142400000,,,0.6917134831460674,0.0625,,,,,,,,474192000.0,,13.32,4.814131979695431,0.0,0.0,0.0,0.0,,,0.0,0.0,0.0187687687687687,,0.0,0.0,,0.0,0.0,0.0,0.0025025015015015,0.13333328,0.0,0.0,0.0,0.0,,0.0,,,0.0,0.0,,,,,,,,,,0.0,0.0,0.0,0.0,0.0,0.0,,1988-06-29,,amc,,2025-04-25,1988-06-30,,,
1988-03-31,JBHT,USD,728535,1988-03-31,1988-03-30 19:00:00,1988,Q1,88000000.0,0.0,88000000.0,1.0,0,0.0,0.0,0.0,0.0,0.0,0.0,0.0,0.0,0.0,88000000.0,1.0,88000000.0,1.0,-88000000.0,0.0,0.0,-5800000.0,5800000.0,0.0659090909,0.0425,0.0425,136470588,136470588,,,0.6448275873186683,0.0425000000732758,,,,,,,,364376469.96,,15.705882325862069,4.140641704090909,0.0,0.0,0.0,0.0,,,0.0,0.0,0.0159176030236988,,0.0,0.0,,0.0,0.0,0.0,0.0031210973782771,0.1960783526031103,0.0,0.0,0.0,0.0,,0.0,,,0.0,0.0,,,,,,,,,,0.0,0.0,0.0,0.0,0.0,0.0,,1988-03-30,,amc,,2025-04-25,1988-03-31,,,
1987-12-31,JBHT,USD,728535,1987-12-31,1987-12-30 19:00:00,1987,Q4,80100000.0,0.0,80100000.0,1.0,0,0.0,0.0,0.0,-222300000.0,-222300000.0,-222300000.0,0.0,0.0,0.0,-142200000.0,-1.7752808989,-142200000.0,-1.7752808989,142200000.0,0.0,0.0,-4800000.0,4800000.0,0.0599250936,0.0343,0.0343,140000000,140000000,,,0.5721428571428572,0.0342857142857142,,,0.0107142857142857,0.8664285714285714,0.8664285714285714,0.8664285714285714,0.5142857142857142,379400000.0,449900000.0,19.760416666666664,4.736579275905118,0.0,0.0,3.127782357790602,3.127782357790602,5.616729088639201,-3.1638537271448666,0.0,0.0,0.0126515550869794,,0.5935696619950536,0.2876548142229325,-0.4957805907172996,1.5862068965517242,0.0,0.0,0.0024600258302583,0.1944445416666666,0.0,0.0,0.0,0.0,,0.0,,0.8175498486955036,,0.0191769876148621,-0.7114285714285714,20400000.0,121300000.0,-73800000.0,215200000.0,,,,41.79775280898876,0.0,0.0,2.153225806451613,0.0,0.0,0.0395713107996702,,1987-12-30,,amc,,2025-04-25,1987-12-31,,,
1987-09-30,JBHT,USD,728535,1987-09-30,1987-09-29 20:00:00,1987,Q3,74900000.0,0.0,74900000.0,1.0,0,0.0,0.0,0.0,0.0,0.0,0.0,0.0,0.0,0.0,74900000.0,1.0,74900000.0,1.0,-74900000.0,0.0,0.0,-5600000.0,5600000.0,0.0747663551,0.04,0.04,140000000,140000000,,,0.535,0.04,,,,,,,,511000000.0,,22.8125,6.822429906542056,0.0,0.0,0.0,0.0,,,0.0,0.0,0.010958904109589,,0.0,0.0,,0.0,0.0,0.0,0.0018264849315068,0.16666675,0.0,0.0,0.0,0.0,,0.0,,,0.0,0.0,,,,,,,,,,0.0,0.0,0.0,0.0,0.0,0.0,,1987-09-29,,amc,,2025-04-25,1987-09-30,,,
1987-06-30,JBHT,USD,728535,1987-06-30,1987-06-29 20:00:00,1987,Q2,67700000.0,0.0,67700000.0,1.0,0,0.0,0.0,0.0,0.0,0.0,0.0,0.0,0.0,0.0,67700000.0,1.0,67700000.0,1.0,-67700000.0,0.0,0.0,-6100000.0,6100000.0,0.0901033973,0.0425,0.0425,143529412,143529412,,,0.471680327095606,0.0424999999303278,,,,,,,,568376471.52,,23.2941176852459,8.395516566026588,0.0,0.0,0.0,0.0,,,0.0,0.0,0.0107323232147292,,0.0,0.0,,0.0,0.0,0.0,0.0016835025252525,0.1568628237865639,0.0,0.0,0.0,0.0,,0.0,,,0.0,0.0,,,,,,,,,,0.0,0.0,0.0,0.0,0.0,0.0,,1987-06-29,,amc,,2025-04-25,1987-06-30,,,
1987-03-31,JBHT,USD,728535,1987-03-31,1987-03-30 19:00:00,1987,Q1,63800000.0,0.0,63800000.0,1.0,0,0.0,0.0,0.0,0.0,0.0,0.0,0.0,0.0,0.0,63800000.0,1.0,63800000.0,1.0,-63800000.0,0.0,0.0,-6000000.0,6000000.0,0.0940438871,0.0425,0.0425,141176471,141176471,,,0.4519166653485764,0.0424999998760416,,,,,,,,659294119.5699999,,27.470588315416663,10.333763629623824,0.0,0.0,0.0,0.0,,,0.0,0.0,0.0091006423717433,,0.0,0.0,,0.0,0.0,0.0,0.0014275524625267,0.1568628239869283,0.0,0.0,0.0,0.0,,0.0,,,0.0,0.0,,,,,,,,,,0.0,0.0,0.0,0.0,0.0,0.0,,1987-03-30,,amc,,2025-04-25,1987-03-31,,,
1986-12-31,JBHT,USD,728535,1986-12-31,1986-12-30 19:00:00,1986,Q4,57700000.0,0.0,57700000.0,1.0,0,0.0,0.0,0.0,-123800000.0,-123800000.0,-123800000.0,0.0,0.0,0.0,-66100000.0,-1.1455805893,-66100000.0,-1.1455805893,66100000.0,0.0,0.0,-5500000.0,5500000.0,0.0953206239,0.0375,0.0375,146666667,146666667,,,0.3934090900149793,0.0374999999147727,,,0.0088636363434917,0.6749999984659091,0.6749999984659091,0.6749999984659091,0.2829545448114669,629200001.43,669400001.43,28.600000065,10.90467940086655,0.0,0.0,6.35555557,6.35555557,11.601386506585788,-10.127080203177004,0.0,0.0,0.0087412587213922,,0.4191919191919191,0.2200424178154825,-0.6081694402420574,1.4647887323943662,0.0,0.0,0.0046620046620046,0.5333333345454545,0.0,0.0,0.0,0.0,,0.0,,0.7546729406910133,,0.0291622481442205,-0.4578409080503616,13200000.0,99000000.0,-48000000.0,160000000.0,,,,43.05025996533795,0.0,0.0,2.090579710144928,0.0,0.0,0.0555555555555555,,1986-12-30,,amc,,2025-04-25,1986-12-31,,,
1986-09-30,JBHT,USD,728535,1986-09-30,1986-09-29 20:00:00,1986,Q3,53300000.0,0.0,53300000.0,1.0,0,0.0,0.0,0.0,0.0,0.0,0.0,0.0,0.0,0.0,53300000.0,1.0,53300000.0,1.0,-53300000.0,0.0,0.0,-7700000.0,7700000.0,0.1444652908,0.0525,0.0525,146666667,146666667,,,0.3634090900831611,0.0524999998806818,,,,,,,,657066668.1600001,,21.333333381818186,12.327704843527206,0.0,0.0,0.0,0.0,,,0.0,0.0,0.0117187499733664,,0.0,0.0,,0.0,0.0,0.0,0.0044642857142857,0.3809523818181818,0.0,0.0,0.0,0.0,,0.0,,,0.0,0.0,,,,,,,,,,0.0,0.0,0.0,0.0,0.0,0.0,,1986-09-29,,amc,,2025-04-25,1986-09-30,,,
1986-06-30,JBHT,USD,728535,1986-06-30,1986-06-29 20:00:00,1986,Q2,49300000.0,0.0,49300000.0,1.0,0,0.0,0.0,0.0,0.0,0.0,0.0,0.0,0.0,0.0,49300000.0,1.0,49300000.0,1.0,-49300000.0,0.0,0.0,-6700000.0,6700000.0,0.1359026369,0.0475,0.0475,141052632,141052632,,,0.3495149243298062,0.0474999998582089,,,,,,,,578315791.1999999,,21.57894743283581,11.73054343204868,0.0,0.0,0.0,0.0,,,0.0,0.0,0.0115853658190753,,0.0,0.0,,0.0,0.0,0.0,0.0081951219512195,0.707368423164179,0.0,0.0,0.0,0.0,,0.0,,,0.0,0.0,,,,,,,,,,0.0,0.0,0.0,0.0,0.0,0.0,,1986-06-29,,amc,,2025-04-25,1986-06-30,,,
1986-03-31,JBHT,USD,728535,1986-03-31,1986-03-30 19:00:00,1986,Q1,43500000.0,0.0,43500000.0,1.0,0,0.0,0.0,0.0,0.0,0.0,0.0,0.0,0.0,0.0,43500000.0,1.0,43500000.0,1.0,-43500000.0,0.0,0.0,-4800000.0,4800000.0,0.1103448276,0.035,0.035,137142857,137142857,,,0.3171875003304036,0.0350000000364583,,,,,,,,411428571.0,,21.42857140625,9.458128068965518,0.0,0.0,0.0,0.0,,,0.0,0.0,0.0116666666788194,,0.0,0.0,,0.0,0.0,0.0,0.0112,0.959999999,0.0,0.0,0.0,0.0,,0.0,,,0.0,0.0,,,,,,,,,,0.0,0.0,0.0,0.0,0.0,0.0,,1986-03-30,,amc,,2025-04-25,1986-03-31,,,
1985-12-31,JBHT,USD,728535,1985-12-31,1985-12-30 19:00:00,1985,Q4,39000000.0,0.0,39000000.0,1.0,0,0.0,0.0,0.0,-84200000.0,-84200000.0,-84200000.0,0.0,0.0,0.0,-45200000.0,-1.158974359,-45200000.0,-1.158974359,45200000.0,0.0,0.0,-4600000.0,4600000.0,0.1179487179,0.0332,0.0332,138461538,138461538,,,0.2816666676055555,0.0332222223329629,,,0.0086666666955555,0.5546666685155556,0.5546666685155556,0.5546666685155556,0.1820000006066666,317076922.02,341076922.02,17.232441414130435,8.130177487692308,0.0,0.0,4.12860575546875,4.12860575546875,8.745562103076923,-7.545949602212389,0.0,0.0,0.0145075206694161,,0.328125,0.1953488372093023,-0.5309734513274337,1.5771428571428572,0.0,0.0,0.0146724890829694,1.0113712340869565,0.0,0.0,0.0,0.0,,0.0,,0.6439047570079152,,0.0356589147286821,-0.2701111120114814,10100000.0,76800000.0,-24600000.0,111300000.0,,,,40.61538461538462,0.0,0.0,2.215909090909091,0.0,0.0,0.0598958333333333,,1985-12-30,,amc,,2025-04-25,1985-12-31,,,
1985-09-30,JBHT,USD,728535,1985-09-30,1985-09-29 20:00:00,1985,Q3,35900000.0,0.0,35900000.0,1.0,0,0.0,0.0,0.0,0.0,0.0,0.0,0.0,0.0,0.0,35900000.0,1.0,35900000.0,1.0,-35900000.0,0.0,0.0,-4500000.0,4500000.0,0.1253481894,0.0325,0.0325,138461538,138461538,,,0.259277778642037,0.0325000001083333,,,,,,,,260307691.44,,14.461538413333331,7.250910625069638,0.0,0.0,0.0,0.0,,,0.0,0.0,0.0172872341001773,,0.0,0.0,,0.0,0.0,0.0,0.0178723404255319,1.0338461503999998,0.0,0.0,0.0,0.0,,0.0,,,0.0,0.0,,,,,,,,,,0.0,0.0,0.0,0.0,0.0,0.0,,1985-09-29,,amc,,2025-04-25,1985-09-30,,,
