date,symbol,reportedCurrency,cik,fillingDate,acceptedDate,calendarYear,period,revenue,costOfRevenue,grossProfit,grossProfitRatio,researchAndDevelopmentExpenses,generalAndAdministrativeExpenses,sellingAndMarketingExpenses,sellingGeneralAndAdministrativeExpenses,otherExpenses,operatingExpenses,costAndExpenses,interestIncome,interestExpense,depreciationAndAmortization,ebitda,ebitdaratio,operatingIncome,operatingIncomeRatio,totalOtherIncomeExpensesNet,incomeBeforeTax,incomeBeforeTaxRatio,incomeTaxExpense,netIncome,netIncomeRatio,eps,epsdiluted,weightedAverageShsOut,weightedAverageShsOutDil,link,finalLink,revenuePerShare,netIncomePerShare,operatingCashFlowPerShare,freeCashFlowPerShare,cashPerShare,bookValuePerShare,tangibleBookValuePerShare,shareholdersEquityPerShare,interestDebtPerShare,marketCap,enterpriseValue,peRatio,priceToSalesRatio,pocfratio,pfcfRatio,pbRatio,ptbRatio,evToSales,enterpriseValueOverEBITDA,evToOperatingCashFlow,evToFreeCashFlow,earningsYield,freeCashFlowYield,debtToEquity,debtToAssets,netDebtToEBITDA,currentRatio,interestCoverage,incomeQuality,dividendYield,payoutRatio,salesGeneralAndAdministrativeToRevenue,researchAndDdevelopementToRevenue,intangiblesToTotalAssets,capexToOperatingCashFlow,capexToRevenue,capexToDepreciation,stockBasedCompensationToRevenue,grahamNumber,roic,returnOnTangibleAssets,grahamNetNet,workingCapital,tangibleAssetValue,netCurrentAssetValue,investedCapital,averageReceivables,averagePayables,averageInventory,daysSalesOutstanding,daysPayablesOutstanding,daysOfInventoryOnHand,receivablesTurnover,payablesTurnover,inventoryTurnover,roe,capexPerShare,report_date,epsEstimated,time,revenueEstimated,updatedFromDate,fiscalDateEnding,surprise(%),QuarterAvgPrice,QuarterAvgVolume
2025-03-31,JNPR,USD,1043604,2025-05-01,2025-05-01 16:17:04,2025,Q1,1280200000.0,525500000.0,754700000.0,0.5895172629,283100000,60200000.0,301800000.0,362000000.0,0.0,645100000.0,1170600000.0,0.0,0.0,0.0,89400000.0,0.0698328386,89400000.0,0.0698328386,-7600000.0,81800000.0,0.0638962662,17700000.0,64100000.0,0.0500703007,0.19,0.19,333300000,339200000,https://www.sec.gov/Archives/edgar/data/1043604/000104360425000061/0001043604-25-000061-index.htm,https://www.sec.gov/Archives/edgar/data/1043604/000104360425000061/jnpr-20250331ex991.htm,3.840984098409841,0.1923192289228923,0.9495949594959496,0.8766876687668766,4.674767476747674,14.488748874887488,3.1881188118811883,14.488748874887488,5.698769876987699,12062127000.0,12672127000.0,47.04417780100121,9.422064521168569,38.110985781990514,41.28037987679672,2.4978002112194817,2.4978002112194817,9.898552569910953,141.7463870246085,40.038315955766194,43.36799110198494,0.0053141538801572,0.0242245832762331,0.3933238077488559,0.1882681785742605,6.823266219239374,1.4910432874526232,0.0,4.93759758092976,0.0060851622603542,1.1450858212961907,0.0470239025152319,0.2211373222933916,0.3733347870906351,0.0767772511848341,0.0189814091548195,0.6657534246575343,0.0488986095922512,7.918046650702759,0.0087767951518427,0.0101387151827657,-7.802130213021302,1230800000.0,1062600000.0,-1522400000.0,5958800000.0,1040850000.0,237900000.0,827400000.0,64.56491173254179,37.55851569933397,141.24262607040913,1.393945993031359,2.3962608299133605,0.6372014065720868,0.0132736946843097,0.0729072907290729,2025-05-01,0.41,amc,1281190800.0,2025-05-11,2025-03-31,0.048780487804878,36.59741666666666,3919800.05
2024-12-31,JNPR,USD,1043604,2025-02-21,2025-02-21 17:13:54,2024,Q4,1404100000.0,565400000.0,838700000.0,0.5973221281,288700000,62200000.0,310400000.0,372600000.0,10500000.0,671800000.0,1226700000.0,18900000.0,19700000.0,37300000.0,242300000.0,0.1725660565,166900000.0,0.1188661776,13600000.0,180500000.0,0.1285520974,15300000.0,162000000.0,0.1153763977,0.5,0.48,331600000,334600000,https://www.sec.gov/Archives/edgar/data/1043604/000104360425000025/0001043604-25-000025-index.htm,https://www.sec.gov/Archives/edgar/data/1043604/000104360425000025/jnpr-20241231.htm,4.234318455971049,0.48854041013269,0.8437876960193004,0.761761158021713,4.175512665862485,14.427623642943304,3.0379975874547647,14.427623642943304,5.338661037394451,12418420000.0,12944720000.0,19.16422839506173,8.844398547112029,44.38320228734811,49.16239113222486,2.595715062079345,2.595715062079345,9.219229399615411,53.42434997936442,46.264188706218725,51.24592240696754,0.0130451377872547,0.0203407518830897,0.3659127962877806,0.1749200639488409,2.172100701609575,1.4555639666919,8.472081218274111,1.7271604938271603,0.0058783645584542,0.4506172839506173,0.0442988391140232,0.2056121358877572,0.3773780975219824,0.0972122944960686,0.0193718396125632,0.7292225201072386,0.0565486788690264,12.593281397820084,0.019671203660378,0.0259982025934009,-7.695039203860072,1203600000.0,1007400000.0,-1378200000.0,5820800000.0,1060700000.0,257250000.0,851300000.0,74.56520190869595,40.82950123806155,132.13477184294305,1.2069973351671968,2.204288499025341,0.6811227562944223,0.0338614606412775,0.0820265379975874,2025-02-04,0.58,amc,1245533330.0,2025-05-04,2024-12-31,0.103448275862069,37.83390625,3756233.375
2024-09-30,JNPR,USD,1043604,2024-10-31,2024-10-31 16:36:37,2024,Q3,1331000000.0,557600000.0,773400000.0,0.581066867,290600000,62100000.0,308200000.0,370300000.0,0.0,660900000.0,1218500000.0,19700000.0,20600000.0,37400000.0,154900000.0,0.1163786627,94100000.0,0.0706987228,2800000.0,96900000.0,0.0728024042,2100000.0,92600000.0,0.0695717506,0.28,0.28,329400000,335900000,https://www.sec.gov/Archives/edgar/data/1043604/000104360424000154/0001043604-24-000154-index.htm,https://www.sec.gov/Archives/edgar/data/1043604/000104360424000154/jnpr-20240930.htm,4.040680024286582,0.281117182756527,0.583485124468731,0.49210686095932,3.739222829386764,14.094414086217364,2.596235579842137,14.094414086217364,5.395264116575592,12840011999.999998,13531611999.999998,34.665259179265654,9.646891059353868,66.80547346514048,79.2104380012338,2.7656346522497683,2.7656346522497683,10.1665003756574,87.35708198837959,70.40380853277834,83.4769401603948,0.0072118312662013,0.0126245987932098,0.3783574213281065,0.183063070574013,4.464816010329245,1.7213514965089596,4.567961165048544,2.075593952483801,0.0056619884778923,0.785097192224622,0.0466566491359879,0.2183320811419985,0.3947121597398808,0.1566077003121748,0.0226145755071374,0.8048128342245989,0.0527422990232907,9.441879821398388,0.0121975066067639,0.0159432516657771,-7.7910595021250755,1477400000.0,855200000.0,-1427400000.0,6098300000.0,918500000.0,263150000.0,899300000.0,64.78512396694215,41.64275466284074,140.8267575322812,1.389207807118255,2.1612403100775195,0.639083094555874,0.0199452904559846,0.091378263509411,2024-10-31,0.4457,amc,1257127683.0,2025-04-25,2024-09-30,0.0769575947947049,38.15921875,2831659.625
2024-06-30,JNPR,USD,1043604,2024-07-26,2024-07-26 16:18:26,2024,Q2,1189600000.0,501100000.0,688500000.0,0.5787659718,274600000,60800000.0,297400000.0,358200000.0,500000.0,632800000.0,1133900000.0,16700000.0,20500000.0,38000000.0,93700000.0,0.0787659718,55700000.0,0.0468224613,2000000.0,47000000.0,0.0395090787,10800000.0,34100000.0,0.0286650975,0.1,0.1,325100000,332700000,https://www.sec.gov/Archives/edgar/data/1043604/000104360424000144/0001043604-24-000144-index.htm,https://www.sec.gov/Archives/edgar/data/1043604/000104360424000144/jnpr-20240630.htm,3.6591817902183945,0.1048908028298984,-0.0273761919409412,-0.0993540449092586,3.491848661950169,13.848046754844663,2.164872346970163,13.848046754844663,5.374961550292218,11947425000.0,12725825000.0,87.59109237536657,10.043228816408876,-1342.4073033707864,-369.8893188854489,2.6538038649489115,2.6538038649489115,10.697566408876934,135.8145677694771,-1429.8679775280898,-393.9883900928792,0.0028541715055754,-0.0027035114261022,0.3835850733007552,0.183161333432326,8.30736392742796,1.6854081033470347,2.7170731707317075,-0.2609970674486803,0.0059845531568517,2.096774193548387,0.0511096166778749,0.2308338937457969,0.4028509911648972,-2.629213483146068,0.0196704774714189,0.6157894736842106,0.0515299260255548,5.716816132182896,0.0058094236827006,0.0060567307863093,-8.209397108581975,1400700000.0,703800000.0,-1482000000.0,6030900000.0,846900000.0,259250000.0,942150000.0,66.49377942165434,48.18798642985432,166.33206944721613,1.353510069404938,1.8676854267610885,0.5410862757801533,0.0075744113727232,0.0719778529683174,2024-07-25,0.4396,amc,1248216815.0,2025-04-25,2024-06-30,-0.2948134667879891,35.51793650793651,2674122.015873016
2024-03-31,JNPR,USD,1043604,2024-04-26,2024-04-26 16:32:36,2024,Q1,1148900000.0,468000000.0,680900000.0,0.5926538428,296600000,60700000.0,305400000.0,366100000.0,2300000.0,662700000.0,1130700000.0,16900000.0,20500000.0,44200000.0,38300000.0,0.0333362347,18200000.0,0.0158412394,-12200000.0,-26400000.0,-0.0229785012,-27700000.0,-800000.0,-0.0006963182,-0.0025,-0.0025,322600000,322600000,https://www.sec.gov/Archives/edgar/data/1043604/000104360424000066/0001043604-24-000066-index.htm,https://www.sec.gov/Archives/edgar/data/1043604/000104360424000066/jnpr-20240331.htm,3.561376317420955,-0.0024798512089274,1.0074395536267824,0.8995660260384377,3.942343459392436,13.890886546807192,2.0840049597024177,13.890886546807192,5.450092994420335,11952330000.0,12606130000.0,-3735.103125,10.403281399599615,36.7764,41.18652653342522,2.6672163706150136,2.6672163706150136,10.972347462790497,329.14177545691905,38.78809230769231,43.439455547898,-6.693255624635532e-05,0.0242797847783653,0.3877755958225475,0.1833364984912747,17.070496083550914,1.7442857142857142,0.8878048780487805,-406.25,0.0059737306449872,-89.25,0.0528331447471494,0.2581599791104534,0.4018590027642379,0.107076923076923,0.0302898424580033,0.7873303167420814,0.0695447819653581,,-0.0001203260010757,-0.000141110895525,-8.167777433353999,1510900000.0,672300000.0,-1456100000.0,6166800000.0,929499999.5,272650000.0,955300000.0,63.83584298024197,48.11538461538461,184.2692307692308,1.409866241256596,1.870503597122302,0.4884157795867251,-0.0001785236097473,0.1078735275883447,2024-04-25,0.4052,amc,1231284583.0,2025-04-25,2024-03-31,-0.2843040473840079,36.50377049180328,5402116.557377049
2023-12-31,JNPR,USD,1043604,2024-02-07,2024-02-07 16:44:28,2023,Q4,1364800000.0,557600000.0,807200000.0,0.5914419695,289100000,62000000.0,310900000.0,372900000.0,-1200000.0,662000000.0,1219600000.0,15300000.0,20600000.0,47300000.0,192500000.0,0.1410463072,125700000.0,0.0921014068,-8100000.0,117600000.0,0.0861664713,-10400000.0,124300000.0,0.0910756155,0.39,0.38,319200000,324600000,https://www.sec.gov/Archives/edgar/data/1043604/000104360424000014/0001043604-24-000014-index.htm,https://www.sec.gov/Archives/edgar/data/1043604/000104360424000014/jnpr-20231231.htm,4.275689223057644,0.3894110275689223,0.0285087719298245,-0.0823934837092731,3.7828947368421058,14.074874686716791,2.0880325814536342,14.074874686716791,5.389411027568922,9410016000.0,10041616000.0,18.926017699115043,6.894794841735052,1034.0676923076924,-357.79528517110265,2.0945124312774057,2.0945124312774057,7.35757327080891,52.16423896103896,1103.4742857142858,-381.81049429657793,0.0132093292933827,-0.0027948942913593,0.3783248380706479,0.1785680516888165,3.281038961038961,1.803944866920152,6.101941747572815,0.0732099758648431,0.0074707630677779,0.5655671761866452,0.0454279015240328,0.2118259085580305,0.4019751011188737,3.89010989010989,0.0259378663540445,0.7484143763213531,0.0599355216881594,11.104976669485149,0.0183377778191119,0.0218365159952918,-8.016995616384712,1691500000.0,666500000.0,-1230300000.0,6319000000.0,990699999.5,309750000.0,964350000.0,68.8518463584408,47.63091822094691,153.72309899569584,1.307154488370036,1.8895289732294136,0.5854682906341874,0.0276671044138268,0.1109022556390977,2024-01-30,0.64,amc,1407140000.0,2025-04-25,2023-12-31,-0.046875,27.47301587301587,3369701.888888889
2023-09-30,JNPR,USD,1043604,2023-10-27,2023-10-27 16:16:31,2023,Q3,1397800000.0,587400000.0,810400000.0,0.5797682072,288500000,60300000.0,311500000.0,371800000.0,-4800000.0,660300000.0,1247700000.0,14100000.0,20500000.0,59100000.0,162400000.0,0.1161825726,87600000.0,0.0626699099,-4800000.0,82800000.0,0.0592359422,5000000.0,76100000.0,0.0544426957,0.24,0.24,319300000,323800000,https://www.sec.gov/Archives/edgar/data/1043604/000104360423000156/0001043604-23-000156-index.htm,https://www.sec.gov/Archives/edgar/data/1043604/000104360423000156/jnpr-20230930.htm,4.3777012214218605,0.2383338553084873,1.0310053241465706,0.9032258064516128,4.312871907297213,13.564672721578454,1.5280300657688697,13.564672721578454,5.323207015346069,8873347000.0,9309047000.0,29.15028580814717,6.348080555158106,26.954273997569864,30.7675,2.048704054303657,2.048704054303657,6.659784661611103,57.32171798029557,28.277785540704738,32.27824895977809,0.0085762452431985,0.0325018282278378,0.3876985592907277,0.1785471248724056,2.6828817733990147,1.7307314020028612,4.273170731707317,4.3258869908015765,0.0078887932591839,0.9198423127463864,0.0431392187723565,0.206395764773215,0.4086530282408983,0.1239368165249088,0.0291887251395049,0.8343558282208589,0.05344112176277,8.528816845199716,0.0114830001293995,0.0136833588060774,-7.846461008455997,1634500000.0,487900000.0,-1202300000.0,6285800000.0,922900000.0,348100000.0,951000000.0,60.349835455716125,49.70377936670072,149.58631256384064,1.491304811693161,1.810727496917386,0.601659326026836,0.0175701884004432,0.1277795176949577,2023-10-26,0.55,amc,1388960000.0,2025-04-25,2023-09-30,0.0909090909090907,28.79952380952381,3602713.8253968256
2023-06-30,JNPR,USD,1043604,2023-07-28,2023-07-28 16:17:52,2023,Q2,1430100000.0,617000000.0,813100000.0,0.568561639,282000000,65200000.0,308300000.0,373500000.0,-7400000.0,655500000.0,1272500000.0,11700000.0,19700000.0,59300000.0,120500000.0,0.084259842,141100000.0,0.0986644291,-99600000.0,41500000.0,0.0290189497,15000000.0,24400000.0,0.0170617439,0.0764,0.0748,319300000,326000000,https://www.sec.gov/Archives/edgar/data/1043604/000104360423000133/0001043604-23-000133-index.htm,https://www.sec.gov/Archives/edgar/data/1043604/000104360423000133/jnpr-20230630.htm,4.478860006263702,0.0764171625430629,1.0742248668963357,0.9455057939242092,3.8650172251800816,13.638897588474787,1.548073911681804,13.638897588474787,5.379893517068587,10003669000.0,10612369000.0,102.49660860655736,6.995083560590168,29.165215743440232,33.13570387545545,2.2971064777606838,2.2971064777606838,7.420718131599189,88.06945228215767,30.93985131195335,35.151934415369325,0.0024391050923416,0.0301789273515547,0.3899285861902684,0.1811210068796331,5.051452282157676,1.6581204137565202,7.16243654822335,14.057377049180328,0.006987436309618,2.864754098360656,0.0455912173973847,0.1971890077616949,0.411775371980161,0.1198250728862973,0.0287392490035661,0.8370672097759674,0.0433536116355499,4.842574905290574,0.0126664136195577,0.0044243775952419,-8.275211399937364,1488800000.0,494300000.0,-1269600000.0,6162800000.0,985150000.0,364650000.0,843600000.0,57.17432347388294,54.23338735818477,135.0291734197731,1.574133186571271,1.6594943518020442,0.6665226315220913,0.005602884107557,0.1287190729721265,2023-07-27,0.55,amc,1415970000.0,2025-04-25,2023-06-30,0.0545454545454543,30.818548387096776,3932416.193548387
2023-03-31,JNPR,USD,1043604,2023-04-28,2023-04-28 16:13:03,2023,Q1,1371800000.0,600600000.0,771200000.0,0.562181076,284800000,68000000.0,303200000.0,371200000.0,-500000.0,655500000.0,1256100000.0,9500000.0,19200000.0,49400000.0,175700000.0,0.128079895,115700000.0,0.0843417408,-8600000.0,107100000.0,0.0780726053,19600000.0,85400000.0,0.0622539729,0.26,0.26,328461538,329100000,https://www.sec.gov/Archives/edgar/data/1043604/000104360423000064/0001043604-23-000064-index.htm,https://www.sec.gov/Archives/edgar/data/1043604/000104360423000064/jnpr-20230331.htm,4.17644028689898,0.2600000003653396,0.5830210781026057,0.4548477758147743,3.344074946150925,13.502950838645832,1.6973067939540611,13.502950838645832,5.301686190119465,11305646137.96,12104346137.96,33.09615379964871,8.241468244612918,59.03731664731071,75.6736689287818,2.5490724517406207,2.5490724517406207,8.823695974602712,68.89212372202618,63.208073827467366,81.01971979892906,0.0075537478316484,0.0132146361363966,0.3883026695526695,0.1848587958738984,4.5458167330677295,1.763619708803394,6.026041666666667,2.2423887587822016,0.0062446674111754,0.8266978922716628,0.049569908149876,0.2076104388394809,0.4162274722797677,0.2198433420365535,0.0306896048986732,0.8522267206477733,0.044394226563639,8.887759139236069,0.0130523113172767,0.0157025705144706,-7.932740057985115,1583900000.0,557500000.0,-1223000000.0,6265300000.0,1144550000.0,352450000.0,690450000.0,69.66175827380084,53.57142857142858,114.11088911088912,1.2919570540591447,1.68,0.7887065003282994,0.0192550505050505,0.1281733022878313,2023-04-25,0.43,amc,1338640000.0,2025-04-25,2023-03-31,0.1162790697674418,31.64516129032258,3767306.3870967743
2022-12-31,JNPR,USD,1043604,2023-02-10,2023-02-10 16:30:07,2022,Q4,1448800000.0,621800000.0,827000000.0,0.5708172281,269200000,57400000.0,299000000.0,356400000.0,1500000.0,625600000.0,1247400000.0,8200000.0,17500000.0,51200000.0,273700000.0,0.1889149641,203500000.0,0.1404610712,1500000.0,205000000.0,0.1414964108,22400000.0,180400000.0,0.1245168415,0.56,0.55,323000000,329900000,https://www.sec.gov/Archives/edgar/data/1043604/000104360423000016/0001043604-23-000016-index.htm,https://www.sec.gov/Archives/edgar/data/1043604/000104360423000016/jnpr-20221231.htm,4.485448916408669,0.5585139318885449,0.3702786377708978,0.2721362229102167,3.3758513931888543,13.854798761609906,1.7962848297213625,13.854798761609906,5.376160990712075,10323080000.0,11161980000.0,14.30582039911308,7.125262286029818,86.31337792642141,117.44118316268488,2.306781971352596,2.306781971352596,7.70429320817228,40.78180489587139,93.32759197324415,126.98498293515358,0.0174754046273011,0.0085149005916838,0.3841254944023597,0.1843095628678954,3.0650347095359884,1.7399105296070037,11.628571428571428,0.6629711751662971,0.006548433219543,0.3747228381374722,0.0396189950303699,0.1858089453340695,0.4176075139116729,0.2650501672240802,0.0218801766979569,0.6061185468451242,0.0382385422418553,13.194969040020672,0.0248470093265468,0.0332118266504657,-7.835990712074303,1538200000.0,580200000.0,-1234500000.0,6241500000.0,1127449999.5,350050000.0,569500000.0,76.2403368304804,50.28304921196526,89.652621421679,1.1804774708710175,1.789867587795049,1.003874717468518,0.04031194833635,0.0981424148606811,2023-01-31,0.65,amc,1483477923.0,2025-04-25,2022-12-31,0.0,30.28174603174603,3435934.5555555555
2022-09-30,JNPR,USD,1043604,2022-10-28,2022-10-28 16:13:56,2022,Q3,1414600000.0,626800000.0,787800000.0,0.556906546,274000000,64700000.0,286800000.0,351500000.0,-9100000.0,625500000.0,1252300000.0,5500000.0,15200000.0,63900000.0,219300000.0,0.1550261558,149300000.0,0.1055422027,-9100000.0,140200000.0,0.0991092888,16600000.0,121500000.0,0.0858900042,0.38,0.37,322800000,328900000,https://www.sec.gov/Archives/edgar/data/1043604/000104360422000163/0001043604-22-000163-index.htm,https://www.sec.gov/Archives/edgar/data/1043604/000104360422000163/jnpr-20220930.htm,4.382280049566295,0.3763940520446097,0.1604708798017348,0.0864312267657992,3.2747831474597278,13.438971499380422,1.3200123915737298,13.438971499380422,5.372366790582404,8431536000.0,9319636000.0,17.34883950617284,5.960367595079881,162.77096525096525,302.20559139784945,1.9436011156958115,1.9436011156958115,6.588177576700128,42.497200182398544,179.9157528957529,334.03713261648744,0.0144101857597476,0.003309005618905,0.3962564256241211,0.1915064281098906,4.049703602371181,1.691727737649602,9.822368421052632,0.4263374485596707,0.0080649599313814,0.5596707818930041,0.0457373109006079,0.1936943305528064,0.4358191662396114,0.4613899613899614,0.0168952354022338,0.4434137291280148,0.043475187332108,10.668310602161242,0.0185920671275756,0.0239919434461514,-7.901177201827757,1312000000.0,426100000.0,-1429400000.0,6036900000.0,1037999999.5,356650000.0,457250000.0,65.37819872048635,50.64294830887046,74.60753031269942,1.3766056844848245,1.7771477176070314,1.2063125481139338,0.0280076531200295,0.0740396530359355,2022-10-25,0.5,amc,1346308950.0,2025-04-25,2022-09-30,0.1599999999999999,28.2025,3556678.65625
2022-06-30,JNPR,USD,1043604,2022-07-29,2022-07-29 16:14:04,2022,Q2,1269600000.0,575500000.0,694100000.0,0.5467076244,244300000,67200000.0,274300000.0,341500000.0,-8100000.0,585800000.0,1161300000.0,3300000.0,13400000.0,65400000.0,224300000.0,0.1766698173,63000000.0,0.0496219282,37700000.0,145500000.0,0.1146030246,31600000.0,113400000.0,0.0893194707,0.35,0.35,321000000,328100000,https://www.sec.gov/Archives/edgar/data/1043604/000104360422000140/0001043604-22-000140-index.htm,https://www.sec.gov/Archives/edgar/data/1043604/000104360422000140/jnpr-20220630.htm,3.955140186915888,0.3532710280373832,-0.8314641744548287,-0.9077881619937694,3.1654205607476635,13.23582554517134,0.992834890965732,13.23582554517134,5.496261682242991,9148500000.0,10177600000.0,20.16865079365079,7.205812854442344,-34.27688272761334,-31.394989704873023,2.1532468755148635,2.1532468755148635,8.01638311279143,45.37494427106554,-38.13263394529786,-34.92656142759094,0.0123954746679783,-0.0318522162103077,0.4121025254783816,0.1975962081029229,4.588051716451181,1.5754654084824862,4.701492537313433,-2.353615520282187,0.0073563972235885,0.5934744268077602,0.052930056710775,0.1924228103339634,0.4435165331226723,-0.0917946796553016,0.0192974165091367,0.4438405797101449,0.037177063642092,10.257010197347377,0.0071359878707001,0.0229973636179273,-8.13847352024922,1122100000.0,318700000.0,-1540300000.0,5873000000.0,948600000.0,339450000.0,355950000.0,74.3194706994329,56.39270199826238,61.756733275412685,1.210988172453262,1.595951192457016,1.4573309698657888,0.026690517099348,0.0763239875389408,2022-07-26,0.45,amc,1257336000.0,2025-04-25,2022-06-30,-0.0666666666666667,31.544516129032257,4022534.129032258
2022-03-31,JNPR,USD,1043604,2022-04-29,2022-04-29 16:38:21,2022,Q1,1168200000.0,518800000.0,649400000.0,0.5558979627,248600000,60200000.0,273300000.0,333500000.0,-12900000.0,582100000.0,1100900000.0,2600000.0,12500000.0,66400000.0,124500000.0,0.1065742167,58500000.0,0.0500770416,-12900000.0,45600000.0,0.0390344119,-10100000.0,55700000.0,0.0476801917,0.17,0.17,321800000,331100000,https://www.sec.gov/Archives/edgar/data/1043604/000104360422000076/0001043604-22-000076-index.htm,https://www.sec.gov/Archives/edgar/data/1043604/000104360422000076/jnpr-20220331.htm,3.630205096333126,0.173088875077688,0.6000621504039776,0.5223741454319453,4.060596643878185,13.259477936606588,0.9863269111249224,13.259477936606588,5.576755748912368,11958087999.999998,12726887999.999998,53.67184919210054,10.23633624379387,61.92691869497669,71.13675193337298,2.802523611989969,2.802523611989969,10.894442732408832,102.224,65.90827550491971,75.71022010707911,0.0046579352819614,0.0140574312548962,0.4176568468911856,0.2018713397297205,6.175100401606426,1.63490099009901,4.68,3.466786355475763,0.0056447151083015,1.2118491921005383,0.0515322718712549,0.2128060263653484,0.4473883936156957,0.1294665976178146,0.0214004451292586,0.4440497335701598,0.0386920047936997,7.186030385665288,0.0102528498231014,0.0114176779271892,-7.642013673088875,1179900000.0,317400000.0,-1522700000.0,5971900000.0,921600000.0,296000000.0,294800000.0,65.39291217257319,55.21781033153432,54.9922898997687,1.376295947219604,1.629908890983349,1.6365930599369083,0.0130539736108181,0.0776880049720323,2022-04-26,0.32,amc,1159187133.0,2025-04-25,2022-03-31,-0.03125,34.36290322580645,4528040.161290322
2021-12-31,JNPR,USD,1043604,2022-02-11,2022-02-11 17:01:13,2021,Q4,1299900000.0,549500000.0,750400000.0,0.577275175,254900000,62700000.0,278800000.0,341500000.0,7400000.0,596400000.0,1145900000.0,4400000.0,12300000.0,61200000.0,234800000.0,0.1806292792,153900000.0,0.1183937226,7400000.0,161300000.0,0.1240864682,28400000.0,132900000.0,0.1022386337,0.41,0.4,322600000,332200000,https://www.sec.gov/Archives/edgar/data/1043604/000104360422000017/0001043604-22-000017-index.htm,https://www.sec.gov/Archives/edgar/data/1043604/000104360422000017/jnpr-20211231.htm,4.029448233106014,0.411965282083075,0.3595784252944823,0.2650340979541227,3.837569745815251,13.381587104773711,0.8384996900185989,13.381587104773711,5.707687538747675,11520046000.0,12426546000.0,21.67051542513168,8.862255558119855,99.31074137931036,134.73738011695906,2.6685922768653434,2.6685922768653434,9.5596168936072,52.92396081771721,107.12539655172414,145.33971929824563,0.0115364122677982,0.0074218453641591,0.4236836618870022,0.2058062338246877,3.860732538330494,1.5755928590460964,12.51219512195122,0.872836719337848,0.0055728944137896,0.4830699774266365,0.0482344795753519,0.1960920070774675,0.4553167548103972,0.2629310344827586,0.0234633433341026,0.5249569707401033,0.0459266097392107,11.13718363827185,0.0180875706190957,0.0274552741395694,-7.594544327340359,1080100000.0,270500000.0,-1613500000.0,5990800000.0,884350000.0,271700000.0,247900000.0,68.84837295176551,44.828025477707,44.64786169244768,1.3072204344328238,2.0076726342710995,2.015774027879677,0.0307859806805809,0.0945443273403595,2022-01-27,0.53,amc,1268712240.0,2025-04-25,2021-12-31,0.0566037735849057,31.26640625,3359426.765625
2021-09-30,JNPR,USD,1043604,2021-10-29,2021-10-29 16:14:03,2021,Q3,1188800000.0,496600000.0,692200000.0,0.5822678331,251800000,55000000.0,263400000.0,318400000.0,-8300000.0,570200000.0,1066800000.0,3000000.0,12200000.0,68100000.0,192100000.0,0.1615915209,120100000.0,0.101026245,-8300000.0,111800000.0,0.0940444145,22900000.0,88900000.0,0.0747812921,0.27,0.27,324000000,331100000,https://www.sec.gov/Archives/edgar/data/1043604/000104360421000154/0001043604-21-000154-index.htm,https://www.sec.gov/Archives/edgar/data/1043604/000104360421000154/jnpr-20210930.htm,3.669135802469136,0.2743827160493827,0.4219135802469135,0.3342592592592592,4.110493827160494,13.530246913580246,1.032716049382716,13.530246913580246,5.737962962962963,8916480000.0,9752680000.0,25.07446569178853,7.500403768506056,65.22662765179224,82.33130193905818,2.033961403348693,2.033961403348693,8.203802153432033,50.76876626756898,71.34367227505487,90.05244690674054,0.0099703021820269,0.012146048664944,0.4213011542497377,0.2117664595133808,4.352941176470588,1.6714050393508633,9.844262295081966,1.5376827896512937,0.0072898722365776,0.7311586051743532,0.0462651413189771,0.2118102288021534,0.4642832572752081,0.2077542062911485,0.0238896366083445,0.4863013698630137,0.0461810228802153,9.139501227187171,0.0134843074360817,0.0190274388938829,-7.140354938271605,1100500000.0,334600000.0,-1598000000.0,6039200000.0,771300000.0,264750000.0,217350000.0,58.61961641991925,48.87837293596456,40.451067257349976,1.5353222265271858,1.841305153874676,2.224910394265233,0.0202792098179661,0.0876543209876543,2021-10-26,0.46,amc,1201830000.0,2025-04-25,2021-09-30,0.0,28.160625,2931299.65625
2021-06-30,JNPR,USD,1043604,2021-07-30,2021-07-30 16:27:01,2021,Q2,1172300000.0,490400000.0,681900000.0,0.5816770451,245800000,71000000.0,257800000.0,328800000.0,-10900000.0,574600000.0,1065000000.0,3400000.0,12600000.0,73600000.0,161000000.0,0.1373368592,85700000.0,0.0731041542,-10900000.0,74800000.0,0.063806193,12800000.0,62000000.0,0.0528874861,0.19,0.19,324500000,330400000,https://www.sec.gov/Archives/edgar/data/1043604/000104360421000131/0001043604-21-000131-index.htm,https://www.sec.gov/Archives/edgar/data/1043604/000104360421000131/jnpr-20210630.htm,3.6126348228043135,0.1910631741140215,0.7926040061633282,0.7266563944530047,4.074576271186441,13.377195685670262,0.8366718027734977,13.377195685670262,5.755624036979969,8875075000.0,9743475000.0,35.786592741935486,7.57065171031306,34.50651244167963,37.63814673452078,2.0445241770139835,2.0445241770139835,8.311417725838096,60.51847826086957,37.882873250388805,41.32092875318066,0.006985856457551,0.0265687895595248,0.4273537745628786,0.2126579086136139,5.393788819875776,1.5649062629368975,6.801587301587301,4.148387096774194,0.0072900792387669,1.043548387096774,0.0605647018681224,0.2096732918195001,0.4664924226792306,0.083203732503888,0.0182547129574341,0.3537190082644628,0.0430777104836645,7.583370823063613,0.010100925610848,0.0133218736570691,-7.32919876733436,955200000.0,271500000.0,-1736400000.0,5930600000.0,763600000.0,252300000.0,229300000.0,58.984048451761495,47.67944535073409,38.8152528548124,1.525836261876871,1.8876058506543496,2.318676122931442,0.0142827524246124,0.0659476117103235,2021-07-27,0.39,amc,1201830000.0,2025-04-25,2021-06-30,0.1025641025641025,26.613650793650795,3731031.1746031744
2021-03-31,JNPR,USD,1043604,2021-04-30,2021-04-30 16:11:16,2021,Q1,1074400000.0,458800000.0,615600000.0,0.5729709605,254700000,61100000.0,252700000.0,313800000.0,-5000000.0,568500000.0,1027300000.0,4100000.0,13700000.0,72100000.0,27800000.0,0.0258749069,27800000.0,0.0258749069,-65600000.0,-37800000.0,-0.0351824274,-6700000.0,-31100000.0,-0.0289463887,-0.1,-0.0953,311000000,326300000,https://www.sec.gov/Archives/edgar/data/1043604/000104360421000078/0001043604-21-000078-index.htm,https://www.sec.gov/Archives/edgar/data/1043604/000104360421000078/jnpr-20210331.htm,3.454662379421222,-0.1,0.5781350482315113,0.514790996784566,4.12604501607717,14.243086816720258,1.097106109324759,14.243086816720258,5.990032154340836,7877629999.999999,8737730000.0,-63.325,7.332120253164556,43.81329254727474,49.20443472829481,1.778406628137981,1.778406628137981,8.132660089352196,314.3068345323741,48.59694104560623,54.57670206121174,-0.0039478878799842,0.0203233713693077,0.4174643308650894,0.2122808830113303,30.93884892086331,1.6174037444796914,2.0291970802919708,-5.781350482315113,0.0082766009573945,-2.0964630225080385,0.0568689501116902,0.2370625465376024,0.4693322312911113,0.1095661846496106,0.0183358153387937,0.326158940397351,0.053518242740134,,0.0032199350694719,-0.0067276699764207,-7.413424437299035,992600000.0,341200000.0,-1681200000.0,6010400000.0,861500000.0,260900000.0,228650000.0,63.571295606850335,48.02092414995641,48.472101133391455,1.4157332981947557,1.8741830065359475,1.8567381626871715,-0.0070209499729095,0.0633440514469453,2021-04-27,0.25,amc,1056150000.0,2025-04-25,2021-03-31,0.1999999999999999,24.62704918032787,4864041.459016394
2020-12-31,JNPR,USD,1043604,2021-02-12,2021-02-12 16:45:13,2020,Q4,1222600000.0,505600000.0,717000000.0,0.5864550957,242500000,77200000.0,246100000.0,323300000.0,-3900000.0,565800000.0,1071400000.0,5900000.0,18500000.0,54400000.0,230200000.0,0.1882872567,98100000.0,0.0802388353,-58900000.0,39200000.0,0.0320628169,8400000.0,30800000.0,0.0251922133,0.09,0.09,328700000,332700000,https://www.sec.gov/Archives/edgar/data/1043604/000104360421000013/0001043604-21-000013-index.htm,https://www.sec.gov/Archives/edgar/data/1043604/000104360421000013/jnpr-20201231.htm,3.7195010648007294,0.0937024642531183,0.3827198052935808,0.2838454517797383,5.397018557955582,13.822634621235167,1.847277152418619,13.822634621235167,7.025555217523578,7399037000.000001,8327937000.000001,60.05711850649351,6.051886962211681,58.81587440381559,79.30371918542338,1.6284883900077034,1.6284883900077034,6.811661213806643,36.17696350999132,66.1998171701113,89.25977491961416,0.0041627038761936,0.0126097490795085,0.5041928029052493,0.2442660183615367,4.035186794092094,1.5136735921521447,5.302702702702702,4.084415584415584,0.0089335950070259,2.146103896103896,0.0631441190904629,0.1983477834123998,0.4197242570615143,0.2583465818759936,0.0265826926222803,0.5974264705882353,0.0421233436937673,5.3983641823986455,0.0100905352257022,0.005659683939728,-6.79228780042592,1110100000.0,607200000.0,-1563600000.0,5993300000.0,859050000.0,273300000.0,188300000.0,70.97088172746606,49.30775316455696,37.41693037974684,1.2681257131003008,1.825270758122744,2.4053282588011418,0.0067789149334213,0.0988743535138424,2021-01-28,0.54,amc,1199959259.0,2025-04-25,2020-12-31,0.0185185185185185,21.82046875,3456507.484375
2020-09-30,JNPR,USD,1043604,2020-11-02,2020-11-02 16:15:24,2020,Q3,1138200000.0,480400000.0,657800000.0,0.577930065,242400000,59800000.0,229300000.0,289100000.0,-13500000.0,531500000.0,1011900000.0,6100000.0,19100000.0,52000000.0,178300000.0,0.1566508522,125100000.0,0.1099103848,-13500000.0,111600000.0,0.0980495519,-33800000.0,145400000.0,0.1277455632,0.44,0.43,330900000,334500000,https://www.sec.gov/Archives/edgar/data/1043604/000104360420000088/0001043604-20-000088-index.htm,https://www.sec.gov/Archives/edgar/data/1043604/000104360420000088/jnpr-20200930.htm,3.4397098821396197,0.4394076760350559,0.3517679057116953,0.2789362345119371,5.56300997280145,13.783016016923542,3.23904502870958,13.783016016923542,5.71894832275612,7114350000.0,7646150000.0,12.23237620357634,6.250527148128624,61.11984536082475,77.07854821235102,1.559890808630065,1.559890808630065,6.71775610613249,42.88362310712283,65.68857388316151,82.84019501625136,0.0204375663272119,0.0129737783493924,0.4107393439747412,0.2154530921135864,2.9826135726303984,2.0235082578582846,6.549738219895288,0.8005502063273727,0.0093051368009726,0.4552957359009628,0.0525390968195396,0.2129678439641539,0.4012789400439348,0.2070446735395189,0.021173783166403,0.4634615384615385,0.0463011772974872,11.673395749604412,0.0226590356977408,0.0279309218740995,-4.969477183439105,1536900000.0,1071800000.0,-1095400000.0,5967200000.0,754350000.0,253800000.0,142200000.0,59.62045334739062,50.50791007493755,31.174021648626145,1.509549071618037,1.781899109792285,2.887019230769231,0.0318803718645851,0.0728316711997582,2020-10-27,0.43,amc,1138000000.0,2025-04-25,2020-09-30,0.0,23.7140625,3179305.265625
2020-06-30,JNPR,USD,1043604,2020-08-04,2020-08-04 16:26:28,2020,Q2,1086300000.0,466700000.0,619600000.0,0.5703765074,241000000,59100000.0,224200000.0,283300000.0,-4400000.0,524300000.0,991000000.0,9300000.0,19300000.0,52000000.0,147300000.0,0.1355979011,90500000.0,0.0833103194,-4400000.0,86100000.0,0.079259873,24900000.0,61200000.0,0.0563380282,0.18,0.18,331000000,333100000,https://www.sec.gov/Archives/edgar/data/1043604/000104360420000072/0001043604-20-000072-index.htm,https://www.sec.gov/Archives/edgar/data/1043604/000104360420000072/jnpr-10q20200630.htm,3.281873111782477,0.1848942598187311,0.2948640483383686,0.2283987915407855,5.612990936555891,13.487311178247737,2.918126888217522,13.487311178247737,5.744712990936556,7566660000.0,7988560000.0,30.90955882352941,6.965534382767191,77.52725409836064,100.08809523809524,1.694926416235468,1.694926416235468,7.353916965847372,54.23326544467074,81.85,105.66878306878309,0.0080881128529628,0.0099911982301306,0.4216114508433573,0.2153177372304524,2.8642226748133064,1.880097725991355,4.689119170984456,1.5947712418300657,0.0087621222573764,1.0833333333333333,0.0544048605357636,0.2218539998158888,0.4002059143167648,0.2254098360655737,0.0202522323483383,0.4230769230769231,0.0405044646966767,7.490583714775358,0.0090029007071046,0.0116724838358986,-5.420770392749245,1404900000.0,965900000.0,-1276000000.0,5859100000.0,714900000.0,237200000.0,107650000.0,62.52692626346313,45.89672166273837,22.755517463038352,1.439379886047436,1.960924369747899,3.955084745762712,0.0137087561319803,0.066465256797583,2020-07-28,0.35,amc,1055262857.0,2025-04-25,2020-06-30,0.0,23.00746031746032,3938491.523809524
2020-03-31,JNPR,USD,1043604,2020-05-05,2020-05-05 16:22:44,2020,Q1,998000000.0,418700000.0,579300000.0,0.5804609218,232500000,59300000.0,239200000.0,298500000.0,-11100000.0,531000000.0,949700000.0,15000000.0,20100000.0,54000000.0,102300000.0,0.10250501,39400000.0,0.0394789579,-11100000.0,28300000.0,0.0283567134,7900000.0,20400000.0,0.0204408818,0.06,0.06,330800000,335100000,https://www.sec.gov/Archives/edgar/data/1043604/000104360420000051/0001043604-20-000051-index.htm,https://www.sec.gov/Archives/edgar/data/1043604/000104360420000051/jnpr-10q20200331.htm,3.0169286577992747,0.0616686819830713,0.8228536880290206,0.7569528415961306,5.808948004836759,13.2729746070133,2.6689842805320434,13.2729746070133,5.703143893591294,6331512000.0,6799412000.0,77.59205882352941,6.344200400801603,23.26051432770022,25.28559105431309,1.442027922654702,1.442027922654702,6.813038076152305,66.46541544477029,24.97947097722263,27.15420127795527,0.0032219792049671,0.0395482153394007,0.4251030587377867,0.2167954004297578,4.573802541544477,1.9347217702570776,1.9601990049751243,13.34313725490196,0.0103450802904582,3.2107843137254903,0.0594188376753507,0.2329659318637274,0.4074336488762413,0.0800881704628949,0.0218436873747495,0.4037037037037037,0.0420841683366733,4.291486237331876,0.0040154691683248,0.003998667110963,-5.2667019347037485,1436200000.0,882900000.0,-1246100000.0,5912700000.0,777400000.0,227950000.0,93950000.0,60.8807615230461,50.81442560305708,20.914736087891093,1.4782995111835284,1.771150592216582,4.303186022610483,0.0046461839797754,0.0659008464328899,2020-04-28,0.25,amc,1084782608.0,2025-04-25,2020-03-31,-0.0799999999999999,22.447741935483872,4413719.693548387
2019-12-31,JNPR,USD,1043604,2020-02-20,2020-02-20 16:35:50,2019,Q4,1208100000.0,488800000.0,719300000.0,0.595397732,239600000,54900000.0,246500000.0,301400000.0,-4600000.0,541000000.0,1029800000.0,16100000.0,20400000.0,54800000.0,257600000.0,0.2132273818,178600000.0,0.1478354441,-4600000.0,174000000.0,0.1440278123,5600000.0,168400000.0,0.1393924344,0.5,0.49,336200000,340800000,https://www.sec.gov/Archives/edgar/data/1043604/000104360420000021/0001043604-20-000021-index.htm,https://www.sec.gov/Archives/edgar/data/1043604/000104360420000021/jnpr-10k20191231.htm,3.593396787626413,0.5008923259964307,0.284651992861392,0.2070196311719215,5.811421772754313,13.713860797144555,3.235276621058893,13.713860797144555,5.539559785841761,8280606000.0,8906806000.0,12.293061163895484,6.854238887509312,86.52670846394984,118.97422413793105,1.7959931462282566,1.7959931462282566,7.372573462461717,34.57611024844721,93.07007314524556,127.97135057471264,0.0203366758423236,0.0084051819395826,0.3995141630156595,0.2084252690179571,2.4309006211180124,2.079020661959972,8.754901960784315,0.5682897862232779,0.0076926737004513,0.3782660332541567,0.045443258008443,0.1983279529840245,0.3986218133677314,0.2727272727272727,0.0216041718400794,0.4762773722627737,0.0456088072179455,12.432066270099376,0.023698477340068,0.031685105742455,-4.664559785841761,1665900000.0,1087700000.0,-1017300000.0,6189400000.0,757750000.0,224250000.0,90350000.0,65.53513781971691,40.41530278232406,16.681669394435353,1.3733090826418095,2.226879271070615,5.39514348785872,0.0365245304298789,0.0776323616894705,2020-01-27,0.57,amc,1187270689.0,2025-04-25,2019-12-31,0.0175438596491228,24.60359375,3634058.0625
2019-09-30,JNPR,USD,1043604,2019-11-06,2019-11-06 16:15:55,2019,Q3,1133100000.0,454700000.0,678400000.0,0.5987114994,244500000,61200000.0,235300000.0,296500000.0,-20400000.0,541000000.0,995700000.0,19700000.0,22100000.0,53800000.0,191200000.0,0.1687406231,138500000.0,0.1222310476,-20400000.0,118100000.0,0.1042273409,18800000.0,99300000.0,0.0876356897,0.29,0.29,342200000,345500000,https://www.sec.gov/Archives/edgar/data/1043604/000104360419000113/0001043604-19-000113-index.htm,https://www.sec.gov/Archives/edgar/data/1043604/000104360419000113/jnpr-10q20190930.htm,3.3112215078901226,0.2901811805961426,0.5406195207481005,0.4579193454120397,6.5622443015780245,13.566335476329632,3.239041496201052,13.566335476329632,5.4739918176504965,8469450000.0,9115750000.0,21.32288519637462,7.474583002382843,45.78081081081081,54.048819400127634,1.824368860934,1.824368860934,8.044965139881741,47.67651673640167,49.274324324324326,58.17326100829611,0.0117244921452986,0.0185017917338197,0.3987377218679993,0.2114672820325351,3.3802301255230125,2.240143369175627,6.266968325791855,1.8630412890231625,0.0076392209647615,0.6515609264853978,0.0540111199364575,0.2157797193539846,0.4037196125022848,0.1529729729729729,0.0249757302974141,0.5260223048327137,0.0507457417703644,9.41146338301887,0.0157985351653287,0.0190244463177254,-3.9266510812390414,1764600000.0,1108400000.0,-923700000.0,6319200000.0,647600000.0,206150000.0,91100000.0,50.500397140587765,45.326588959753686,17.833736529579944,1.7821642025794275,1.985589519650655,5.04661487236404,0.0213897983801482,0.0827001753360607,2019-10-24,0.46,amc,1085887500.0,2025-04-25,2019-09-30,0.0434782608695651,25.14515625,3091398.234375
2019-06-30,JNPR,USD,1043604,2019-08-07,2019-08-07 15:27:45,2019,Q2,1102500000.0,465700000.0,636800000.0,0.5775963719,244000000,60000000.0,229000000.0,289000000.0,-4600000.0,533000000.0,998700000.0,19800000.0,22000000.0,53000000.0,156800000.0,0.1422222222,82400000.0,0.074739229,-4600000.0,77800000.0,0.0705668934,31600000.0,46200000.0,0.0419047619,0.13,0.13,346300000,349100000,https://www.sec.gov/Archives/edgar/data/1043604/000104360419000094/0001043604-19-000094-index.htm,https://www.sec.gov/Archives/edgar/data/1043604/000104360419000094/jnpr-10q20190630.htm,3.1836557897776494,0.1334103378573491,0.2564250649725671,0.1775916835114063,8.08605255558764,13.257868899797865,3.0242564250649724,13.257868899797865,5.716142073346809,9325859000.0,9902059000.0,50.46460497835498,8.458829024943311,105.02093468468468,151.6399837398374,2.031246515072312,2.031246515072312,8.981459410430839,63.15088647959184,111.50967342342342,161.0090894308943,0.0049539672431247,0.006594566784679,0.4263591217982226,0.2198622982489638,3.674744897959183,2.128071566074057,3.7454545454545456,1.922077922077922,0.0070234816975036,1.4177489177489178,0.0544217687074829,0.2213151927437641,0.3980434221019173,0.3074324324324324,0.0247619047619047,0.5150943396226415,0.0505215419501133,6.308452845728949,0.0065448102746341,0.0086203679516363,-2.804793531619983,1992400000.0,1047300000.0,-553500000.0,6583000000.0,652400000.0,201200000.0,92250000.0,53.82857142857143,35.424092763581704,17.799012239639254,1.6719745222929936,2.540643753409711,5.056460369163952,0.0100627286983795,0.0788333814611608,2019-07-25,0.4,amc,1102500000.0,2025-04-25,2019-06-30,0.0,26.736349206349207,3422542.111111111
2019-03-31,JNPR,USD,1043604,2019-05-09,2019-05-09 16:20:38,2019,Q1,1001700000.0,419400000.0,582300000.0,0.58131177,227600000,68200000.0,228500000.0,296700000.0,1800000.0,524300000.0,943700000.0,23500000.0,24200000.0,48700000.0,106700000.0,0.1065189178,42700000.0,0.0426275332,1800000.0,44500000.0,0.0444244784,13400000.0,31100000.0,0.0310472197,0.09,0.09,348100000,352700000,https://www.sec.gov/Archives/edgar/data/1043604/000104360419000045/0001043604-19-000045-index.htm,https://www.sec.gov/Archives/edgar/data/1043604/000104360419000045/jnpr-10q20190331.htm,2.8776213731686298,0.0893421430623384,0.4579143924159724,0.377765010054582,9.718471703533467,13.936225222637171,4.677966101694915,13.936225222637171,5.718184429761563,9468320000.0,9279020000.0,76.11189710610932,9.45225117300589,59.39974905897114,72.00243346007605,1.95174802110818,1.95174802110818,9.263272436857342,86.96363636363637,58.212170639899625,70.56288973384031,0.0032846376125859,0.0138884194873008,0.4053223944591029,0.2151807308024819,-1.774133083411434,2.894097105634276,1.7644628099173554,5.12540192926045,0.0069917366544434,2.1286173633440515,0.068084256763502,0.2272137366476989,0.3526849713829216,0.1750313676286072,0.0278526504941599,0.5728952772073922,0.0338424678047319,5.292879662411656,0.0039015299748862,0.0052577302158881,-1.0728239011778224,2820500000.0,1628400000.0,22900000.0,7119900000.0,700000000.0,213950000.0,86500000.0,57.9874213836478,47.01716738197425,19.82832618025751,1.552060737527115,1.9141944317663169,4.538961038961039,0.0064107849604221,0.0801493823613904,2019-04-25,0.21,amc,809065384.0,2025-04-25,2019-03-31,0.2380952380952382,26.927377049180325,3589769.606557377
2018-12-31,JNPR,USD,1043604,2019-02-22,2019-02-22 16:33:50,2018,Q4,1181000000.0,470100000.0,710900000.0,0.6019475021,231200000,53000000.0,224900000.0,277900000.0,-8400000.0,509100000.0,979200000.0,22900000.0,25500000.0,51300000.0,265300000.0,0.2246401355,196800000.0,0.166638442,-8400000.0,188400000.0,0.1595258256,-3800000.0,192200000.0,0.1627434378,0.56,0.55,345400000,350800000,https://www.sec.gov/Archives/edgar/data/1043604/000104360419000012/0001043604-19-000012-index.htm,https://www.sec.gov/Archives/edgar/data/1043604/000104360419000012/jnpr-10k20181231.htm,3.419224088013897,0.5564562825709323,0.614939200926462,0.5092646207295889,10.304284887087436,13.964099594672843,4.620440069484656,13.964099594672843,6.26664736537348,9294714000.0,8944714000.0,12.089898543184184,7.870206604572396,43.76042372881357,52.84089823763502,1.9270845082103167,1.9270845082103167,7.573847586790855,33.71546928006031,42.11258945386064,50.85113132461626,0.0206784200137841,0.0189247350698472,0.443481506054072,0.2284450994841562,-1.3192612137203166,2.486729986431479,7.7176470588235295,1.105098855359001,0.0067027344789737,0.3241415192507804,0.0448772226926333,0.1957662997459779,0.3446754883427851,0.1718455743879472,0.0309060118543607,0.7115009746588694,0.0312447078746824,13.22249017291346,0.0255084588094568,0.0313233376792698,-1.084973943254198,2739300000.0,1595900000.0,41700000.0,6918300000.0,701450000.0,196750000.0,77350000.0,57.50550381033023,39.974473516273136,15.430759412890875,1.5650675854757488,2.251436781609196,5.832506203473946,0.0398490628628296,0.1056745801968731,2019-01-29,0.57,amc,1140966101.0,2025-04-25,2018-12-31,0.0350877192982456,28.29714285714286,4374514.650793651
2018-09-30,JNPR,USD,1043604,2018-11-07,2018-11-07 16:13:21,2018,Q3,1179800000.0,468800000.0,711000000.0,0.602644516,253800000,67900000.0,224800000.0,292700000.0,-8100000.0,546500000.0,1015300000.0,18900000.0,25800000.0,48300000.0,212800000.0,0.1803695542,160100000.0,0.1357009663,-8100000.0,152000000.0,0.1288353958,-71800000.0,223800000.0,0.1896931683,0.65,0.64,346200000,350500000,https://www.sec.gov/Archives/edgar/data/1043604/000104360418000076/0001043604-18-000076-index.htm,https://www.sec.gov/Archives/edgar/data/1043604/000104360418000076/jnpr-10q20180930.htm,3.407856730213749,0.6464471403812825,0.598786828422877,0.5075101097631427,9.789139225880994,13.434142114384748,4.164067013287117,13.434142114384748,6.251010976314269,10358304000.0,9994904000.0,11.570938337801609,8.77971181556196,49.9676989869754,58.9544906089926,2.227161194607496,2.227161194607496,8.47169350737413,46.96853383458647,48.2146840328027,56.88619237336369,0.021605853622369,0.016962236288875,0.4597604764669203,0.2349702757051965,-1.7077067669172932,2.46521114622235,6.205426356589148,0.9262734584450402,0.0059951899461533,0.2774798927613941,0.0575521274792337,0.2151212069842346,0.3526587035592233,0.1524360829715388,0.026784200711985,0.6542443064182195,0.0450923885404305,13.978569739057534,0.0305760664388775,0.0379901544729248,-1.5514875794338532,2550200000.0,1441600000.0,-158700000.0,6727100000.0,675250000.0,183950000.0,76800000.0,49.45499237158841,35.45861774744027,14.225682593856655,1.819836495449637,2.538170005414185,6.326585695006748,0.0481197187641101,0.0912767186597342,2018-10-23,0.45,amc,983166666.0,2025-04-25,2018-09-30,0.2,27.935714285714287,4239311.285714285
2018-06-30,JNPR,USD,1043604,2018-08-08,2018-08-08 16:17:44,2018,Q2,1204100000.0,503200000.0,700900000.0,0.5820945104,248800000,54200000.0,238300000.0,292500000.0,-8900000.0,541300000.0,1044500000.0,16000000.0,25900000.0,55200000.0,214800000.0,0.1783904991,159800000.0,0.1327132298,-8900000.0,150900000.0,0.1253218171,34400000.0,116500000.0,0.0967527614,0.33,0.33,349000000,351300000,https://www.sec.gov/Archives/edgar/data/1043604/000104360418000063/0001043604-18-000063-index.htm,https://www.sec.gov/Archives/edgar/data/1043604/000104360418000063/jnpr-10q20180630.htm,3.450143266475645,0.333810888252149,0.4879656160458452,0.3816618911174785,8.94756446991404,12.658166189111748,3.444699140401146,12.658166189111748,6.1994269340974215,9569580000.0,9016880000.0,20.535579399141632,7.947496055144922,56.192483852025845,71.8436936936937,2.166190551644521,2.166190551644521,7.488481023170833,41.9780260707635,52.94703464474457,67.6942942942943,0.0121739930070076,0.0139191061676688,0.4838943341557824,0.2343712312246464,-2.573091247672253,2.269615703621786,6.1698841698841695,1.461802575107296,0.0065624614664384,0.5390557939914163,0.0450128726849929,0.2066273565318495,0.3525380988926653,0.2178508514386377,0.0308113944024582,0.6721014492753623,0.0470060626193837,9.75050040934777,0.0161016845070705,0.0197273727880789,-2.906017191977077,2296100000.0,1202200000.0,-598700000.0,6498700000.0,691050000.0,186200000.0,86050000.0,52.48567394734657,32.76629570747218,14.218998410174882,1.714753631444033,2.7467248908296944,6.329559748427673,0.0263711886275663,0.1063037249283667,2018-07-26,0.43,amc,1103758333.0,2025-04-25,2018-06-30,0.1162790697674418,26.04609375,5555761.078125
2018-03-31,JNPR,USD,1043604,2018-05-08,2018-05-08 16:17:42,2018,Q1,1082600000.0,464200000.0,618400000.0,0.5712174395,269400000,56000000.0,239400000.0,295400000.0,-14100000.0,564800000.0,1029000000.0,14900000.0,26000000.0,55700000.0,109300000.0,0.1009606503,55500000.0,0.051265472,-14100000.0,41400000.0,0.038241271,7000000.0,34400000.0,0.0317753556,0.1,0.1,355300000,360600000,https://www.sec.gov/Archives/edgar/data/1043604/000104360418000035/0001043604-18-000035-index.htm,https://www.sec.gov/Archives/edgar/data/1043604/000104360418000035/jnpr-10q20180331.htm,3.0470025330706445,0.096819589079651,0.763017168589924,0.6442443005910499,8.251899802983393,12.171967351533915,3.1092034900084435,12.171967351533915,6.087813115676893,8644449000.0,8167249000.0,62.8230305232558,7.984896545353778,31.88656953153818,37.765176933158585,1.998855180706176,1.998855180706176,7.544105856271938,74.7232296431839,30.126333456289192,35.68042376583661,0.0039794323501706,0.0264794204928503,0.4941383217332994,0.2353913091369719,-4.365965233302836,2.1424590163934427,2.1346153846153846,7.880813953488372,0.0071838008414417,1.805232558139535,0.051727323111029,0.2488453722519859,0.3546841438563639,0.1556621172998893,0.038980232772954,0.7576301615798923,0.0650286347681507,5.149360129034959,0.0060696441113197,0.0058718101903217,-3.562271320011258,2090700000.0,1104700000.0,-833100000.0,6324500000.0,765950000.0,203400000.0,93200000.0,56.52226122298171,36.68246445497631,17.95346833261525,1.5922929842623916,2.453488372093023,5.012958963282937,0.0079543089694082,0.1187728679988742,2018-05-01,0.26,amc,1005271428.0,2025-04-25,2018-03-31,0.0769230769230769,26.581803278688525,4531712.31147541
2017-12-31,JNPR,USD,1043604,2018-02-23,2018-02-23 16:06:18,2017,Q4,1239500000.0,488300000.0,751200000.0,0.6060508269,227900000,50800000.0,233600000.0,284400000.0,-2500000.0,512300000.0,1000600000.0,15900000.0,25600000.0,55900000.0,280800000.0,0.2265429609,202700000.0,0.1635336829,-2500000.0,200200000.0,0.1615167406,348300000.0,-148100000.0,-0.1194836628,-0.4,-0.4,370800000,371500000,https://www.sec.gov/Archives/edgar/data/1043604/000104360418000011/0001043604-18-000011-index.htm,https://www.sec.gov/Archives/edgar/data/1043604/000104360418000011/jnpr-10k20171231.htm,3.34277238403452,-0.3994066882416397,0.5776699029126213,0.4331175836030205,8.178532901833872,12.62378640776699,3.9282632146709817,12.62378640776699,5.830366774541532,10567800000.0,10697600000.0,-17.838960162052665,8.525857200484067,49.33613445378152,65.80199252801992,2.2576427610074985,2.2576427610074985,8.630576845502219,38.096866096866094,49.942110177404295,66.61021170610212,-0.0140142697628645,0.0151971081965972,0.4563865923219893,0.2172405377371921,0.4622507122507122,2.407375445863537,7.91796875,-1.3660714285714286,0.0034917390563788,-0.2491559756920999,0.0409842678499394,0.1838644614764017,0.3278793548780735,0.2502334267040149,0.0432432432432432,0.958855098389982,0.0293666801129487,,-0.0185223331932655,-0.0224071412360995,-3.8683926645091695,2446300000.0,1456600000.0,-968400000.0,6691700000.0,788150000.0,211500000.0,89350000.0,61.8636546994756,40.10649191071062,17.288552119598606,1.45481220657277,2.2440257352941178,5.205756929637527,-0.0316392146809374,0.1445523193096008,2018-01-30,0.52,amc,1216113207.0,2025-04-25,2017-12-31,0.0192307692307692,27.01301587301587,6804441.888888889
2017-09-30,JNPR,USD,1043604,2017-11-07,2017-11-07 16:11:15,2017,Q3,1257800000.0,485400000.0,772400000.0,0.6140880903,236400000,57400000.0,232500000.0,289900000.0,-5100000.0,526300000.0,1011700000.0,14700000.0,25300000.0,57600000.0,290500000.0,0.230958817,244100000.0,0.1940690094,-5100000.0,239000000.0,0.1900143107,64600000.0,174400000.0,0.1386547941,0.44,0.43,378300000,382700000,https://www.sec.gov/Archives/edgar/data/1043604/000104360417000110/0001043604-17-000110-index.htm,https://www.sec.gov/Archives/edgar/data/1043604/000104360417000110/jnpr-10q20170930.htm,3.3248744382765003,0.4610097805974095,0.5337034099920698,0.4456780333068993,8.685434840074015,13.657943431139309,5.121860956912503,13.657943431139309,5.712397568067671,10528089000.0,10300089000.0,15.091870699541282,8.370240896803944,52.14506686478455,62.44418149466192,2.0376420608500427,2.0376420608500427,8.188972014628717,35.4564165232358,51.01579494799406,61.09186832740213,0.0165652095076323,0.0160143023107042,0.4133506232097236,0.2192755498059508,-0.7848537005163512,2.721709814897271,9.648221343873518,1.157683486238532,0.0035808967800329,0.2161697247706422,0.0456352361265702,0.1879472094132612,0.3315468490112733,0.1649331352154532,0.0264747972650659,0.578125,0.0357767530608999,11.902521743459689,0.0218080373025638,0.0267870856756673,-1.854678826328311,2706700000.0,1937600000.0,-294200000.0,6943400000.0,737350000.0,208050000.0,86250000.0,51.82620448401971,38.0840543881335,15.741656365883808,1.7365732431312992,2.363193768257059,5.717314487632509,0.0337539676395447,0.0880253766851705,2017-10-24,0.55,amc,1257800000.0,2025-04-25,2017-09-30,0.0,27.997619047619047,3884829.047619048
2017-06-30,JNPR,USD,1043604,2017-08-08,2017-08-08 16:42:17,2017,Q2,1308900000.0,507000000.0,801900000.0,0.6126518451,240200000,55600000.0,239900000.0,295500000.0,-13000000.0,535700000.0,1042700000.0,12000000.0,25000000.0,56300000.0,322500000.0,0.2463900986,258200000.0,0.1972648789,-13000000.0,245200000.0,0.1873328749,65400000.0,179800000.0,0.1373672549,0.47,0.47,380400000,385600000,https://www.sec.gov/Archives/edgar/data/1043604/000104360417000095/0001043604-17-000095-index.htm,https://www.sec.gov/Archives/edgar/data/1043604/000104360417000095/jnpr-10q20170630.htm,3.440851735015773,0.4726603575184017,0.7852260778128286,0.7005783385909569,8.268138801261829,13.370662460567823,4.955573080967403,13.370662460567823,5.678233438485805,10605552000.0,10348052000.0,14.74631813125695,8.102644969057987,35.50569802477402,39.79569230769231,2.085162203609768,2.085162203609768,7.905914890365956,32.08698294573644,34.64362905925678,38.82946341463415,0.0169533844160115,0.0251283478691161,0.4197632810349573,0.21890924750587,-0.7984496124031008,2.4779411764705883,10.328,1.6612903225806452,0.0035641709172705,0.2102335928809788,0.0424784169913668,0.1835128734051493,0.3282203242112602,0.1078004686976899,0.0246008098403239,0.5719360568383659,0.0336924134769653,11.924558575669453,0.02343196574639,0.0274428401355352,-2.405099894847529,2472300000.0,1885100000.0,-521600000.0,6699600000.0,710650000.0,206300000.0,91200000.0,51.597524639009855,37.40236686390533,15.550295857988166,1.744269722814499,2.406264831514001,5.787671232876712,0.0353505564075341,0.0846477392218717,2017-07-25,0.54,amc,1240010526.0,2025-04-25,2017-06-30,0.0555555555555553,29.07206349206349,6222840.555555556
2017-03-31,JNPR,USD,1043604,2017-05-08,2017-05-08 16:15:34,2017,Q1,1221000000.0,474400000.0,746600000.0,0.6114660115,276200000,50500000.0,244200000.0,294700000.0,-15700000.0,570900000.0,1045300000.0,10400000.0,25300000.0,55800000.0,231500000.0,0.1895986896,156300000.0,0.128009828,-15700000.0,140600000.0,0.1151515152,31800000.0,108800000.0,0.0891072891,0.29,0.28,380900000,388000000,https://www.sec.gov/Archives/edgar/data/1043604/000104360417000067/0001043604-17-000067-index.htm,https://www.sec.gov/Archives/edgar/data/1043604/000104360417000067/jnpr-10q20170331.htm,3.205565765292728,0.2856392754003675,1.4316093462851145,1.3473352585980571,7.834864793909163,13.175111577841951,4.760042005775794,13.175111577841951,5.669992123917039,10600447000.0,10492847000.0,24.35764476102941,8.681774774774775,19.439660737208875,20.65558651597817,2.1123160768372387,2.1123160768372387,8.593650286650286,45.32547300215983,19.24233816247937,20.445921667965703,0.0102637181243394,0.0484130527703218,0.4253148413837079,0.2214567337621913,-0.4647948164146868,2.523568810817642,6.177865612648222,5.0119485294117645,0.0035847544919568,0.3492647058823529,0.0413595413595413,0.2262080262080262,0.3325689977173687,0.0588666788923528,0.0262899262899262,0.5752688172043011,0.0507780507780507,9.20189707610935,0.0150146579178167,0.0169135821661199,-2.847794696770806,2411200000.0,1813100000.0,-625800000.0,6666900000.0,862500000.0,211450000.0,91200000.0,49.45208845208845,38.3031197301855,17.984822934232714,1.81994335966612,2.3496780584447747,5.0042194092827,0.021680216802168,0.0842740876870569,2017-04-25,0.42,amc,1114826086.0,2025-04-25,2017-03-31,0.0952380952380953,27.89741935483871,3710933.241935484
2016-12-31,JNPR,USD,1043604,2017-02-24,2017-02-24 17:25:56,2016,Q4,1385600000.0,517100000.0,868500000.0,0.6268042725,263000000,52900000.0,254500000.0,307400000.0,-15100000.0,570400000.0,1087500000.0,9900000.0,25100000.0,54800000.0,362800000.0,0.2618360277,298000000.0,0.2150692841,-15100000.0,282900000.0,0.2041714781,85500000.0,197400000.0,0.142465358,0.52,0.51,379900000,385600000,https://www.sec.gov/Archives/edgar/data/1043604/000104360417000045/0001043604-17-000045-index.htm,https://www.sec.gov/Archives/edgar/data/1043604/000104360417000045/jnpr-10k20161231.htm,3.6472755988418006,0.5196104237957357,0.8786522769149776,0.7423006054224796,6.805738352197947,13.085022374309029,4.630429060279021,13.085022374309029,5.682548038957621,10735974000.0,11036474000.0,13.596724924012156,7.748249133949192,32.16289394847214,38.07082978723404,2.159721182860592,2.159721182860592,7.965122690531178,30.420270121278943,33.06313361294188,39.13643262411348,0.0183867807429488,0.0262668296327841,0.4292295312814323,0.2209599751462745,0.8282800441014333,2.302417251173845,11.872509960159364,1.6909827760891591,0.0035488163440038,0.1930091185410334,0.0381784064665127,0.1898094688221709,0.3326153368197587,0.1551827441581785,0.0373845265588914,0.9452554744525548,0.0451068129330254,12.36851104535451,0.0262168562015251,0.0306302951308071,-3.331468807580942,2246800000.0,1759100000.0,-713600000.0,6522500000.0,903850000.0,214700000.0,93650000.0,68.467811778291,38.46451363372655,15.24656739508799,1.3144862916231856,2.339819004524887,5.90296803652968,0.0397103198551599,0.136351671492498,2017-01-26,0.63,amc,1322618181.0,2025-04-25,2016-12-31,0.0476190476190476,26.065873015873017,4494851.031746032
2016-09-30,JNPR,USD,1043604,2016-11-08,2016-11-08 17:29:43,2016,Q3,1285300000.0,485800000.0,799500000.0,0.6220337664,251800000,54000000.0,242900000.0,296900000.0,-13400000.0,548700000.0,1034500000.0,9100000.0,25100000.0,53300000.0,304100000.0,0.2365984595,250000000.0,0.194507119,-13400000.0,236600000.0,0.1840815374,64200000.0,172400000.0,0.1341321092,0.45,0.45,381000000,384500000,https://www.sec.gov/Archives/edgar/data/1043604/000104360416000308/0001043604-16-000308-index.htm,https://www.sec.gov/Archives/edgar/data/1043604/000104360416000308/jnpr-10q20160930.htm,3.373490813648294,0.45249343832021,0.6440944881889764,0.5233595800524934,6.093700787401575,12.526246719160104,4.228083989501313,12.526246719160104,5.6645669291338585,9166860000.0,9610960000.0,13.293010440835266,7.132078114058975,37.35476772616136,45.97221664994985,1.920766893661603,1.920766893661603,7.477600560180503,31.60460374876685,39.16446617766911,48.19939819458375,0.0188068760731591,0.0217522684976098,0.4469565217391304,0.2332480426890609,1.4603748766853009,2.2735348713869,9.9601593625498,1.4234338747099768,0.0041453671158935,0.2204176334106728,0.0420135376954796,0.1959075702170699,0.3457114114508157,0.1874490627546862,0.0357893098887419,0.8630393996247655,0.0425581576285692,11.292962413025208,0.0238534451414594,0.0288120863694097,-3.768897637795275,1921000000.0,1610900000.0,-943300000.0,6149600000.0,751950000.0,218400000.0,102300000.0,52.76900334552244,38.608480856319474,18.470564018114448,1.7055467091295118,2.331094049904031,4.872617853560682,0.0361236249345206,0.1207349081364829,2016-10-25,0.52,amc,1152337931.0,2025-04-25,2016-09-30,0.1153846153846152,23.15328125,3371362.5
2016-06-30,JNPR,USD,1043604,2016-08-04,2016-08-04 16:42:50,2016,Q2,1221300000.0,464900000.0,756400000.0,0.6193400475,247900000,58600000.0,243700000.0,302300000.0,-11600000.0,550200000.0,1015100000.0,8500000.0,25000000.0,51600000.0,257800000.0,0.2110865471,203800000.0,0.1668713666,-11600000.0,192200000.0,0.1573732908,52200000.0,140000000.0,0.1146319496,0.37,0.36,382800000,386300000,https://www.sec.gov/Archives/edgar/data/1043604/000104360416000291/0001043604-16-000291-index.htm,https://www.sec.gov/Archives/edgar/data/1043604/000104360416000291/jnpr-10q20160630.htm,3.1904388714733543,0.3657262277951933,0.9258098223615464,0.7492163009404389,6.123301985370951,12.215778474399164,4.194096133751306,12.215778474399164,5.636102403343783,8609172000.0,8984772000.0,15.373521428571427,7.04918693195775,24.2922460496614,30.018033472803346,1.8410615456994992,1.8410615456994992,7.356728076639646,34.851714507370055,25.35206546275395,31.32765690376569,0.0162617264470961,0.0333133081787656,0.4560326761045293,0.2353025555016109,1.456943366951125,2.183461878872171,8.152,2.531428571428572,0.0044255126973883,0.2721428571428571,0.04798165888807,0.2029804306886105,0.3388246458048285,0.1907449209932279,0.0553508556456235,1.310077519379845,0.0455252599688856,10.026050472296353,0.01984354120275,0.023364096059812,-3.728905433646813,1872000000.0,1605500000.0,-932800000.0,6009300000.0,767100000.0,230700000.0,97900000.0,55.29108327192336,44.21596042159604,20.3075930307593,1.627748900439824,2.035464098073555,4.431839847473785,0.0299388392284333,0.1765935214211076,2016-07-26,0.47,amc,1148022000.0,2025-04-25,2016-06-30,0.0638297872340426,23.27296875,4386503.9375
2016-03-31,JNPR,USD,1043604,2016-05-09,2016-05-09 17:22:23,2016,Q1,1097900000.0,407000000.0,690900000.0,0.6292922853,251000000,59400000.0,231800000.0,291200000.0,-22200000.0,542200000.0,949200000.0,7900000.0,22500000.0,47000000.0,195700000.0,0.1782493852,148700000.0,0.1354403862,-22200000.0,126500000.0,0.1152199654,35100000.0,91400000.0,0.0832498406,0.24,0.23,383200000,389300000,https://www.sec.gov/Archives/edgar/data/1043604/000104360416000243/0001043604-16-000243-index.htm,https://www.sec.gov/Archives/edgar/data/1043604/000104360416000243/jnpr-10q20160331.htm,2.865083507306889,0.238517745302714,0.4498956158663883,0.3212421711899791,5.859603340292275,12.103601252609604,4.243736951983299,12.103601252609604,5.621868475991649,9775432000.0,10261232000.0,26.73805251641138,8.903754440295108,56.70204176334107,79.41049553208774,2.10763717901727,2.10763717901727,9.346235540577466,52.433479816044965,59.5199071925754,83.35688058489033,0.0093499704156297,0.012592793852998,0.4596278648584549,0.2390526705316393,2.4823709759836485,2.1607602454959416,6.608888888888889,1.886214442013129,0.0039179854148645,0.4190371991247265,0.0541032880954549,0.2286182712451042,0.3377440371396212,0.2859628770301624,0.0449039074596957,1.048936170212766,0.0471809818744876,8.059515048583867,0.0145142329653581,0.0154763114226692,-3.6555975991649263,1758900000.0,1626200000.0,-1005400000.0,5818100000.0,782300000.0,196150000.0,78750000.0,64.25995081519264,51.52334152334153,20.100737100737103,1.4005612960836842,1.7467811158798283,4.477447744774477,0.0197063452706927,0.1286534446764091,2016-04-28,0.39,amc,1127572972.0,2025-04-25,2016-03-31,-0.0512820512820513,25.00934426229508,6853747.606557377
2015-12-31,JNPR,USD,1043604,2016-02-19,2016-02-19 16:06:03,2015,Q4,1319600000.0,477200000.0,842400000.0,0.6383752652,247200000,60300000.0,255900000.0,316200000.0,-18500000.0,563400000.0,1040600000.0,5500000.0,21400000.0,45000000.0,327000000.0,0.2478023644,279100000.0,0.2115034859,-18500000.0,260600000.0,0.1974840861,62800000.0,197800000.0,0.1498939072,0.52,0.51,383100000,390900000,https://www.sec.gov/Archives/edgar/data/1043604/000104360416000219/0001043604-16-000219-index.htm,https://www.sec.gov/Archives/edgar/data/1043604/000104360416000219/jnpr-10k20151231.htm,3.4445314539284784,0.5163142782563299,0.3054032889584965,0.1607935264943878,5.084834246932916,11.940485512920908,4.069955625163143,11.940485512920908,5.142521534847298,10573560000.0,11101360000.0,13.363953488372095,8.012700818429828,90.37230769230769,171.6487012987013,2.311463798530955,2.311463798530955,8.412670506214004,33.94911314984709,94.8834188034188,180.2168831168831,0.0187070390672583,0.0058258524092169,0.4260012242042672,0.2260882680527195,1.614067278287462,1.616293911981797,13.042056074766355,0.5915065722952477,0.0036222426505358,0.1936299292214358,0.0456956653531373,0.1873294937859957,0.3498236495266382,0.4735042735042735,0.0419824189148226,1.231111111111111,0.0424371021521673,11.777668321521167,0.0297647707741957,0.0352962169878658,-3.8579352649438783,1110500000.0,1559200000.0,-1132400000.0,5146700000.0,679100000.0,184200000.0,65100000.0,53.245680509245226,30.04400670578374,12.560771165129925,1.6902779556807992,2.9956057752667924,7.165165165165165,0.0432406435816719,0.1446097624641086,2016-01-27,0.59,amc,1256761904.0,2025-04-25,2015-12-31,0.0677966101694916,29.600625,5913093.78125
2015-09-30,JNPR,USD,1043604,2015-11-05,2015-11-05 17:05:21,2015,Q3,1248600000.0,451200000.0,797400000.0,0.6386352715,247000000,57100000.0,235300000.0,292400000.0,-8400000.0,539400000.0,990600000.0,5700000.0,21600000.0,42500000.0,300500000.0,0.2406695499,258000000.0,0.2066314272,-8400000.0,249600000.0,0.1999038924,51900000.0,197700000.0,0.1583373378,0.52,0.51,382800000,389200000,https://www.sec.gov/Archives/edgar/data/1043604/000104360415000170/0001043604-15-000170-index.htm,https://www.sec.gov/Archives/edgar/data/1043604/000104360415000170/jnpr-10q20150930.htm,3.261755485893417,0.5164576802507836,0.7654127481713688,0.5796760710553814,5.181295715778474,11.56765935214211,3.677115987460815,11.56765935214211,5.146812957157785,9841788000.0,10336888000.0,12.445356600910472,7.882258529553099,33.58972013651877,44.35235691753042,2.222575822587566,2.222575822587566,8.27878263655294,34.39896173044925,35.27948122866894,46.58354213609734,0.0200878133119713,0.0225467161048378,0.4400532959960254,0.2290880447689251,1.6475873544093178,1.6704709205141506,11.944444444444445,1.4820435002529084,0.003911890806833,0.1947395042994436,0.045731218965241,0.197821560147365,0.3551064555191102,0.2426621160409556,0.0569437770302739,1.6729411764705882,0.0451705910619894,11.593948705515237,0.0289006159590172,0.0360411273562547,-4.256726750261233,1163200000.0,1407600000.0,-1179700000.0,5143600000.0,555250000.0,215850000.0,64850000.0,41.62662181643441,41.70877659574468,12.686170212765958,2.162077922077922,2.157819225251076,7.09433962264151,0.0446466881958402,0.1857366771159874,2015-10-22,0.53,amc,1160978947.0,2025-04-25,2015-09-30,0.0754716981132074,26.42296875,5651007.078125
2015-06-30,JNPR,USD,1043604,2015-08-06,2015-08-06 17:06:49,2015,Q2,1222200000.0,440700000.0,781500000.0,0.6394207167,251600000,56300000.0,232400000.0,288700000.0,-17100000.0,540300000.0,981000000.0,6700000.0,21800000.0,41500000.0,282700000.0,0.2313042055,243100000.0,0.1989036164,-17100000.0,226000000.0,0.184912453,68000000.0,158000000.0,0.1292750777,0.41,0.4,389900000,397200000,https://www.sec.gov/Archives/edgar/data/1043604/000104360415000141/0001043604-15-000141-index.htm,https://www.sec.gov/Archives/edgar/data/1043604/000104360415000141/jnpr-10q20150630.htm,3.134649910233393,0.4052321107976404,0.6750448833034112,0.5734803795845088,4.73967684021544,10.894844832008207,3.1336240061554244,10.894844832008207,5.053603488073865,10125703000.0,10744003000.0,16.021681962025315,8.284816723940436,38.471515957446805,45.28489713774597,2.3836961792885893,2.3836961792885893,8.79070774014073,38.00496285815352,40.82068009118541,48.05010286225402,0.0156038548632129,0.0220824173886988,0.4587207796793709,0.2352586082001255,2.187124159886806,1.547177304964539,11.15137614678899,1.6658227848101266,0.0038219568557363,0.2449367088607595,0.0460644738995254,0.2058582883325151,0.3653474670401314,0.1504559270516717,0.03240058910162,0.9542168674698795,0.0481917853051873,9.966753322018542,0.0249193377403356,0.0300568797915041,-4.498845857912285,964400000.0,1221800000.0,-1308000000.0,4911700000.0,520300000.0,223100000.0,62550000.0,39.24889543446245,45.45949625595643,13.498978897208984,2.293058161350844,1.979784366576819,6.667170953101362,0.0371948492196144,0.1015645037189022,2015-07-23,0.4,amc,922415094.0,2025-04-25,2015-06-30,0.325,26.255873015873014,5332876.46031746
2015-03-31,JNPR,USD,1043604,2015-05-08,2015-05-08 17:13:37,2015,Q1,1067400000.0,404500000.0,662900000.0,0.6210417838,248700000,55200000.0,225800000.0,281000000.0,-15800000.0,529700000.0,934200000.0,3800000.0,18500000.0,47500000.0,182000000.0,0.1705077759,131800000.0,0.1234776091,-15800000.0,116000000.0,0.1086752857,35800000.0,80200000.0,0.0751358441,0.2,0.19,407100000,414200000,https://www.sec.gov/Archives/edgar/data/1043604/000104360415000082/0001043604-15-000082-index.htm,https://www.sec.gov/Archives/edgar/data/1043604/000104360415000082/jnpr-10q20150331.htm,2.62196020633751,0.1970031933185949,0.5386882829771555,0.4301154507492016,5.426185212478506,11.341439449766645,3.894129206583149,11.341439449766645,4.8319823139277815,9192318000.0,9330118000.0,28.654357855361592,8.611877459246768,41.916634746922014,52.49753283837807,1.990928938078014,1.990928938078014,8.740976203859846,51.26438461538461,42.54499772001824,53.28451170759566,0.0087246764091494,0.0190485142050133,0.4220398085378268,0.2248401910783929,0.7571428571428571,1.7519769543605963,7.124324324324324,2.7344139650872816,0.0044384887467992,0.5087281795511222,0.0517144463181562,0.2329960652051714,0.3498257678905222,0.2015503875968992,0.0414090312909874,0.9305263157894736,0.0430953719317968,7.090257064433851,0.0126629414687745,0.014232980762405,-3.513387374109556,1331300000.0,1585300000.0,-947800000.0,5275300000.0,553250000.0,229100000.0,56750000.0,42.79932546374368,49.75030902348579,13.127317676143388,2.102836879432624,1.809033989266548,6.8559322033898304,0.0173702107383422,0.1085728322279538,2015-04-23,0.31,amc,1034043750.0,2025-04-25,2015-03-31,0.032258064516129,23.073934426229503,4815089.68852459
2014-12-31,JNPR,USD,1043604,2015-02-20,2015-02-20 17:06:56,2014,Q4,1101600000.0,426500000.0,675100000.0,0.6128358751,233500000,40600000.0,243000000.0,283600000.0,7400000.0,517100000.0,943600000.0,3100000.0,16700000.0,44200000.0,-1090300000.0,-0.9897421932,-701800000.0,-0.6370733479,7400000.0,-694400000.0,-0.630355846,75200000.0,-769600000.0,-0.6986201888,-1.81,-1.81,425300000,426100000,https://www.sec.gov/Archives/edgar/data/1043604/000104360415000022/0001043604-15-000022-index.htm,https://www.sec.gov/Archives/edgar/data/1043604/000104360415000022/jnpr-10k20141231.htm,2.5901716435457325,-1.809546202680461,0.6839877733364684,0.5617211380202211,4.636256759934164,11.56618857277216,4.409122972019751,11.56618857277216,3.211145074065365,9492696000.0,9202096000.0,-3.08364604989605,8.61718954248366,32.63216225507047,39.7350188363332,1.9297627614807584,1.9297627614807584,8.353391430646333,-8.439966981564707,31.63319353729804,38.51861029719548,-0.0810728585430314,0.0251667176532357,0.2742371572035535,0.160535992669372,0.2665321471154728,1.945342671990574,-42.02395209580838,-0.3779885654885654,0.0044455231685497,-0.0548336798336798,0.0368554829339143,0.2119644153957879,0.3622353655198677,0.178755586112066,0.0472040668119099,1.1764705882352942,0.0495642701525054,,-0.1131281645414782,-0.1436035229138677,-2.435398542205502,1444200000.0,1875200000.0,-512100000.0,5392400000.0,607950000.0,238400000.0,49150000.0,48.9297385620915,49.5052754982415,11.500586166471278,1.83937218233428,1.817988064791134,7.825688073394495,-0.1564513833831392,0.1222666353162473,2015-01-27,0.31,amc,832917073.0,2025-04-25,2014-12-31,0.3225806451612902,21.2440625,6668065.484375
2014-09-30,JNPR,USD,1043604,2014-11-10,2014-11-10 17:00:53,2014,Q3,1125900000.0,411100000.0,714800000.0,0.6348698819,253200000,55000000.0,249200000.0,304200000.0,-6800000.0,557400000.0,968500000.0,2700000.0,16900000.0,46300000.0,203700000.0,0.1809219291,172400000.0,0.1531219469,-6800000.0,165600000.0,0.1470823341,62000000.0,103600000.0,0.0920152767,0.23,0.23,448400000,454800000,https://www.sec.gov/Archives/edgar/data/1043604/000104360414000178/0001043604-14-000178-index.htm,https://www.sec.gov/Archives/edgar/data/1043604/000104360414000178/jnpr-10q20140930.htm,2.5109277430865298,0.2310437109723461,-0.1750669045495093,-0.2700713648528099,4.2716324710080285,13.805530776092777,4.8793487957181085,13.805530776092777,3.045941123996432,9932060000.0,9665060000.0,23.96732625482625,8.821440625277555,-126.52305732484076,-82.01535920726673,1.6044294391315583,1.6044294391315583,8.584297006838973,47.44752086401571,-123.12178343949044,-79.81056977704377,0.0104308673125212,-0.012192838142339,0.2179019126389247,0.1409656181419166,-1.3107511045655376,2.11407867494824,10.201183431952662,-0.7577220077220077,0.0044099612769153,0.4227799227799227,0.0488498090416555,0.2248867572608579,0.4182777719719929,-0.5426751592356688,0.0378363975486277,0.9200863930885528,0.0579980460076383,8.471589219571301,0.0132825254039646,0.0186113356687325,-2.182314897413024,1614300000.0,2187900000.0,-315300000.0,6505600000.0,588900000.0,244250000.0,39600000.0,49.32054356514788,53.02359523230357,9.588907808319144,1.824797406807131,1.6973575557390586,9.385844748858448,0.0167355905918842,0.0950044603033006,2014-10-23,0.35,amc,1094625000.0,2025-04-25,2014-09-30,0.0285714285714286,23.44609375,5931118.203125
2014-06-30,JNPR,USD,1043604,2014-08-11,2014-08-11 15:44:21,2014,Q2,1229500000.0,481300000.0,748200000.0,0.6085400569,255500000,60600000.0,258000000.0,318600000.0,178600000.0,574100000.0,1055400000.0,2100000.0,17800000.0,47500000.0,235400000.0,0.1914599431,115900000.0,0.0942659618,178600000.0,294500000.0,0.2395282635,73400000.0,221100000.0,0.1798291989,0.47,0.46,470300000,476500000,https://www.sec.gov/Archives/edgar/data/1043604/000104360414000149/0001043604-14-000149-index.htm,https://www.sec.gov/Archives/edgar/data/1043604/000104360414000149/jnpr-10q20140630.htm,2.6142887518605145,0.4701254518392515,0.9036785030831384,0.816500106315118,5.571550074420583,14.05804805443334,5.176908356368275,14.05804805443334,2.9060174356793538,11541162000.0,10730262000.0,13.049708276797828,9.386874339162262,27.155675294117646,30.055109375,1.7456192997050592,1.7456192997050592,8.727337942252948,45.58310110450297,25.24767529411765,27.943390625,0.0191575163748676,0.0332722129712762,0.2040232927474854,0.1330630444003827,-3.4447748513169074,2.222878932316492,6.51123595505618,1.922207146087743,0.0,0.0,0.0492883285888572,0.2078080520536803,0.4120229252365028,0.0964705882352941,0.0333468889792598,0.8631578947368421,0.048230988206588,12.19440606816456,0.0101606236001654,0.0370942035064172,-0.9934084626833936,1924200000.0,2434700000.0,-28100000.0,6990900000.0,579350000.0,234250000.0,45050000.0,41.05083367222448,46.05651360897569,6.619571992520258,2.192403708987161,1.9541209906617945,13.596045197740112,0.0334417303183846,0.0871783967680204,2014-07-22,0.38,amc,1168025000.0,2025-04-25,2014-06-30,0.0526315789473684,24.845079365079364,6896178.952380952
2014-03-31,JNPR,USD,1043604,2014-05-08,2014-05-08 15:24:25,2014,Q1,1170100000.0,450000000.0,720100000.0,0.6154174857,264000000,74900000.0,273400000.0,348300000.0,154200000.0,612300000.0,1062300000.0,2100000.0,15400000.0,48100000.0,164300000.0,0.1404153491,-6200000.0,-0.0052986924,154200000.0,148000000.0,0.1264849158,37400000.0,110600000.0,0.0945218357,0.23,0.22,486200000,496500000,https://www.sec.gov/Archives/edgar/data/1043604/000104360414000097/0001043604-14-000097-index.htm,https://www.sec.gov/Archives/edgar/data/1043604/000104360414000097/jnpr-10q20140331.htm,2.40662278897573,0.2274784039489921,0.2591526120937885,0.1412998765939942,6.08288770053476,12.977169888934595,4.3667215137803375,12.977169888934595,2.806046894282189,12524512000.0,11294012000.0,28.310379746835444,10.703796256730191,99.4008888888889,182.30730713246,1.9850244868848563,1.9850244868848563,9.652176737031024,68.74018259281802,89.63501587301587,164.39609898107716,0.008830683383113,0.0054852436565991,0.2137887312782312,0.1387243407791353,-7.48934875228241,2.682569314803291,-0.4025974025974026,1.139240506329114,0.0276657485736769,3.132911392405063,0.0640116229382104,0.2256217417314759,0.4305401291702662,0.4547619047619047,0.0489701734894453,1.1912681912681913,0.0519613708230065,8.149882368321009,-0.000559752968147,0.0199739940764285,0.0394385026737967,2433500000.0,2123100000.0,465700000.0,7525600000.0,588100000.0,211300000.0,46100000.0,45.98837706178959,44.44,10.94,1.9570162234487367,2.025202520252025,8.226691042047532,0.0175291227514066,0.1178527354997943,2014-04-22,0.29,amc,1170100000.0,2025-04-25,2014-03-31,0.0,26.11409836065574,9831441.475409836
2013-12-31,JNPR,USD,1043604,2014-02-26,2014-02-25 18:45:12,2013,Q4,1273600000.0,470000000.0,803600000.0,0.6309673367,258700000,48200000.0,283200000.0,331400000.0,-10200000.0,590100000.0,1060100000.0,2600000.0,15000000.0,54800000.0,255000000.0,0.2002198492,195400000.0,0.1534233668,-10200000.0,185200000.0,0.1454145729,33400000.0,151800000.0,0.1191896985,0.3,0.3,498200000,505600000,https://www.sec.gov/Archives/edgar/data/1043604/000104360414000038/0001043604-14-000038-index.htm,https://www.sec.gov/Archives/edgar/data/1043604/000104360414000038/jnpr-10k20131231.htm,2.556403050983541,0.3046969088719389,0.7836210357286231,0.6830590124448013,5.712364512244078,14.657165796868728,6.297872340425532,14.657165796868728,2.03592934564432,11244374000.0,9959674000.0,18.51840250329381,8.828811243718594,28.8021875,33.04253305906553,1.5398611377393117,1.5398611377393117,7.820095791457287,39.05754509803921,25.511460040983607,29.267334704672347,0.0135000845756286,0.0302640235908197,0.1368491687436663,0.096775130737943,-5.0380392156862746,2.569654502566949,13.026666666666667,2.5718050065876152,0.0001245067088661,0.0092226613965744,0.0378454773869346,0.203125,0.4033120278907612,0.1283299180327868,0.0393373115577889,0.9142335766423356,0.0501727386934673,10.024212936705393,0.0180267513632563,0.0246372577660921,0.5511340826977118,2262500000.0,3137600000.0,680100000.0,7309400000.0,563800000.0,203000000.0,46350000.0,40.86604899497488,38.37446808510639,7.180851063829787,2.2023171364343765,2.345309381237525,12.533333333333331,0.0207882555942044,0.1005620232838217,2014-01-23,0.37,amc,1095888372.0,2025-04-25,2013-12-31,0.1621621621621621,20.281875,7352669.0
2013-09-30,JNPR,USD,1043604,2013-11-08,2013-11-08 16:42:02,2013,Q3,1185600000.0,439100000.0,746500000.0,0.6296390013,264600000,61100000.0,268700000.0,329800000.0,-7500000.0,595500000.0,1034600000.0,2300000.0,14200000.0,41400000.0,197700000.0,0.1667510121,145000000.0,0.1223009447,-7500000.0,137500000.0,0.1159750337,38400000.0,99100000.0,0.0835863698,0.2,0.19,501500000,508600000,https://www.sec.gov/Archives/edgar/data/1043604/000104360413000088/0001043604-13-000088-index.htm,https://www.sec.gov/Archives/edgar/data/1043604/000104360413000088/jnpr-10q20130930.htm,2.3641076769690925,0.1976071784646061,0.3517447657028913,0.2705882352941176,5.673379860418744,14.579661016949151,6.257427716849452,14.579661016949151,2.020937188434696,9959790000.0,8687590000.0,25.125605449041373,8.400632591093117,56.46139455782313,73.39565217391305,1.36217158800279,1.36217158800279,7.327589406207827,43.943297926150734,49.24937641723356,64.02056005895358,0.0099500089861332,0.0136247852615366,0.1366713623370762,0.0979926846249644,-6.435002529084471,2.6277309724403826,10.211267605633802,1.7800201816347123,0.0,0.0,0.0515350877192982,0.2231781376518218,0.4092687566804279,0.2307256235827664,0.0343286099865047,0.9830917874396136,0.0584514170040485,8.051305963750167,0.0118795346813671,0.0164505901296459,0.7951645064805584,2279800000.0,3138100000.0,794400000.0,7321600000.0,529200000.0,206000000.0,52650000.0,41.69787449392712,42.140742427693006,11.314051468913688,2.158383397050792,2.1357003891050583,7.954710144927536,0.0135536195412831,0.0811565304087736,2013-10-22,0.31,amc,1113745454.0,2025-04-25,2013-09-30,0.0645161290322581,20.60828125,4956669.5
2013-06-30,JNPR,USD,1043604,2013-08-08,2013-08-08 16:10:35,2013,Q2,1150700000.0,430200000.0,720500000.0,0.6261406101,257700000,48800000.0,266200000.0,315000000.0,-12600000.0,573900000.0,1004100000.0,1700000.0,14900000.0,42100000.0,183600000.0,0.1595550534,138500000.0,0.1203615191,-12600000.0,125900000.0,0.1094116625,28000000.0,97900000.0,0.0850786478,0.19,0.19,503000000,506300000,https://www.sec.gov/Archives/edgar/data/1043604/000104360413000072/0001043604-13-000072-index.htm,https://www.sec.gov/Archives/edgar/data/1043604/000104360413000072/jnpr-10q20130630.htm,2.287673956262425,0.1946322067594433,0.5654075546719682,0.4047713717693837,5.552286282306163,14.150298210735588,5.837574552683897,14.150298210735588,2.016302186878728,9798440000.0,8547840000.0,25.021552604698677,8.515199443816806,34.45302390998593,48.125933202357565,1.3766494323929417,1.3766494323929417,7.428382723559572,46.55686274509804,30.05569620253165,41.983497053045184,0.0099913863839549,0.0207788178526377,0.1403984489153647,0.0997693713121873,-6.811546840958606,2.5610885117127227,9.295302013422818,2.905005107252298,0.0,0.0,0.0424089684539845,0.2239506387416355,0.4174578927926039,0.2841068917018284,0.0702181280959416,1.919239904988124,0.0534457286868862,7.871933355843568,0.0125371379361266,0.0167786385137451,0.5987574552683896,2225800000.0,2936300000.0,753100000.0,7267300000.0,520850000.0,215100000.0,52100000.0,39.81837142608847,43.17991631799163,10.481171548117157,2.2602632095855437,2.0843023255813957,8.58682634730539,0.0137546363942902,0.1606361829025845,2013-07-23,0.25,amc,991982758.0,2025-04-25,2013-06-30,0.1599999999999999,17.80734375,7514561.609375
2013-03-31,JNPR,USD,1043604,2013-05-08,2013-05-08 16:22:59,2013,Q1,1059200000.0,388400000.0,670800000.0,0.6333081571,262200000,47800000.0,255200000.0,303000000.0,-10100000.0,566400000.0,954800000.0,2100000.0,14300000.0,51600000.0,143000000.0,0.1350075529,87000000.0,0.0821374622,-10100000.0,76900000.0,0.0726019637,-14100000.0,91000000.0,0.0859138973,0.18,0.18,504700000,512700000,https://www.sec.gov/Archives/edgar/data/1043604/000104360413000038/0001043604-13-000038-index.htm,https://www.sec.gov/Archives/edgar/data/1043604/000104360413000038/jnpr-10q20130331.htm,2.098672478700218,0.1803051317614424,-0.0176342381612839,-0.1593025559738458,5.264117297404399,13.981375074301566,5.681394888052308,13.981375074301566,2.0081236378046365,9357138000.0,8312638000.0,25.70642307692308,8.834155966767371,-1051.3638202247191,-116.38231343283582,1.326049827107307,1.326049827107307,7.848034365558912,58.13033566433566,-934.0042696629214,-103.39101990049753,0.0097251958878879,-0.0085923708723757,0.1416019500028343,0.1016438802083333,-7.304195804195804,2.486478893025216,6.083916083916084,-0.0978021978021978,0.0,0.0,0.0451283987915407,0.2475453172205438,0.4261271158854167,-8.03370786516854,0.0675037764350453,1.3856589147286822,0.0471110271903323,7.531305178188377,0.012246408884065,0.0161307476867444,0.6128393104814741,2116300000.0,2867400000.0,766000000.0,7144300000.0,485500000.0,216550000.0,58300000.0,45.25490936555891,51.85890834191554,12.536045314109163,1.9887345099511828,1.7354781054512958,7.179297597042514,0.0128960943257184,0.1416683178125619,2013-04-23,0.21,amc,1059200000.0,2025-04-25,2013-03-31,0.0,20.83233333333333,6732934.366666666
2012-12-31,JNPR,USD,1043604,2013-02-26,2013-02-26 17:25:49,2012,Q4,1140800000.0,407800000.0,733000000.0,0.6425315568,275100000,50700000.0,263800000.0,314500000.0,9000000.0,590800000.0,998600000.0,2700000.0,12300000.0,49145000.0,201366000.0,0.1765129734,130900000.0,0.1147440393,-2800000.0,139900000.0,0.1226332398,44200000.0,95700000.0,0.0838884993,0.19,0.19,507600000,513100000,https://www.sec.gov/Archives/edgar/data/1043604/000104360413000022/0001043604-13-000022-index.htm,https://www.sec.gov/Archives/edgar/data/1043604/000104360413000022/juniper201210k.htm,2.2474389282899923,0.1885342789598108,0.305021670606777,0.123875098502758,5.61327817178881,13.78940110323089,5.541371158392435,13.78940110323089,1.9927107959022847,9984492000.0,8575892000.0,26.08278996865204,8.75218443197756,64.48722138617443,158.7889756516484,1.426457889849275,1.426457889849275,7.517436886395512,42.5885799986095,55.389442546293004,136.38721989853528,0.0095848642074128,0.0062976664210858,0.1427530537895563,0.1016263056722368,-6.995222629440918,2.5321378340365683,10.642276422764228,1.617908607375362,6.009319252296461e-06,0.0006269592476489,0.0444424964936886,0.2411465638148667,0.4258195095656065,0.593880991287162,0.0806013323983169,1.8709939973547665,0.0497002103786816,7.64819801465798,0.010647133757507,0.0169518546072908,0.7422182821118991,2178700000.0,2812800000.0,768100000.0,7177300000.0,417741000.0,216771000.0,145937000.0,34.58625525946704,46.19176066699362,13.793526238352134,2.602189781021898,1.948399426660296,6.5248,0.0136724051717979,0.1811465721040189,2013-01-24,0.22,amc,896342857.0,2025-04-25,2012-12-31,0.2727272727272728,17.800967741935484,7851472.774193549
2012-09-30,JNPR,USD,1043604,2012-11-08,2012-11-08 16:59:23,2012,Q3,1118311000.0,444480000.0,673831000.0,0.6025434785,288178000,49442000.0,261026000.0,310468000.0,-3956000.0,599794000.0,1044274000.0,2600000.0,12800000.0,48028000.0,99600000.0,0.0890628814,42769000.0,0.0382442809,-4000000.0,38813000.0,0.0347068034,21999000.0,16814000.0,0.0150351736,0.03,0.03,521200000,524500000,https://www.sec.gov/Archives/edgar/data/1043604/000104360412000023/0001043604-12-000023-index.htm,https://www.sec.gov/Archives/edgar/data/1043604/000104360412000023/juniper10q093012.htm,2.1456465848042976,0.0322601688411358,0.332388718342287,0.0401074443591711,6.038407521105142,13.583806600153492,5.706354566385265,13.583806600153492,1.941567536454336,8740524000.0,7031729000.0,129.95902224336862,7.815825830202868,50.4529759121686,418.1268656716418,1.2345582128510653,1.2345582128510653,6.287811708907451,70.59968875502008,40.58928890966919,336.3819843092231,0.001923683294045,0.0023916186260686,0.1411245670830579,0.1003097807219127,-17.156576305220884,2.625047526270125,3.341328125,10.303378137266565,0.0,0.0,0.0442113150992881,0.2576903920286932,0.4121971039076585,0.879335723067865,0.1362206041074441,3.171837261597401,0.0528609662249588,3.140041022756145,0.0021903551063478,0.0028717992862688,1.3027676515732924,2440498000.0,2974152000.0,1061585000.0,7314756000.0,401919000.0,211902500.0,114687000.0,31.95656664380481,45.40537257019438,46.44451943844492,2.8163225731712846,1.9821442905432525,1.9377959140966283,0.0023748990095877,0.2922812739831159,2012-10-23,0.17,amc,864140909.0,2025-04-25,2012-09-30,0.2941176470588234,17.458253968253967,8439391.142857144
2012-06-30,JNPR,USD,1043604,2012-08-08,2012-08-08 16:13:35,2012,Q2,1073759000.0,405886000.0,667873000.0,0.6219952522,268734000,48775000.0,259455000.0,308230000.0,1236000.0,578200000.0,984086000.0,2900000.0,13500000.0,46431000.0,149500000.0,0.1392304977,86718000.0,0.0807611391,2800000.0,89488000.0,0.0833408614,31769000.0,57719000.0,0.0537541478,0.11,0.11,527800000,531800000,https://www.sec.gov/Archives/edgar/data/1043604/000104360412000014/0001043604-12-000014-index.htm,https://www.sec.gov/Archives/edgar/data/1043604/000104360412000014/juniper10q063012.htm,2.03440507768094,0.1093577112542629,0.4017885562713149,0.2355854490337249,6.515378931413414,13.658436907919668,5.830697233800682,13.658436907919668,1.9185449033724893,8608418000.0,6563216000.0,37.285893726502536,8.017085770643133,40.59349064433378,69.23178009039584,1.194133714564575,1.194133714564575,6.112373446928035,43.901110367892976,30.94922287611287,52.78358076916891,0.0067049485747555,0.0144442335397746,0.1385932406269286,0.0994505329882769,-13.68028093645485,2.9105214193704656,6.423555555555556,3.6740761274450353,0.0,0.0,0.0454245319480442,0.2502740372839715,0.4112448178584692,0.4136581409385845,0.081696172046055,1.889298098253322,0.0616516369129385,5.797175733934505,0.006509049560235,0.0097584026509772,1.7175558923834786,2776492000.0,3077442000.0,1392398000.0,7619926000.0,428871500.0,197491500.0,0.0,34.09334869370129,44.25052847351227,0.0,2.639811090678441,2.033874014722168,0.0,0.0080066051475372,0.16620310723759,2012-07-24,0.16,amc,904252631.0,2025-04-25,2012-06-30,0.1875,18.594285714285714,9789710.222222222
2012-03-31,JNPR,USD,1043604,2012-05-09,2012-05-09 17:16:54,2012,Q1,1032498000.0,398443000.0,634055000.0,0.6140980418,269602000,54666000.0,257719000.0,312385000.0,1178000.0,583165000.0,981608000.0,2800000.0,14200000.0,43396000.0,80900000.0,0.0783536627,47709000.0,0.0462073534,-24400000.0,23278000.0,0.0225453221,7008000.0,16270000.0,0.0157578998,0.03,0.03,527200000,533700000,https://www.sec.gov/Archives/edgar/data/1043604/000104360412000010/0001043604-12-000010-index.htm,https://www.sec.gov/Archives/edgar/data/1043604/000104360412000010/juniper10q033112.htm,1.958455993930197,0.0308611532625189,0.1939795144157814,0.0384578907435508,6.507014415781487,13.605764415781486,5.752486722306525,13.605764415781486,2.133230273141123,12062336000.0,10259680000.0,185.34628149969268,11.682672508808734,117.9505994172061,594.9364241676942,1.6816401710925717,1.6816401710925717,9.936755325434044,126.81928306551298,100.3234701660376,506.02614056720097,0.0013488266286065,0.0016808518681621,0.1548090543944277,0.1116577608719456,-22.28252163164401,3.109314234146313,3.359788732394366,6.285556238475722,0.0,0.0,0.0529453810080019,0.2611162442929671,0.4163135670978337,0.8017425146187394,0.0794103233129749,1.88936768365748,0.0587778378263202,3.07368111065642,0.0038845345233356,0.0028028648827904,1.8905050265553869,2870262000.0,3032711000.0,1458954000.0,7657924000.0,514193500.0,260160000.0,0.0,39.31129164414846,44.141320088444274,0.0,2.2894185419978847,2.0389059461672296,0.0,0.0022682410425042,0.1555216236722306,2012-04-24,0.13,amc,838906250.0,2025-04-25,2012-03-31,0.2307692307692307,22.126612903225805,10417185.241935484
2011-12-31,JNPR,USD,1043604,2012-02-24,2012-02-24 17:30:07,2011,Q4,1120757000.0,421822000.0,698935000.0,0.6236276017,250465000,45493000.0,253201000.0,298694000.0,1227000.0,550386000.0,972208000.0,2500000.0,13900000.0,44052000.0,180436000.0,0.1609947562,133185000.0,0.1188348589,-10701000.0,122484000.0,0.1092868481,26321000.0,96163000.0,0.0858018286,0.18,0.18,526124000,533335000,https://www.sec.gov/Archives/edgar/data/1043604/000104360412000006/0001043604-12-000006-index.htm,https://www.sec.gov/Archives/edgar/data/1043604/000104360412000006/juniper201110k.htm,2.130214550182086,0.1827763036850628,0.4630182238407676,0.3139507036364051,6.7507716812006295,13.47526058495716,5.77506443347956,13.47526058495716,2.131446198994914,10738190840.0,8935275840.0,27.916638520012896,9.581194531910128,44.08033841669916,65.01020626358391,1.5146274813256153,1.5146274813256153,7.972536276820042,49.52047174621472,36.6793614252581,54.09515755825569,0.0089552329096062,0.0153822000801766,0.1562141643503819,0.1109299847152693,-9.9919916202975,3.026966604690929,9.581654676258992,2.5332508345205538,0.0,0.0,0.040591314620386,0.22347841682006,0.4057823558517681,0.3219474148724369,0.0699777025706732,1.7803504948696995,0.0067490098210406,7.444230129469969,0.0122769742398351,0.0162093544070841,2.0729542845412867,2972958000.0,3038400000.0,1545499000.0,7622797000.0,510700000.0,293747000.0,0.0,46.36687524592753,69.32070873496404,0.0,1.9410408728784203,1.298313327177593,0.0,0.0135638418665611,0.1490675202043624,2012-01-26,0.28,amc,1120800000.0,2025-04-25,2011-12-31,0.0,21.43523809523809,10075948.333333334
2011-09-30,JNPR,USD,1043604,2011-11-04,2011-11-04 16:37:01,2011,Q3,1105796000.0,394192000.0,711604000.0,0.6435219516,257096000,44455000.0,254933000.0,299388000.0,1263000.0,557747000.0,951939000.0,2200000.0,14000000.0,43337000.0,178306000.0,0.1612467399,137026000.0,0.1239161654,-15957000.0,121069000.0,0.1094858364,37398000.0,83663000.0,0.0756586206,0.16,0.16,529286000,536583000,https://www.sec.gov/Archives/edgar/data/1043604/000104360411000013/0001043604-11-000013-index.htm,https://www.sec.gov/Archives/edgar/data/1043604/000104360411000013/juniper10q093011.htm,2.089222084090643,0.1580676609621263,0.3498373280230348,0.213908926364952,6.338435174933779,13.108572680932426,5.440584107646905,13.108572680932426,2.124822874589541,9135476360.0,7523666360.0,27.2984364653431,8.261448187549965,49.33721652157007,80.68854485554544,1.3166956021921588,1.3166956021921588,6.80384660461785,42.19525063654616,40.63244669590201,66.45233008593964,0.0091580336594511,0.0123933329296032,0.1600763254476964,0.1144152131245897,-9.03957242044575,3.0230851406327743,9.787571428571429,2.2130009202710617,0.0,0.0,0.0402018093753278,0.2324985802082843,0.4181024554006493,0.3885474498282603,0.0650617292882231,1.660128758335833,0.0533488997970692,6.827952255259839,0.0113542245777027,0.0148114563551279,1.7361823286465163,2764910000.0,2879625000.0,1362682000.0,7399884000.0,466018500.0,256331000.0,0.0,36.13686430408502,59.9541847627552,0.0,2.4905315315315315,1.5011462561977806,0.0,0.012058342644127,0.1359284016580828,2011-10-18,0.28,amc,1105800000.0,2025-04-25,2011-09-30,0.0,23.74453125,11873147.109375
2011-06-30,JNPR,USD,1043604,2011-08-08,2011-08-08 14:05:53,2011,Q2,1120544000.0,398378000.0,722166000.0,0.6444780392,257250000,44260000.0,246635000.0,290895000.0,1332000.0,549477000.0,947855000.0,2600000.0,15188000.0,41891000.0,214323000.0,0.1912669204,170920000.0,0.1525330554,-13688000.0,157232000.0,0.14031756,41714000.0,115560000.0,0.1031284805,0.22,0.21,532909000,546452000,https://www.sec.gov/Archives/edgar/data/1043604/000104360411000009/0001043604-11-000009-index.htm,https://www.sec.gov/Archives/edgar/data/1043604/000104360411000009/juniper10q063011.htm,2.102692955082388,0.2168475293155116,0.5973008524907629,0.481016458719969,6.511143553589825,13.064012805188128,5.436783766083891,13.064012805188128,2.102439628529449,16786633500.0,15053788500.0,36.31583917445483,14.980789241654051,52.737242661958426,65.48632469629942,2.4112040052111987,2.4112040052111987,13.434357330011135,70.23879145028765,47.29330017875824,58.7263242281675,0.0068840485496987,0.0152703637688879,0.1587520989150997,0.1128569177719412,-8.085203174647612,2.9985300990381627,11.253621279957862,2.75547533717689,0.0,0.0,0.0394986720735642,0.2295759916611931,0.4150485488940855,0.1946831203837804,0.0553026030213896,1.4792914945931106,0.0871880086814975,7.983747568930469,0.0150141094398414,0.0201728271529465,1.8852895147201487,2856595000.0,2897311000.0,1454756000.0,7465603000.0,479524500.0,239171500.0,0.0,39.19821979324328,56.49438473008048,0.0,2.296022637627885,1.5930786825983332,0.0,0.016598845435102,0.1162843937707938,2011-07-26,0.33,amc,1192790322.0,2025-04-25,2011-06-30,-0.0606060606060606,35.77730158730159,8596463.42857143
2011-03-31,JNPR,USD,1043604,2011-05-06,2011-05-06 13:54:52,2011,Q1,1101612000.0,365727000.0,735885000.0,0.6680074291,261979000,44924000.0,246291000.0,291215000.0,5645000.0,554738000.0,920465000.0,2400000.0,6500000.0,40758000.0,218189000.0,0.1980633835,177393000.0,0.1610303809,-6462000.0,170931000.0,0.1551644318,41271000.0,129750000.0,0.1177819414,0.24,0.24,530789000,548825000,https://www.sec.gov/Archives/edgar/data/1043604/000144530511000825/0001445305-11-000825-index.htm,https://www.sec.gov/Archives/edgar/data/1043604/000144530511000825/juniper10q033111.htm,2.0754235675569763,0.2444474169585277,0.4514976761010495,0.3498150865974992,6.4770370147082925,12.993579369580004,5.324268212039059,12.993579369580004,2.0856743451729405,22335601120.0,20491771120.0,43.03584030828516,20.27537928054524,93.20092267890674,120.29212464589236,3.238522565884798,3.238522565884798,18.6016230033805,93.91752618142986,85.50707748800333,110.36186904210516,0.0058091116197368,0.0083130961643892,0.1595733065926193,0.1135328099693615,-8.45060933410942,3.0663903104839627,27.29123076923077,1.8482955421872589,0.0,0.0,0.0407802384142511,0.2378142213410892,0.4199414052425802,0.2252117671604423,0.0489936565687374,1.3242062907895382,0.0431966972037341,8.453730275070146,0.0162319029270458,0.0230752239852859,1.8733395002533964,2900683000.0,2826063000.0,1507576000.0,7487914000.0,533817000.0,260272500.0,0.0,38.48095336652106,56.17509781886489,0.0,2.3388193931364807,1.602133391742416,0.0,0.0188129390682614,0.1016825895035503,2011-04-19,0.32,amc,1101600000.0,2025-04-25,2011-03-31,0.0,40.36403225806452,7078972.435483871
2010-12-31,JNPR,USD,1043604,2011-02-25,2011-02-25 15:42:47,2010,Q4,1189941000.0,397940000.0,792001000.0,0.6655800582,254942000,45068000.0,257690000.0,302758000.0,-1094000.0,556606000.0,954546000.0,0.0,0.0,42922000.0,278317000.0,0.2338914282,226798000.0,0.1905960043,4841000.0,231639000.0,0.1946642733,41556000.0,190233000.0,0.1598675901,0.36,0.36,523393000,530789000,https://www.sec.gov/Archives/edgar/data/1043604/000144530511000332/0001445305-11-000332-index.htm,https://www.sec.gov/Archives/edgar/data/1043604/000144530511000332/juniper10k123110.htm,2.273513401975189,0.3634611085742453,0.7089032524317291,0.6175569791724383,4.368421052631579,12.62684063409331,4.889614496181646,12.625694267978364,0.0,19323669560.0,17511782560.0,25.394739030557265,16.23918291747238,52.08044944547011,59.78395718152989,2.9241956296722256,2.9241956296722256,14.7165133061219,62.92027637549988,47.19711768431549,54.17830477221749,0.0098445587371139,0.0167268954272058,0.0,0.0,-6.510155685782759,2.1837108757208,0.0,1.9519630898081364,0.0,0.0,0.037874146701391,0.2142475971497746,0.4782334974954094,0.128855768323743,0.0401784626296597,1.1138809934299427,0.0405650364177719,10.161267085903978,0.0266028873636393,0.0430562751103889,1.671433320659619,1742394000.0,2559190000.0,1355319000.0,6285885000.0,535287500.0,271850500.0,0.0,45.12490955433925,66.10117103080866,0.0,1.994463831370617,1.3615492524035997,0.0,0.02878741563512,0.0913462732592908,2011-01-25,0.37,amc,1128879487.0,2025-04-25,2010-12-31,0.0540540540540541,33.96359375,6397165.125
2010-09-30,JNPR,USD,1043604,2010-11-05,2010-11-05 14:43:02,2010,Q3,1012407000.0,334620000.0,677787000.0,0.6694807523,231151000,43773000.0,204704000.0,248477000.0,917000.0,480545000.0,815165000.0,205000.0,2600000.0,39618000.0,237959000.0,0.2350428237,195536000.0,0.1931397155,205000.0,195741000.0,0.1933422033,61404000.0,134543000.0,0.1328941819,0.26,0.25,520581000,534880000,https://www.sec.gov/Archives/edgar/data/1043604/000095012310101603/0000950123-10-101603-index.htm,https://www.sec.gov/Archives/edgar/data/1043604/000095012310101603/f57093e10vq.htm,1.944763639087865,0.2584477727769549,0.2524314179733797,0.1480787812079196,4.032872886255933,12.134324917736144,4.820842481765566,12.132884219746783,0.1936259679089325,15799633350.0,14436917350.0,29.357962417219778,15.606009589028918,120.230675894712,204.95846705670212,2.5014662177855524,2.5014662177855524,14.259993609289545,60.669768111313296,109.86079818280052,187.28083010105465,0.0085155773567365,0.0048790372720896,0.0155471316461977,0.0124444660727417,-5.726684008589715,2.310515189394947,75.20615384615385,0.978218956802668,0.0,0.0,0.0432365639510592,0.2283182554051878,0.4824876056549718,0.4133900510611745,0.05365826194406,1.3711949114039073,0.0438469903902284,8.399620844953057,0.0201795015361481,0.0329468559521818,1.692155015261794,1626044000.0,2509639000.0,1292813000.0,5918106000.0,432749000.0,247329500.0,0.0,42.13302555197663,67.62533620225928,0.0,2.1360915533818754,1.3308621450815532,0.0,0.0213014290828161,0.1043526367654601,2010-10-19,0.32,amc,1012400000.0,2025-04-25,2010-09-30,0.0,27.72109375,6867680.859375
2010-06-30,JNPR,USD,1043604,2010-08-06,2010-08-06 17:05:24,2010,Q2,978300000.0,318362000.0,659938000.0,0.6745763058,224768000,45880000.0,202303000.0,248183000.0,1204000.0,474155000.0,792517000.0,833000.0,2035000.0,37479000.0,228557000.0,0.2336266994,184978000.0,0.189081059,4065000.0,189043000.0,0.1932362261,58700000.0,130511000.0,0.1334059082,0.25,0.24,524463000,538947000,https://www.sec.gov/Archives/edgar/data/1043604/000095012310074404/0000950123-10-074404-index.htm,https://www.sec.gov/Archives/edgar/data/1043604/000095012310074404/f55431e10vq.htm,1.8653365442366765,0.2488469157976826,0.4220373982530703,0.3355680000305074,4.239385809866473,11.767855883065154,4.646121842722938,11.766033066202954,0.1849224826155515,11968245660.0,10403109660.0,22.925741240201976,12.233717325973627,54.07103752998739,68.00410050399732,1.9394812059086195,1.9394812059086195,10.633864520085863,45.51647799017313,46.999948767297816,59.110928616479065,0.0109047728219843,0.0147049956192159,0.0153868616781904,0.012260587653388,-6.847902273831036,2.374497038948616,90.8982800982801,1.6981579371350974,0.0,0.0,0.0468976796483696,0.2297536542982725,0.4822996239699073,0.2048856299950755,0.0463559235408361,1.2100109394594307,0.0455923540836144,8.116567833339934,0.0195514651001134,0.0325525454818006,1.8009616502975423,1678287000.0,2436719000.0,1326784000.0,5879545000.0,397239500.0,236779000.0,0.0,36.02069917203312,68.75983942807245,0.0,2.498563383519136,1.3089035801799136,0.0,0.0211496019429417,0.0864693982225628,2010-07-20,0.29,amc,945690000.0,2025-04-25,2010-06-30,0.0344827586206896,27.471111111111117,8033402.063492063
2010-03-31,JNPR,USD,1043604,2010-05-05,2010-05-05 16:21:15,2010,Q1,912618000.0,300597000.0,612021000.0,0.6706212238,206994000,43138000.0,192375000.0,235513000.0,1137000.0,443644000.0,744241000.0,1459000.0,1600000.0,35269000.0,198600000.0,0.2176156946,160272000.0,0.1756178379,1459000.0,161731000.0,0.1772165353,-2879000.0,163115000.0,0.1787330515,0.31,0.3,521141000,536718000,https://www.sec.gov/Archives/edgar/data/1043604/000095012310044520/0000950123-10-044520-index.htm,https://www.sec.gov/Archives/edgar/data/1043604/000095012310044520/f55259e10vq.htm,1.751192095805166,0.3129959070577828,0.1699079519746095,0.0973613666934668,4.445299832482956,11.74600156195732,4.701316918070158,11.741925889538532,0.1807111702974818,15988605880.0,14357232880.0,24.50511277319682,17.5194943338834,180.5683585932736,315.1147220087112,2.6128592778237807,2.6128592778237807,15.731919466852506,72.29220986908358,162.14434169810042,282.96247225999724,0.0102019526420398,0.0031734474150412,0.015128777475614,0.0120561524782402,-8.214365558912387,2.387742679771056,100.17,0.5379138569953222,0.0,0.0,0.0472684080305231,0.2268134093344641,0.4781092198128989,0.426975809183927,0.0414269716354487,1.0719612123961553,0.0444446635941872,9.093482927296392,0.0253947101021686,0.040702829048118,2.036716550799112,1741828000.0,2450049000.0,1439568000.0,5871059000.0,430793000.0,236460500.0,0.0,39.73629711445533,68.96176608548988,0.0,2.2649317257913206,1.3050709851083229,0.0,0.0266562666126726,0.0725465852811427,2010-04-20,0.26,amc,878800000.0,2025-04-25,2010-03-31,0.0384615384615384,27.467377049180328,6599966.295081968
2009-12-31,JNPR,USD,1043604,2010-02-26,2010-02-26 16:18:38,2009,Q4,941454000.0,316621000.0,624833000.0,0.6636893571,187210000,-118263000.0,204875000.0,86612000.0,341947000.0,615769000.0,932390000.0,0.0,0.0,36570000.0,45634000.0,0.0484718319,5852000.0,0.0062159171,-1904000.0,3948000.0,0.0041935134,-17185000.0,22904000.0,0.0243283262,0.0439,0.0439,521141000,521141000,https://www.sec.gov/Archives/edgar/data/1043604/000095012310018160/0000950123-10-018160-index.htm,https://www.sec.gov/Archives/edgar/data/1043604/000095012310018160/f54104e10vk.htm,1.806524529829739,0.0439497180225697,0.4981473344066193,0.4216018313661753,4.174004731924757,11.176946354249615,4.130031987504341,11.171901654254798,0.3266774251114381,13898830470.0,12464352470.0,151.70745797677262,14.763154089312916,53.53837741954123,63.25873849640897,2.3872390596853115,2.3872390596853115,13.239470510508214,273.1374078537932,48.01275965408987,56.729896456302285,0.0016479084372917,0.0158080926646484,0.0292409864695706,0.0224293940802841,-31.434412937721877,2.092593682879229,0.0,12.28434202432215,0.0,0.0,-0.1256173960703337,0.1988519885198852,0.4838351451063026,0.1536603686369677,0.0423716931469832,1.0908121410992615,0.040590405904059,3.3237844948655315,0.0050406166726215,0.0058460978496498,1.446318750587653,1503174000.0,2152329000.0,1113461000.0,5631716651.0,415946500.0,243088000.0,0.0,43.84566850849856,68.95686009456101,0.0,2.052654299992151,1.305163835426706,0.0,0.0039339513882877,0.0765455030404439,2010-01-28,0.26,amc,764968750.0,2025-04-25,2009-12-31,0.2307692307692307,26.4115625,7718627.953125
2009-09-30,JNPR,USD,1043604,2009-11-06,2009-11-06 15:20:10,2009,Q3,823912000.0,286708000.0,537204000.0,0.6520162347,185204000,39877000.0,177345000.0,217222000.0,2330000.0,404756000.0,691464000.0,1733000.0,0.0,1330000.0,168896000.0,0.2049927662,127955000.0,0.1553017798,1733000.0,129688000.0,0.1574051598,45902000.0,83786000.0,0.1016928992,0.16,0.16,523878000,538132000,https://www.sec.gov/Archives/edgar/data/1043604/000095012309059246/0000950123-09-059246-index.htm,https://www.sec.gov/Archives/edgar/data/1043604/000095012309059246/f53313e10vq.htm,1.5727173120459343,0.1599341831495119,0.427477389773955,0.3629852751976605,3.946674607446772,11.371773580871883,4.357741687950248,11.371773580871883,0.3308842898537446,14155183560.0,12709936560.0,42.236124054137925,17.180455631183914,63.2080213980156,74.43828123685317,2.3760585635867324,2.3760585635867324,15.426327763159172,75.25303476695719,56.75447009546944,66.83811821623895,0.0059191037435052,0.0134339480087957,0.0290969818824316,0.0233790868017533,-8.557023256915498,2.4497802484886027,0.0,2.672833170219368,0.0,0.0,0.0483995863635922,0.2247861422093621,0.4955861172114387,0.1508667268002107,0.041006806552156,0.9269644424934153,0.0416962005651088,6.396994971774149,0.0130570300003936,0.0224029733017821,1.699788404933973,1570502000.0,2282925000.0,1196746000.0,5694813000.0,401185500.0,240057000.0,0.0,40.77096825874608,76.46333551906469,0.0,2.2074530933096845,1.177034710675945,0.0,0.0140641371385139,0.0644921145762944,2009-10-22,0.21,amc,752256521.0,2025-04-25,2009-09-30,0.0952380952380953,25.1678125,9285176.96875
2009-06-30,JNPR,USD,1043604,2009-08-07,2009-08-07 16:40:16,2009,Q2,786363000.0,285961000.0,500402000.0,0.6363498791,183894000,39175000.0,170575000.0,209750000.0,3539000.0,397183000.0,683144000.0,2898000.0,0.0,37819000.0,141038000.0,0.1793548272,95690000.0,0.1216868037,1273000.0,96963000.0,0.1233056489,82194000.0,14769000.0,0.0187814025,0.03,0.03,523105000,532850000,https://www.sec.gov/Archives/edgar/data/1043604/000095012309032159/0000950123-09-032159-index.htm,https://www.sec.gov/Archives/edgar/data/1043604/000095012309032159/f53167e10vq.htm,1.5032603397023545,0.0282333374752678,0.2842278318884354,0.1978245285363359,3.781470259316963,11.119811510117472,4.090255302472735,11.119811510117472,0.3078731803366437,12345278000.0,10952177000.0,208.97281467939604,15.699210161210535,83.03198122154141,119.29764309113574,2.1223381330274624,2.1223381330274624,13.927635201554498,77.65408613281527,73.66225005212502,105.83551887749678,0.0011963278591215,0.0083823952769633,0.0276869063883432,0.0222883067557442,-9.87748691841915,2.4439998304837336,0.0,10.06710000677094,0.0,0.0,0.0498179593902561,0.2338538308643718,0.508900791362904,0.3039931127716386,0.0574772719469252,1.1951135672545543,0.0426380691868768,2.657792561148552,0.0023645843943231,0.004161962888671,1.7033301153688074,1533304000.0,2139633000.0,1186216000.0,5658796000.0,395544000.0,226117500.0,0.0,49.11434032374362,74.44235402729743,0.0,1.832458695500198,1.208989172575033,0.0,0.0025390122350167,0.0864033033520994,2009-07-23,0.18,amc,745010526.0,2025-04-25,2009-06-30,0.0555555555555556,21.556666666666665,13454515.714285716
2009-03-31,JNPR,USD,1043604,2009-05-08,2009-05-08 16:12:27,2009,Q1,764183000.0,268512000.0,495671000.0,0.6486286662,185400000,39211000.0,181243000.0,220454000.0,4390000.0,410244000.0,678756000.0,0.0,0.0,37536000.0,122963000.0,0.160907793,81198000.0,0.1062546537,264000.0,81462000.0,0.1066001207,85922000.0,-4460000.0,-0.0058362984,-0.0085,-0.0085,524429000,524429000,https://www.sec.gov/Archives/edgar/data/1043604/000095013409010129/0000950134-09-010129-index.htm,https://www.sec.gov/Archives/edgar/data/1043604/000095013409010129/f52407e10vq.htm,1.457171514161116,-0.0085044877380922,0.3124636509422629,0.2472002883135753,4.228597198095453,11.116212108788798,4.095044324398536,11.116212108788798,0.1536566437020073,7892656450.0,5968255450.0,-442.4134781390135,10.32822825160989,48.16560247764929,60.88180601516519,1.3538784482261756,1.3538784482261756,7.809981967670048,48.53700259427633,36.42178287004546,46.0374999035784,-0.0005650822417337,0.0164252683264834,0.0138227520488316,0.0114039566700027,-15.650244382456512,2.766179928102582,0.0,-36.74103139013453,0.0,0.0,0.0513110079653695,0.242612044497195,0.5210909938999262,0.2088670551978763,0.0447877013751941,0.9118179880647912,0.0439187995545569,,-0.0007324803241917,-0.0013179513244524,2.388478707317864,1760839000.0,2147560000.0,1521335000.0,5878171000.0,395964000.0,232780000.0,0.0,42.62882058355133,72.30045584554881,0.0,2.111247713823151,1.2448054296125282,0.0,-0.0007650526685585,0.0652633626286875,2009-04-23,0.17,bmo,764200000.0,2025-04-25,2009-03-31,0.0,15.632459016393444,14139060.770491805
2008-12-31,JNPR,USD,1043604,2009-03-02,2009-03-02 14:09:29,2008,Q4,923493000.0,304270000.0,619223000.0,0.6705226786,180134000,144837000000.0,782940000000.0,244025000.0,5190000.0,429349000.0,733619000.0,0.0,0.0,32851000.0,222725000.0,0.2411767063,189874000.0,0.2056041573,-5101000.0,184773000.0,0.2000805637,52297000.0,132476000.0,0.1434510061,0.25,0.25,516666000,524429000,https://www.sec.gov/Archives/edgar/data/1043604/000095013409004211/0000950134-09-004211-index.htm,https://www.sec.gov/Archives/edgar/data/1043604/000095013409004211/f50665e10vk.htm,1.7874081127846615,0.2564054921361189,0.4163444081863331,0.3333584946561221,4.242547409738593,11.422088931727654,4.285054561360725,11.422088931727654,0.0,9046821660.0,7027737660.0,17.072567219722817,9.796307779268496,42.056527374239344,52.5260351264261,1.5329945428249714,1.5329945428249714,7.609952279010236,31.553429834998315,32.67028492266783,40.8031913374169,0.0146433747650553,0.0190381778787048,0.0,0.0,-9.065367605791897,2.6653221150661075,0.0,1.6237733627223043,0.0,0.0,156.83605614769144,0.195057244613657,0.5130496799859642,0.199320350888611,0.0464280725462997,1.3051657483790449,117.09130442786248,8.117600785308937,0.0222050591855466,0.0378516051130925,2.37778661649886,1759596000.0,2213942000.0,1530270000.0,5883492000.0,399287000.0,240491500.0,0.0,41.90318713839736,73.90429552699904,0.0,2.1478079866037167,1.217791190054992,0.0,0.0224482136033707,0.082985913530211,2009-01-29,0.32,bmo,923493000.0,2025-04-25,2008-12-31,0.0,17.12828125,10577176.234375
2008-09-30,JNPR,USD,1043604,2008-11-10,2008-11-10 14:39:37,2008,Q3,946962000.0,307579000.0,639383000.0,0.675193936,194014000,37623000000.0,200600000000.0,238223000.0,5190000.0,437427000.0,745006000.0,0.0,0.0,38859000.0,201956000.0,0.2132672694,201956000.0,0.2132672694,9740000.0,211696000.0,0.223552793,63188000.0,148508000.0,0.1568257227,0.27,0.27,540983000,554350000,https://www.sec.gov/Archives/edgar/data/1043604/000095013408020033/0000950134-08-020033-index.htm,https://www.sec.gov/Archives/edgar/data/1043604/000095013408020033/f50188e10vq.htm,1.7504468717131592,0.2745150956684406,0.3782447877290044,0.3026767939103447,3.735675612727202,10.678315215080696,3.8499638620806937,10.678315215080696,0.0,11398511810.0,9620014810.0,19.188380104102137,12.036926307497028,55.70466714559387,69.61220821653444,1.973157710332751,1.973157710332751,10.158818210234411,47.6342114619026,47.01313047345375,58.75069352583011,0.0130287183516108,0.0143652963412598,0.0,0.0,-8.806358810830082,2.647981928170583,0.0,1.377865165512969,0.0,0.0,39.73021092715442,0.2048804492682916,0.5283493343753415,0.1997859488623035,0.043170686891343,1.0520342777734888,0.0,8.121303544630441,0.0235776333460786,0.0450350951569108,2.001077667874961,1619546000.0,2082765000.0,1387450000.0,5740779000.0,396197500.0,232418000.0,0.0,35.032408903419565,67.63013729806,0.0,2.5690497118859263,1.3307676665411956,0.0,0.0257077160712347,0.0755679938186597,2008-10-23,0.29,bmo,858218749.0,2025-04-25,2008-09-30,0.103448275862069,24.53609375,13225424.40625
2008-06-30,JNPR,USD,1043604,2008-08-08,2008-08-08 13:54:06,2008,Q2,879034000.0,289281000.0,589753000.0,0.6709103402,186357000,35609000000.0,190338000000.0,225947000.0,16999000.0,429303000.0,718584000.0,0.0,0.0,40375000.0,160450000.0,0.1825299135,160450000.0,0.1825299135,11688000.0,172138000.0,0.1958263275,51728000.0,120410000.0,0.136979912,0.23,0.22,528963000,559328000,https://www.sec.gov/Archives/edgar/data/1043604/000095013408014702/0000950134-08-014702-index.htm,https://www.sec.gov/Archives/edgar/data/1043604/000095013408014702/f42864e10vq.htm,1.66180621328902,0.2276340689235353,0.3791229254220049,0.2894474660798581,4.355036174552851,11.353005786794162,4.357089248208287,11.353005786794162,0.0,11732399340.0,9691994340.0,24.359271115355867,13.346923258941064,58.50345234414736,76.62875858060049,1.9536676380276152,1.9536676380276152,11.025733179831496,60.4050753505765,48.329000109702704,63.30209814051611,0.0102630328640006,0.0130499308421937,0.0,0.0,-12.716765347460267,2.863405348463287,0.0,1.6654928992608586,0.0,0.0,40.5092408257246,0.2120020386014648,0.5097223220845637,0.2365339928792971,0.0539626453584275,1.174860681114551,0.0,7.625447218990433,0.0180095742605252,0.0338286116278161,2.583965702705104,1915713000.0,2304739000.0,1689110000.0,6038723000.0,396424000.0,223049500.0,0.0,43.38989163104044,72.71002934862642,0.0,2.0742158280850704,1.2377934764470042,0.0,0.020050555174412,0.0896754593421468,2008-07-24,0.27,bmo,847607142.0,2025-04-25,2008-06-30,0.037037037037037,25.6759375,12375996.796875
2008-03-31,JNPR,USD,1043604,2008-05-09,2008-05-09 17:11:09,2008,Q1,822887000.0,264836000.0,558051000.0,0.6781623722,170646000,33634000000.0,185948000000.0,219582000.0,25129000.0,415357000.0,680193000.0,0.0,0.0,55389000.0,142694000.0,0.1734065552,142694000.0,0.1734065552,17590000.0,160284000.0,0.1947825157,49929000.0,110355000.0,0.1341071131,0.21,0.2,523672000,560407000,https://www.sec.gov/Archives/edgar/data/1043604/000095013408009114/0000950134-08-009114-index.htm,https://www.sec.gov/Archives/edgar/data/1043604/000095013408009114/f40597e10vq.htm,1.5713786492308162,0.2107330542782505,0.486758887242396,0.4229555905223117,4.170910417207717,10.46894048182832,3.38444484333705,10.46894048182832,0.7627675338761668,13091800000.0,11453826000.0,29.65837524353224,15.909596335827398,51.36013055997992,59.10786040001806,2.3880162508703022,2.3880162508703022,13.919075158557614,80.26844856826496,44.934233548579456,51.71261005011513,0.00842932217113,0.0169182236208924,0.072860050661302,0.0565844277229697,-11.478926934559269,1.973818086351804,0.0,2.3098364369534683,0.0,0.0,40.873169706168646,0.2073747671308454,0.5255495463641275,0.1310778259880267,0.0406033878284624,0.6032244669519219,27.619831155432035,7.045453538477156,0.0162202487582507,0.0329493251292683,1.6882452183809713,1365031000.0,1772339000.0,1189867000.0,5482574000.0,374408000.0,215746500.0,0.0,40.36414477321917,72.17780060112673,0.0,2.229701645003346,1.2469207879769484,0.0,0.0201293583284798,0.0638032967200843,2008-04-24,0.25,bmo,761944444.0,2025-04-25,2008-03-31,0.08,26.7244262295082,12608358.721311476
2007-12-31,JNPR,USD,1043604,2008-02-29,2008-02-29 06:01:53,2007,Q4,809182000.0,262469000.0,546713000.0,0.6756366306,165279000,116489000000.0,666688000000.0,213478000.0,20176000.0,398933000.0,661402000.0,0.0,0.0,49916000.0,197696000.0,0.2443158647,147580000.0,0.1823817139,20411000.0,167991000.0,0.2076059527,45087000.0,122904000.0,0.1518867202,0.23,0.23,521786000,523672000,https://www.sec.gov/Archives/edgar/data/1043604/000095013408003762/0000950134-08-003762-index.htm,https://www.sec.gov/Archives/edgar/data/1043604/000095013408003762/f38434e10vk.htm,1.5507928537753026,0.2355448402218534,0.4535250083367511,0.3847113567631174,3.749554415028383,10.260643252214509,3.0997650377741066,10.260643252214509,0.7656318874021151,17323295200.0,16006681200.0,35.23745199505305,21.408404042601045,73.2043424060716,86.29846615222904,3.235664585924922,3.235664585924922,19.781311497289856,80.96613588539981,67.64062828818093,79.73956570039405,0.0070947241030678,0.0115876914687685,0.0746183127687313,0.0580206889760749,-6.659790789899644,1.851743278039603,0.0,1.9254296035930485,0.0,0.0,143.95896102483744,0.2042544198956477,0.542661681823846,0.1517306660243489,0.0443732065221421,0.7193284718326789,108.73944304247992,7.374207445337218,0.0182845075035502,0.0390300289619429,1.3602094536840774,1175272000.0,1617414000.0,1023569000.0,5313536000.0,329644500.0,212386000.0,0.0,42.23809971057191,75.12921525970687,0.0,2.130777677421733,1.197936111656268,0.0,0.0229561475272046,0.0688136515736336,2008-01-24,0.24,bmo,719288888.0,2025-04-25,2007-12-31,0.1250000000000001,33.47140625,8362614.484375
2007-09-30,JNPR,USD,1043604,2007-11-09,2007-11-09 16:56:15,2007,Q3,735048000.0,232286000.0,502762000.0,0.6839852635,167887000,29182000000.0,177762000000.0,206944000.0,14968000.0,389799000.0,622085000.0,0.0,0.0,48056000.0,161019000.0,0.2190591635,112763000.0,0.1534090291,17945000.0,130708000.0,0.1778224007,45609000.0,85099000.0,0.1157733917,0.17,0.15,515658000,561401000,https://www.sec.gov/Archives/edgar/data/1043604/000095013407023557/0000950134-07-023557-index.htm,https://www.sec.gov/Archives/edgar/data/1043604/000095013407023557/f35298e10vq.htm,1.4254564071535785,0.1650299229334171,0.374744501200408,0.305122775172692,3.145957204193477,10.006192088554815,2.718414142706988,10.006192088554815,0.7752502627710615,18811203840.0,17861690840.0,55.26270531968648,25.591803310804192,97.34632498447526,119.55843014128727,3.6457425239443673,3.6457425239443673,24.30003324952928,110.92908812003552,92.4326787414614,113.52360724295949,0.0045238465716397,0.0083641111615321,0.0774770518005346,0.0614662008468277,-5.896900365795341,1.7082314846374835,0.0,2.2707669890362987,0.0,0.0,39.70080865467289,0.2284027709755009,0.5778160220744728,0.1857845166632167,0.048841708296601,0.7470659230897286,0.0,6.09546757498564,0.0129450211719071,0.030992413507024,0.946085389928984,872697000.0,1401772000.0,760888000.0,5020359000.0,269184000.0,191170000.0,0.0,34.22592810265452,79.68792781312692,0.0,2.629585375451651,1.1294057013385457,0.0,0.0164927798180268,0.069621726027716,2007-10-23,0.21,bmo,701590909.0,2025-04-25,2007-09-30,0.0476190476190476,32.03301587301587,11211467.285714284
2007-06-30,JNPR,USD,1043604,2007-08-09,2007-08-09 06:01:27,2007,Q2,664922000.0,220774000.0,444148000.0,0.6679700777,148702000,27996000000.0,156845000000.0,184841000.0,24382000.0,357925000.0,578699000.0,0.0,0.0,48934000.0,86223000.0,0.1296738565,86223000.0,0.1296738565,32252000.0,118475000.0,0.1781787939,32295000.0,86180000.0,0.1296091872,0.16,0.15,544224000,580736000,https://www.sec.gov/Archives/edgar/data/1043604/000095013407017407/0000950134-07-017407-index.htm,https://www.sec.gov/Archives/edgar/data/1043604/000095013407017407/f32822e10vq.htm,1.2217800023519727,0.1583539130946081,0.3748383018756982,0.296418386546716,2.21053463279826,8.820787028870464,1.889407670371024,8.820787028870464,0.7348885752925266,13698118080.0,13237992080.0,39.736940357391504,20.601090172982698,67.14895429322145,84.91376089463049,2.853486873406932,2.853486873406932,19.90909020907716,153.53202834510515,64.89339045863645,82.06146914789421,0.0062913751726105,0.0117766542132187,0.0833132659123538,0.0653861182183057,-5.336464748385001,1.3887352118788865,0.0,2.3670921327454164,0.0,0.0,42.10418665648001,0.2236382613299003,0.6167138875037806,0.2092099845095001,0.0641849720719121,0.8721543303224751,0.0,5.606080467528583,0.0118030216084787,0.0367595152248289,0.148814642500147,467547000.0,1028261000.0,354120000.0,4619811000.0,258338000.0,178567000.0,0.0,35.034816113769736,72.02030130359553,0.0,2.568873194816835,1.2496476461631638,0.0,0.0179523564707225,0.0784199153289821,2007-07-18,0.2,bmo,664900000.0,2025-04-25,2007-06-30,0.0,23.22888888888889,9985387.38095238
2007-03-31,JNPR,USD,1043604,2007-05-08,2007-05-08 17:25:42,2007,Q1,626936000.0,212109000.0,414827000.0,0.6616735999,141093000,27258000000.0,150656000000.0,177914000.0,35024000.0,354031000.0,566140000.0,0.0,0.0,46260000.0,107056000.0,0.1707606518,60496000.0,0.096494698,32913000.0,96409000.0,0.1537780571,26762000.0,66647000.0,0.1063059068,0.12,0.11,569400000,604905000,https://www.sec.gov/Archives/edgar/data/1043604/000089161807000299/0000891618-07-000299-index.htm,https://www.sec.gov/Archives/edgar/data/1043604/000089161807000299/f30033e10vq.htm,1.1010467158412365,0.1170477695820161,0.268078679311556,0.211224095539164,4.328352651914296,10.884589041095891,4.220263435194942,10.884589041095891,0.7023955040393397,11205792000.0,9567897000.0,42.0341200654193,17.873901004249237,73.41128377138963,93.17118839953106,1.8080609130667336,1.8080609130667336,15.26136160628836,89.37282356897325,62.6811207777574,79.55281821885575,0.0059475492673788,0.0107329316839006,0.0645311918885842,0.0535089743769847,-15.299422732028097,3.9204622351777614,0.0,2.29033564901646,0.0,0.0,43.47812216877002,0.2250516799162913,0.5076929251900002,0.2120817064542333,0.0516368496943866,0.6998054474708171,41.37902433422232,5.35400593730857,0.0064984886094515,0.0181122318643964,2.425873726729891,2188095000.0,2403018000.0,1660674000.0,6343427000.0,253641500.0,180009000.0,0.0,37.01401737976444,76.57312985304726,0.0,2.431511259007594,1.1753470201978222,0.0,0.0107535313588864,0.0568545837723919,2007-04-23,0.19,bmo,626900000.0,2025-04-25,2007-03-31,0.0,19.16049180327869,9195778.049180329
2006-12-31,JNPR,USD,1043604,2007-03-09,2007-03-09 17:17:27,2006,Q4,595830000.0,190235000.0,405595000.0,0.6807226894,126948000,0.0,0.0,178460000.0,22387000.0,327795000.0,518030000.0,0.0,0.0,44416000.0,122216000.0,0.2051189098,62350000.0,0.1046439421,30077000.0,92427000.0,0.1551231056,21445000.0,70982000.0,0.1191312958,0.12,0.12,569230000,569400000,https://www.sec.gov/Archives/edgar/data/1043604/000089161807000146/0000891618-07-000146-index.htm,https://www.sec.gov/Archives/edgar/data/1043604/000089161807000146/f27855e10vk.htm,1.0467297928780983,0.1246982766192927,0.4114821776786185,0.3547845334926128,3.584215519210161,10.742729652337369,4.07784199708378,10.742729652337369,0.7026052737909105,10781216200.0,9584827200.0,37.97165549012426,18.094450094825707,46.028725002988544,53.38451429533458,1.7630528378678036,1.7630528378678036,16.08651326720709,78.42530601557897,40.92092832624622,47.46044742862236,0.0065838583220323,0.0187320239436437,0.0654028628224894,0.0542783061982969,-9.789135628722915,3.306779156509755,0.0,3.299822490208786,0.0,0.0,0.0,0.2130607723679573,0.5148820061899505,0.1377888211486244,0.0541664568752832,0.7266300432276657,0.0738465669738012,5.490081708067056,0.0072487289159082,0.0198576544512987,1.7111110623122463,1759189000.0,2321230000.0,1268495000.0,5902973000.0,267452000.0,169532500.0,0.0,37.67861638386788,84.94635582306096,0.0,2.388622742488324,1.0594921833664712,0.0,0.0116076900987786,0.0566976441860056,2007-01-30,0.19,bmo,595830000.0,2025-04-25,2006-12-31,0.0,18.89,10352069.92063492
2006-09-30,JNPR,USD,1043604,2007-03-09,2007-03-09 16:36:17,2006,Q3,573567000.0,190185000.0,383382000.0,0.668417116,123389000,24542000000.0,139370000000.0,163912000.0,23028000.0,310329000.0,500514000.0,0.0,0.0,44082000.0,117135000.0,0.2042220002,57743000.0,0.1006735046,27802000.0,85545000.0,0.1491456098,27271000.0,58274000.0,0.1015992901,0.1,0.1,568561000,599626000,https://www.sec.gov/Archives/edgar/data/1043604/000095013407005286/0000950134-07-005286-index.htm,https://www.sec.gov/Archives/edgar/data/1043604/000095013407005286/f26529e10vq.htm,1.008804684106015,0.1024938397111303,0.2900550688492527,0.2436150210795323,3.249559853736011,10.60027508042233,3.8850853294545353,10.60027508042233,0.703431997622067,9824734080.0,8891323080.0,42.14887462676322,17.12918295508633,59.574894065998045,70.93158674463938,1.63014637534402,1.63014637534402,15.501803764860949,75.9066297861442,53.914907648835154,64.19264370803552,0.0059313564647644,0.0140980914976581,0.066359787107906,0.055502697253675,-7.968677167370982,3.322808663559507,0.0,2.8299756323574834,0.0,0.0,42.78837520289696,0.2151256958646505,0.5298467300448192,0.1601076924942697,0.0460347265445885,0.5989746381743115,0.0,4.944230489894324,0.0060374394819318,0.0172008643822503,1.5525550468639249,1604278000.0,2208908000.0,1115996000.0,5758103000.0,268138500.0,148063000.0,0.0,44.79216900553902,75.48481741462261,0.0,2.0092797914937,1.1922927428657406,0.0,0.0096689792419091,0.0464400477697204,2006-10-18,0.18,bmo,573567000.0,2025-04-25,2006-09-30,0.0,14.493015873015873,9559820.444444444
2006-06-30,JNPR,USD,1043604,2007-03-09,2007-03-09 16:24:34,2006,Q2,567469000.0,188923000.0,378546000.0,0.6670778492,116222000,24166000000.0,136001000000.0,160167000.0,1306608000.0,1582997000.0,1771920000.0,0.0,0.0,43164000.0,-1161287000.0,-2.0464324923,-1208801000.0,-2.1301621763,23176000.0,-1185625000.0,-2.0893211788,20831000.0,-1206456000.0,-2.1260297919,-2.13,-2.13,566098000,566098000,https://www.sec.gov/Archives/edgar/data/1043604/000095013407005285/0000950134-07-005285-index.htm,https://www.sec.gov/Archives/edgar/data/1043604/000095013407005285/f26528e10vq.htm,1.0024218421545386,-2.131178700507686,0.4830612367469943,0.4385689403601496,2.889886556744592,10.42503241488223,3.6336129080123936,10.42503241488223,0.7064925154301905,9051907020.0,8364237020.0,-1.8757225750462512,15.95136830381924,33.10139332992028,36.45949023856803,1.533808180507287,1.533808180507287,14.739548803546976,-7.202558041207729,30.58669282527609,33.689676364324754,-0.1332819700129884,0.0274277010856879,0.0677688555118197,0.0568080404859415,0.5921619720189755,3.0998560869204863,0.0,-0.226663881650056,0.0,0.0,42.58558617298919,0.2048076635023234,0.5460882116611704,0.092104878227163,0.0443848033989521,0.5835186729682142,0.0,,-0.1928966116343597,-0.3775292881412365,1.2107294143416865,1393454000.0,2056981000.0,918368000.0,5567016000.0,277784000.0,148446000.0,0.0,39.77947694059059,65.08080011433229,0.0,2.262473187729748,1.3828963356610595,0.0,-0.2044289759200486,0.0444922963868446,2006-07-19,0.19,bmo,597335789.0,2025-04-25,2006-06-30,-0.0526315789473684,17.194920634920635,13772465.857142856
2006-03-31,JNPR,USD,1043604,2006-05-09,2006-05-08 21:51:57,2006,Q1,566714000.0,184947000.0,381767000.0,0.673650201,113688000,23099000000.0,129429000000.0,152528000.0,24625000.0,290841000.0,475788000.0,0.0,0.0,41828000.0,134158000.0,0.2367296379,90926000.0,0.1604442452,19678000.0,110604000.0,0.1951672272,34841000.0,75763000.0,0.1336882449,0.13,0.13,565927000,603589000,https://www.sec.gov/Archives/edgar/data/1043604/000095013406009114/0000950134-06-009114-index.htm,https://www.sec.gov/Archives/edgar/data/1043604/000095013406009114/f20063e10vq.htm,1.001390638721955,0.133874156914231,0.1466655593389253,0.114456458165099,2.5001475455314908,12.227016912075232,3.127542951652775,12.227016912075232,0.7067059885815662,10820524240.0,10316173240.0,35.705173501577285,19.09344791199793,130.36462061155154,167.05042517059314,1.5637501884140974,1.5637501884140974,18.2034910730986,76.89569939921584,124.28824895785644,159.26410658597587,0.007001786449489,0.005986216431229,0.0577987250417256,0.0497705009753895,-3.759380730183813,2.935765692709257,0.0,1.0955479587661523,0.0,0.0,40.75953655635824,0.2006091255906859,0.6408398753373046,0.2196091660441917,0.0321643721524437,0.4357846418666922,40.69954156770434,6.068758980656804,0.0084117285123847,0.0262507596688432,0.9317429633150566,1222196000.0,1769961000.0,737407000.0,6693222000.0,286828500.0,162725000.0,23338000.0,48.39742797954524,77.99542571655664,0.0,1.8596029532403608,1.1539138247295324,0.0,0.0109490448796238,0.0322091011738263,2006-04-19,0.19,bmo,566700000.0,2025-04-25,2006-03-31,0.0,19.57693548387097,14299521.306451611
2005-12-31,JNPR,USD,1043604,2006-03-07,2006-03-07 17:15:03,2005,Q4,575464000.0,183364000.0,392100000.0,0.681363213,107547000,74756000000.0,439596000000.0,146759000.0,9892000.0,264198000.0,447562000.0,0.0,0.0,24257000.0,152159000.0,0.2644109797,116432000.0,0.2023271656,17435000.0,133867000.0,0.2326244561,28337000.0,105530000.0,0.1833824531,0.19,0.19,565872000,565927000,https://www.sec.gov/Archives/edgar/data/1043604/000095013406004424/0000950134-06-004424-index.htm,https://www.sec.gov/Archives/edgar/data/1043604/000095013406004424/f17833e10vk.htm,1.0169508298696526,0.1864909378799445,0.3490365312296773,0.2795526196737071,2.524890788022733,12.193057793988746,3.049364520598298,12.193057793988746,0.8131856674300902,12618945600.0,12160703600.0,29.894213967592155,21.92829716541782,63.89016049820263,79.77031310251532,1.8289095628656853,1.8289095628656853,21.131997136223987,79.92102734639423,61.5700653131487,76.87354906410604,0.0083628223264549,0.0125359919136191,0.0666925131635967,0.0573292623687815,-3.011599708199975,2.8983997449792795,0.0,1.8716004927508765,0.0,0.0,129.9056066061474,0.1868874508222929,0.644626696811439,0.199073464634702,0.0683257336688307,1.6209341633342953,30.64831162331614,7.152805927156832,0.0124048082982044,0.0369964090380197,0.9311191400175304,1191056000.0,1725550000.0,691567000.0,6685101000.0,254897500.0,157107000.0,23338000.0,42.05585405863791,81.07087541720294,22.90984053576493,2.140011230648514,1.11013973312668,3.928442882852001,0.0152948457254,0.0694839115559702,2006-01-25,0.2,bmo,575464000.0,2025-04-25,2005-12-31,0.0,22.832063492063494,7078839.444444444
2005-09-30,JNPR,USD,1043604,2005-11-03,2005-11-03 16:13:26,2005,Q3,546353000.0,171087000.0,375266000.0,0.6868562999,90504000,26801000000.0,116222000000.0,143023000.0,29389000.0,262916000.0,434003000.0,0.0,0.0,43295000.0,148100000.0,0.2710701689,108742000.0,0.1990324936,16414000.0,125156000.0,0.2290753414,41103000.0,84053000.0,0.1538437604,0.15,0.14,561775000,606327000,https://www.sec.gov/Archives/edgar/data/1043604/000095013405020398/0000950134-05-020398-index.htm,https://www.sec.gov/Archives/edgar/data/1043604/000095013405020398/f13830e10vq.htm,0.9725477281829914,0.1496203996261848,0.2579751679943037,0.2255137733078189,2.4673935294379423,11.945884028303146,2.791281206888879,11.945884028303146,0.8710640380935428,13370245000.0,12971183000.0,39.76730455783851,24.47180668908197,92.2569415693743,105.53679117201314,1.9923180187930112,1.9923180187930112,23.74139613034064,87.58395003376097,89.50334658165659,102.38683221773177,0.0062865714128649,0.0094753686263789,0.0729175033032087,0.06259332070318,-2.694544226873734,2.984283799855365,0.0,1.7241978275611816,0.0,0.0,49.054365950219,0.1656511449557337,0.6578356644881763,0.125831470287875,0.0333776880514978,0.4212033722138815,0.0,6.341555700264917,0.0100949619705563,0.0314220111462848,0.8186302345244982,1157905000.0,1568072000.0,634543000.0,6596966000.0,223127000.0,132593500.0,0.0,39.68115851839379,78.40326851251118,0.0,2.268078941250706,1.1479113270084942,0.0,0.0125248495022797,0.0324613946864848,2005-10-19,0.18,bmo,517642105.0,2025-04-25,2005-09-30,0.0555555555555556,23.8821875,6116805.5
2005-06-30,JNPR,USD,1043604,2005-08-02,2005-08-02 06:01:50,2005,Q2,493028000.0,155221000.0,337807000.0,0.6851679823,81238000,15395000000.0,102280000000.0,117675000.0,23929000.0,222842000.0,378063000.0,0.0,0.0,37290000.0,146674000.0,0.2974962882,119625000.0,0.2426332784,12323000.0,131946000.0,0.2676237455,42935000.0,89011000.0,0.180539442,0.16,0.15,546662000,592231000,https://www.sec.gov/Archives/edgar/data/1043604/000095013405014511/0000950134-05-014511-index.htm,https://www.sec.gov/Archives/edgar/data/1043604/000095013405014511/f11084e10vq.htm,0.9018881868503756,0.1628263899813778,0.3038806428835368,0.2707925555462059,2.382689852230446,11.566353615213789,2.677561271864516,11.566353615213789,0.8714489026125832,13764949160.0,13384276160.0,38.66080922582602,27.91920369634179,82.86148061642186,92.9863080955469,2.177004165502905,2.177004165502905,27.147091361951045,91.25186577034783,80.56992631832411,90.41474924340685,0.0064664968221357,0.0107542714672837,0.0753434428518875,0.064517859058243,-2.595367958874784,2.9137900538924963,0.0,1.866286189347384,0.0,0.0,31.22540707627153,0.1647736031219322,0.6580831645858998,0.1088851432699253,0.0366875714969535,0.4850630195762939,0.0,6.509563817898993,0.0118158398290144,0.0352567542999012,0.7237022145310996,1060366000.0,1463721000.0,553502000.0,6211236000.0,195077500.0,111434000.0,0.0,37.4886213359079,67.34301415401266,0.0,2.4007284555379176,1.3364415170691808,0.0,0.0140775905180008,0.0330880873373309,2005-07-19,0.17,bmo,465611111.0,2025-04-25,2005-06-30,0.0588235294117645,23.9284375,7662333.25
2005-03-31,JNPR,USD,1043604,2005-04-28,2005-04-28 16:12:45,2005,Q1,449112000.0,143195000.0,305917000.0,0.6811597107,76128000,15467000000.0,91428000000.0,106895000.0,21964000.0,204987000.0,348182000.0,0.0,0.0,34062000.0,100930000.0,0.2247323607,100930000.0,0.2247323607,10298000.0,111228000.0,0.2476620531,35793000.0,75435000.0,0.1679647838,0.14,0.13,542651000,587659000,https://www.sec.gov/Archives/edgar/data/1043604/000095013405008372/0000950134-05-008372-index.htm,https://www.sec.gov/Archives/edgar/data/1043604/000095013405008372/f08366e10vq.htm,0.8276258589775012,0.1390119985036423,0.2476527270750445,0.2060993161350481,2.312442066816425,11.305527862290864,2.671621355161973,11.305527862290864,0.882908167496236,11970881060.0,11630444060.0,39.67283442699013,26.654556235415665,89.07634598069782,107.03577485693847,1.951257850912052,1.951257850912052,25.896533737686813,115.23277578519766,86.5431252557873,103.9918102646638,0.006301541183302,0.0093426707223503,0.0780952626229104,0.0669038246436695,-3.373001089864262,3.014052394025406,0.0,1.7815205143501027,0.0,0.0,34.43907087764299,0.16950782878213,0.6542485257338515,0.1677890303521865,0.0502079659416804,0.6619987082379191,49.71365717237571,5.946519192031792,0.0103004813586384,0.0304665766286805,0.6766904511371028,1038816000.0,1449758000.0,528366000.0,6010452000.0,186047500.0,110306500.0,0.0,37.03087425853685,67.07685324208248,0.0,2.4304044071887394,1.3417445161773938,0.0,0.0122959317067636,0.0415534109399964,2005-04-19,0.15,bmo,421031250.0,2025-04-25,2005-03-31,0.0666666666666667,23.359016393442623,9757518.475409836
2004-12-31,JNPR,USD,1043604,2005-03-04,2005-03-04 15:34:21,2004,Q4,430053000.0,126751000.0,303302000.0,0.7052665602,68759000,53261000.0,302345000.0,115794000.0,28523000.0,213076000.0,339827000.0,0.0,0.0,40416000.0,130642000.0,0.3037811619,90226000.0,0.2098020477,11114000.0,101340000.0,0.2356453739,35339000.0,66001000.0,0.1534717814,0.12,0.12,538268000,542651000,https://www.sec.gov/Archives/edgar/data/1043604/000095013405004228/0000950134-05-004228-index.htm,https://www.sec.gov/Archives/edgar/data/1043604/000095013405004228/f06213e10vk.htm,0.7989570251250306,0.1226173578960666,0.2646469788283903,0.230284913834744,2.0767368671368165,11.13337036569144,2.431554541603811,11.13337036569144,0.7431242429421775,14635506920.0,14322324920.0,55.43668626232936,34.031867979063044,102.74064007974673,118.07113000685732,2.442207445446046,2.442207445446046,33.30362750637712,109.63032501033358,100.54211567486364,115.544551813158,0.0045096490583327,0.0084694709023443,0.0667474644724105,0.0571451919321275,-2.39725356317264,2.811513472556713,0.0,2.158315783094196,0.0,0.0,0.1238475257700795,0.159884944413828,0.6691571969940486,0.129841138356347,0.0430086524219107,0.4576405384006334,0.2437629780515424,5.542179203272627,0.0090447522472513,0.0285002407370223,0.4669486203898429,910896000.0,1308828000.0,406756000.0,5870417000.0,174673000.0,109640500.0,0.0,39.1987499215213,80.8680010414119,0.0,2.295991585960941,1.1129247519536394,0.0,0.0110134985066089,0.0343620649936462,2005-01-18,0.14,bmo,399334928.0,2025-04-25,2004-12-31,0.0714285714285712,26.7821875,8710880.8125
2004-09-30,JNPR,USD,1043604,2004-11-02,2004-11-02 12:22:55,2004,Q3,375014000.0,113034000.0,261980000.0,0.6985872527,64881000,12426000.0,81953000.0,94379000.0,33025000.0,192285000.0,305319000.0,0.0,0.0,43989000.0,113684000.0,0.3031460159,70918000.0,0.1891076066,2486000.0,73404000.0,0.1957366925,24645000.0,48759000.0,0.130019146,0.09,0.09,533447000,562718000,https://www.sec.gov/Archives/edgar/data/1043604/000095013404016155/0000950134-04-016155-index.htm,https://www.sec.gov/Archives/edgar/data/1043604/000095013404016155/f02821e10vq.htm,0.7030014228217611,0.091403644598245,0.1972454620608982,0.1503635787622763,1.7968270512347055,10.89024026754298,2.088655480300761,10.89024026754298,0.8409045322215702,12589349200.0,12370213200.0,64.54884841772801,33.57034457380258,119.64787302794146,156.952901721709,2.1670779909546067,2.1670779909546067,32.98600372252769,108.81226205974455,117.56522714312868,154.2209073568463,0.0038730357880612,0.0063713380831473,0.0772163434013281,0.0662478150145055,-1.9275887547939905,2.31271577421542,0.0,2.157960581636211,0.0,0.0,0.0331347629688491,0.1730095409771368,0.6934030421732476,0.2376829500095039,0.0666881769747262,0.5685284957603037,0.0,4.732512244843101,0.007527657836204,0.0234866208774137,0.2215702778345365,673775000.0,1114187000.0,225197000.0,5638683000.0,151345000.0,99095000.0,0.0,38.88814817580144,83.91448590689528,0.0,2.314329795112318,1.0725204239451187,0.0,0.008393170614487,0.0468818832986219,2004-10-14,0.11,bmo,317307692.0,2025-04-25,2004-09-30,0.1818181818181818,22.97953125,9928637.75
2004-06-30,JNPR,USD,1043604,2004-08-05,2004-08-05 16:26:56,2004,Q2,306899000.0,96770000.0,210129000.0,0.6846845379,58093000,17371000.0,75657000.0,93028000.0,40147000.0,191268000.0,288038000.0,0.0,0.0,48067000.0,66928000.0,0.2180782603,-4804000.0,-0.0156533583,-64090000.0,5082000.0,0.0165591937,7472000.0,-12554000.0,-0.0409059658,-0.0248,-0.0248,506189000,506189000,https://www.sec.gov/Archives/edgar/data/1043604/000095013404011442/0000950134-04-011442-index.htm,https://www.sec.gov/Archives/edgar/data/1043604/000095013404011442/f00870e10vq.htm,0.6062933015138614,-0.0248010130603391,0.2351137618557495,0.2112728644834241,1.9445898666308432,11.358065860775325,2.0379048142097123,11.358065860775325,0.8855980671251252,12437063730.0,12209438730.0,-247.67133443523977,40.52494055047426,104.5026025106712,116.29510519524236,2.1632204198473284,2.1632204198473284,39.78324702915291,182.42646919077217,102.58998025409204,114.16665479129264,-0.001009402240958,0.0085988141832895,0.077970851549955,0.0671125968463906,-3.4010429117858,2.4643888004681345,0.0,-9.480006372470926,0.0,0.0,0.0566016832899422,0.1892902876842218,0.7063025926559704,0.1014015393405707,0.039322382933799,0.251066220067822,0.0,,0.00036453743667,-0.0063993622047163,0.3153456515254184,705708000.0,1031565000.0,257428000.0,5681054000.0,114046000.0,79014000.0,0.0,41.24646870794626,86.30680996176501,0.0,2.1820049768929968,1.042791409390187,0.0,-0.00218355953948,0.0238408973723253,2004-07-13,0.0425,bmo,153450000.0,2025-04-25,2004-06-30,0.8823529411764705,23.010967741935485,12380300.322580645
2004-03-31,JNPR,USD,1043604,2004-05-03,2004-05-03 16:05:21,2004,Q1,224053000.0,74019000.0,150034000.0,0.6696362021,46630000,8865000.0,43540000.0,52405000.0,4129000.0,103164000.0,177183000.0,0.0,0.0,13202000.0,46870000.0,0.2091915752,46870000.0,0.2091915752,2486000.0,49356000.0,0.2202871642,15816000.0,33540000.0,0.1496967235,0.09,0.08,394496000,421859000,https://www.sec.gov/Archives/edgar/data/1043604/000095013404006452/0000950134-04-006452-index.htm,https://www.sec.gov/Archives/edgar/data/1043604/000095013404006452/f98552e10vq.htm,0.5679474570084361,0.0850198734587929,0.1844505394224529,0.1651550332576249,1.6773021779688515,4.153517399415963,1.4985246998702142,4.153517399415963,1.415484567650876,10264785920.0,10394694920.0,76.51152295766249,45.81409720021602,141.067627568199,157.54893742421683,6.264569880857786,6.264569880857786,46.39391090500908,221.7771478557713,142.85295018209305,159.54284407471644,0.00326748168558,0.0063472341759271,0.34079177514699,0.2218889226206276,2.7716876466823126,2.423387008468929,0.0,2.169499105545617,0.0,0.0,0.0395665311332586,0.2081204000839087,0.4161920822955525,0.1046107331821617,0.0339741043413835,0.5765793061657325,0.020526393308726,2.818769107857701,0.0144976656909144,0.0228286881876172,-0.3821876520927968,454970000.0,591162000.0,-103433000.0,1745904000.0,82703000.0,63233000.0,0.0,35.124635688877184,79.31220362339398,0.0,2.5623041558976234,1.1347560134296095,0.0,0.0204693673537392,0.019295506164828,2004-04-21,0.08,bmo,199200000.0,2025-04-25,2004-03-31,0.1249999999999999,25.638548387096773,18131989.822580647
2003-12-31,JNPR,USD,1043604,2004-02-20,2004-02-20 17:12:42,2003,Q4,206955000.0,70629000.0,136326000.0,0.6587229108,44695000,28462000.0,145784000.0,51550000.0,5375000.0,101620000.0,172249000.0,0.0,0.0,10689000.0,45395000.0,0.2193472011,34706000.0,0.1676982919,-14475000.0,20231000.0,0.0977555507,5498000.0,14733000.0,0.071189389,0.0373,0.0373,389424000,394496000,https://www.sec.gov/Archives/edgar/data/1043604/000089161804000620/0000891618-04-000620-index.htm,https://www.sec.gov/Archives/edgar/data/1043604/000089161804000620/f96584e10vk.htm,0.5314387402933564,0.0378327992111426,0.1616361600723119,0.1481495747565635,1.4932618431324212,4.012189798266157,1.314197378692633,4.012189798266157,1.4324771970910883,7274440320.0,7466675320.0,123.4378660150682,35.14986504312532,115.56819953928031,126.08878581457024,4.655811648808948,4.655811648808948,36.07873846971564,164.482328890847,118.62221494955914,129.42081916350338,0.0020253104502753,0.0079309194195162,0.3570312645005289,0.2313639807938046,4.234717479898667,2.3754405752150007,0.0,4.272381728093396,0.0,0.0,0.1375274818197192,0.2159648232707593,0.4357613982349113,0.0834379219953928,0.0253774975236162,0.4913462438020395,0.1258341185281824,1.8480606992961464,0.0119202225876368,0.0108296323085133,-0.5358401125765233,399996000.0,511780000.0,-157845000.0,1695150000.0,63245000.0,57647000.0,0.0,33.904761904761905,78.03211145563438,0.0,2.654494382022472,1.1533713277920212,0.0,0.0094294639868462,0.0134865853157483,2004-01-15,0.05,bmo,147857142.0,2025-04-25,2003-12-31,0.4000000000000001,17.7815625,9626583.796875
2003-09-30,JNPR,USD,1043604,2003-11-14,2003-11-13 21:50:24,2003,Q3,172128000.0,62939000.0,109189000.0,0.6343476947,44932000,6524000.0,34710000.0,41234000.0,1998000.0,88164000.0,151103000.0,0.0,0.0,17688000.0,38713000.0,0.2249082078,7040000.0,0.0408997955,7865000.0,14905000.0,0.0865925358,7700000.0,7205000.0,0.0418583845,0.02,0.02,384795000,408083000,https://www.sec.gov/Archives/edgar/data/1043604/000089161803005937/0000891618-03-005937-index.htm,https://www.sec.gov/Archives/edgar/data/1043604/000089161803005937/f94060e10vq.htm,0.447323899738822,0.0187242557725542,0.1115840902298626,0.0995491105653659,1.9923673644408064,3.962325394040983,1.2011850465832457,3.962325394040983,2.4482542652581243,5771925000.0,6256491000.0,200.2749826509369,33.53274888455103,134.4277662621981,150.67939748342295,3.7856557723802258,3.7856557723802258,36.34789807585053,161.61214579081962,145.71327759275218,163.32926956612542,0.0012482837181702,0.0066366073710243,0.6178831927685952,0.3453464109598683,12.516880634412212,3.214878406475798,0.0,5.9593337959750174,0.0,0.0,0.0379020263989589,0.2610382970812419,0.389481567614252,0.1078556955539511,0.0269043967280163,0.2618159203980099,0.0,1.2920181376329345,0.0013795833443787,0.0043261762786237,-1.0399966215777232,578431000.0,462210000.0,-363645000.0,1884430000.0,61146500.0,56083000.0,0.0,25.372629670942555,77.2991309045266,0.0,3.547129373943865,1.164308045211536,0.0,0.0047255724632595,0.0120349796644966,2003-10-09,0.03057,bmo,129075000.0,2025-04-25,2003-09-30,0.3084723585214262,15.1190625,11292776.90625
2003-06-30,JNPR,USD,1043604,2003-08-07,2003-08-07 13:36:39,2003,Q2,165103000.0,62430000.0,102673000.0,0.6218724069,43007000,7296000.0,33710000.0,41006000.0,7803000.0,91816000.0,154246000.0,0.0,0.0,20496000.0,10857000.0,0.0657589505,10857000.0,0.0657589505,6938000.0,17795000.0,0.1077812032,4217000.0,13578000.0,0.0822395717,0.04,0.03,379032000,399542000,https://www.sec.gov/Archives/edgar/data/1043604/000089161803004166/0000891618-03-004166-index.htm,https://www.sec.gov/Archives/edgar/data/1043604/000089161803004166/f92108e10vq.htm,0.4355911901897465,0.0358228329006521,0.1590103210283036,0.1477104835475632,2.196023027079508,3.9093401084868815,1.080542012283923,3.9093401084868815,3.2714757593026444,4726529040.0,5450030040.0,87.02550154661952,28.62775988322441,78.42258237929319,84.42190222730277,3.189796654665213,3.189796654665213,33.00987892406558,501.9830560928433,90.42691289198606,97.34456284494615,0.0028727211628429,0.0118452673253859,0.83683580054867,0.4160634835419253,66.63912683061619,3.604113080710603,0.0,4.438798055678303,0.0,0.0,0.0441905961732978,0.2604858785122014,0.3597641177062712,0.0710635473701675,0.0259413820463589,0.2089676034348165,0.0,1.7751005162548457,0.0030436729327645,0.0071159978931866,-1.6115967781084446,673270000.0,409560000.0,-566724000.0,1998141000.0,79137500.0,59919000.0,0.0,40.21144376540705,83.77078327727055,0.0,2.2381688288801227,1.0743602540054036,0.0,0.0091633963550225,0.0112998374807404,2003-07-10,0.02029,bmo,110066666.0,2025-04-25,2003-06-30,0.4785608674223756,11.786349206349206,14504381.126984129
2003-03-31,JNPR,USD,1043604,2003-05-08,2003-05-08 16:23:52,2003,Q1,157207000.0,61351000.0,95856000.0,0.6097438409,43470000,7472000.0,32984000.0,40456000.0,7522000.0,91448000.0,152799000.0,0.0,0.0,21167000.0,4408000.0,0.0280394639,4408000.0,0.0280394639,1655000.0,6063000.0,0.0385669849,2380000.0,3683000.0,0.02342771,0.01,0.01,375549000,390947000,https://www.sec.gov/Archives/edgar/data/1043604/000089161803002359/0000891618-03-002359-index.htm,https://www.sec.gov/Archives/edgar/data/1043604/000089161803002359/f89879e10vq.htm,0.4186058277348628,0.0098069759205855,0.0330236533714641,0.0191186769236504,1.480576436097553,3.849766608352039,0.9850299162026792,3.849766608352039,2.508631363683567,3068235330.0,3760007330.0,208.27011471626392,19.517167365320883,247.39843009192063,427.3308259052925,2.1222065728024258,2.1222065728024258,23.917556660962937,852.9962182395644,303.1774979841961,523.6779011142062,0.0012003642497656,0.0023401073345961,0.6516320647181859,0.3585140591286346,156.93557168784028,2.779311494540302,0.0,3.367363562313332,0.0,0.0,0.0475296901537463,0.2765144045748599,0.4094058595875685,0.4210611191743267,0.0332173503724388,0.2467047763027353,0.0478477421488865,0.9216711938807765,0.001121350599716,0.0023730960623873,-1.498190648890025,426928000.0,369927000.0,-515186000.0,1762094000.0,81504500.0,56738000.0,0.0,48.3802884095492,90.55451418884778,0.0,1.8602617503668293,0.993876460010692,0.0,0.0025474209006097,0.0139049764478137,2003-04-10,0.00788,bmo,78600000.0,2025-04-25,2003-03-31,1.5380710659898478,8.779672131147542,12346591.950819671
2002-12-31,JNPR,USD,1043604,2003-03-11,2003-03-11 15:40:39,2002,Q4,155266000.0,63092000.0,92174000.0,0.593652184,44281000,84719000.0,126803000.0,42084000.0,-5843000.0,80522000.0,143614000.0,0.0,0.0,8393000.0,20045000.0,0.1291010266,11746000.0,0.0756508186,-1794000.0,9952000.0,0.0640964538,1500000.0,8452000.0,0.0544356137,0.0225,0.0225,372511000,375549000,https://www.sec.gov/Archives/edgar/data/1043604/000089161803001207/0000891618-03-001207-index.htm,https://www.sec.gov/Archives/edgar/data/1043604/000089161803001207/f88273e10vk.htm,0.4168091680514132,0.0226892628674052,0.0168478246279975,-0.0136801329356716,1.5528964245351145,3.8402382748428905,0.93263554633286,3.8402382748428905,2.52909041612194,2533074800.0,3280753800.0,74.92530761949834,16.3144204139992,403.61293817718297,-497.0711930926217,1.7707234586317948,1.7707234586317948,21.129891927402007,163.66943377400847,522.7459847036329,-643.7899921507064,0.0033366563040301,-0.0020117842552458,0.658576430709995,0.3603186483642863,37.30002494387628,2.8134771758172743,0.0,0.7425461429247515,0.0,0.0,0.5456378086638414,0.2851944405085466,0.4142451683176723,1.8119821542383685,0.0732420491285922,1.354938639342309,0.1153117875130421,1.4001692587169872,0.0042044225284575,0.0055185742594944,-1.4678526271707413,438905000.0,347417000.0,-503209000.0,1788981000.0,76273500.0,54906500.0,0.0,45.50313655275463,73.81649020478032,0.0,1.9778856320301648,1.219239762691557,0.0,0.0059082955909379,0.0305279575636692,2003-01-16,0.00758,bmo,419218200.0,2025-04-25,2002-12-31,1.969656992084433,6.7678125,12850514.0625
2002-09-30,JNPR,USD,1043604,2002-11-07,2002-11-07 17:01:06,2002,Q3,152026000.0,68865000.0,83161000.0,0.5470182732,48771000,46857000.0,37749000.0,46857000.0,11234000.0,106862000.0,175727000.0,0.0,0.0,25370000.0,-130010000.0,-0.8551826661,-130010000.0,-0.8551826661,43180000.0,-86830000.0,-0.5711523029,1500000.0,-88330000.0,-0.5810190362,-0.24,-0.24,369944000,369944000,https://www.sec.gov/Archives/edgar/data/1043604/000089161802004928/0000891618-02-004928-index.htm,https://www.sec.gov/Archives/edgar/data/1043604/000089161802004928/f85605e10vq.htm,0.4109432779015202,-0.238765867266397,-0.1181719395367947,-0.129424994053154,1.720703674069589,3.821129684492788,0.872894275890405,3.821129684492788,2.5466394913824795,1775731200.0,2469075200.0,-5.025843994112986,11.68044413455593,-40.618779879680666,-37.08711779448622,1.2561730159224225,1.2561730159224225,16.241137700130242,-18.991425274978848,-56.47860557677791,-51.56798663324979,-0.0497428890138327,-0.0269635404277404,0.666462460491057,0.3595045390541824,-5.333005153449735,2.7871802229001177,0.0,0.4949281104947357,0.0,0.0,0.3082170155105048,0.3208069672292897,0.4161971159166447,-0.0952261134112587,0.0273834738794679,0.1640914465904611,0.0,,-0.0561425180531792,-0.0577354978207839,-1.3917984884198689,473374000.0,322922000.0,-468740000.0,1835549000.0,68155000.0,56800000.0,0.0,43.83552813334561,75.88673491614028,0.0,2.0531291359425223,1.1859780250060277,0.0,-0.0624856749132005,0.0112530545163592,2002-10-10,-0.01939,bmo,152000000.0,2025-04-25,2002-09-30,0.0314595152140278,7.15796875,10903697.015625
2002-06-30,JNPR,USD,1043604,2002-08-14,2002-08-14 15:31:38,2002,Q2,117036000.0,48155000.0,68881000.0,0.5885454048,33770000,34998000.0,25894000.0,34998000.0,-6362000.0,62406000.0,110561000.0,0.0,0.0,4884000.0,6475000.0,0.0553248573,6475000.0,0.0553248573,506000.0,6981000.0,0.0596483133,750000.0,6231000.0,0.0532400287,0.02,0.02,330957000,342172000,https://www.sec.gov/Archives/edgar/data/1043604/000089161802003906/0000891618-02-003906-index.htm,https://www.sec.gov/Archives/edgar/data/1043604/000089161802003906/f83814e10vq.htm,0.3536290212927963,0.0188272192460047,0.0842012708599606,0.0394341258834229,2.913677607665044,2.936813543753418,2.936813543753418,2.936813543753418,3.474771647071976,1883145330.0,2443319330.0,75.5555019258546,16.090308366656416,67.57617719883734,144.29126733583635,1.9374740395428205,1.9374740395428205,20.876647612700367,377.3466146718147,87.67787454695518,187.21318902766072,0.0033088258780324,0.0069304263415506,1.1831774797085062,0.4920611285400589,86.51335907335907,4.899465021915045,0.0,4.472315840154068,0.0,0.0,0.2990361939915923,0.2885436959567996,0.0,0.5316682814798867,0.1265935267780853,3.033579033579034,0.0,1.1153791869314402,0.0027235973170443,0.0026661155582027,-1.0700755687294723,838966000.0,971959000.0,-311034000.0,1097408000.0,64090000.0,54330500.0,0.0,47.88065210704399,103.79109126778113,0.0,1.8796736476936915,0.8671264450606836,0.0,0.0064107642400553,0.0447671449765377,2002-07-11,0.00911,bmo,408976418.0,2025-04-25,2002-06-30,0.9989023051591658,9.41265625,14090074.625
2002-03-31,JNPR,USD,1043604,2002-05-15,2002-05-15 13:22:03,2002,Q1,122219000.0,49996000.0,72223000.0,0.5909310336,35069000,37127000.0,27578000.0,37127000.0,15275000.0,87471000.0,137467000.0,0.0,0.0,24400000.0,9152000.0,0.0748819742,-15248000.0,-0.1247596528,-30005000.0,-45253000.0,-0.3702615796,750000.0,-46003000.0,-0.376398105,-0.14,-0.14,329367000,329367000,https://www.sec.gov/Archives/edgar/data/1043604/000089161802002440/0000891618-02-002440-index.htm,https://www.sec.gov/Archives/edgar/data/1043604/000089161802002440/f81735e10-q.htm,0.3710723903730489,-0.1396709445694316,0.0363849444540588,0.0188482756317421,3.1942058554742885,2.9345957548874053,2.9345957548874053,2.9345957548874053,3.4915459047202666,4357525410.0,4802341410.0,-23.680658924417976,35.65342058108805,363.6119334112149,701.9209745489691,4.5082870367975465,4.5082870367975465,39.29292016789533,524.7313603583916,400.7294233978638,773.5730364046392,-0.0105571386673795,0.001424661801341,1.1897876901461784,0.4954780091779761,48.60314685314685,5.612276942944353,0.0,-0.2605047496902375,0.0,0.0,0.3037743722334498,0.2869357464878619,0.0,0.4819759679572764,0.0472594277485497,0.2367213114754098,0.1327862280005563,,-0.0073235437931785,-0.0198204129184473,-0.767924534030428,942897000.0,966559000.0,-207103000.0,1196814000.0,84720000.0,64772000.0,0.0,48.53942513029889,95.636250900072,0.0,1.8541628739607985,0.9410657481130122,0.0,-0.0475946113998214,0.0175366688223167,2002-04-11,,bmo,,2025-04-25,2002-03-31,,14.234,20365440.633333333
2001-12-31,JNPR,USD,1043604,2002-04-01,2002-04-01 00:00:00,2001,Q4,151033000.0,58783000.0,92250000.0,0.6107936676,36765000,50333000.0,0.0,50333000.0,27691000.0,114789000.0,173572000.0,0.0,0.0,32385000.0,9846000.0,0.065191051,-10199000.0,-0.0675282885,1759000.0,-8440000.0,-0.0558818272,-3314000.0,-5126000.0,-0.0339396026,-0.0158,-0.0156,323569000,329367000,https://www.sec.gov/Archives/edgar/data/1043604/000089161802001586/0000891618-02-001586-index.htm,https://www.sec.gov/Archives/edgar/data/1043604/000089161802001586/f80369e10-k.txt,0.4667721567888147,-0.0158420615077464,-0.0475045508067831,-0.0724914933136363,3.0585192030138857,3.082399735450553,2.3961967926470087,3.082399735450553,3.554110560653214,6131632550.0,6674787550.0,-299.04567645337494,40.59796567637536,-398.909150348058,-261.40998252046387,6.147807431351887,6.147807431351887,44.19423271735316,677.9187030266098,-434.2454980157439,-284.56631778649387,-0.0008359926917016,-0.0038254086181338,1.1530336314844356,0.4812545091455096,55.16504164127564,4.648883861299073,0.0,2.998634412797503,0.0,0.0,0.3332582945449008,0.2434236226520032,0.09291727276836,-0.5259905015939106,0.0535313474538677,0.2496526169522927,0.0,,-0.0028846097545326,-0.0023648776454934,-1.0042185747089492,883829000.0,775335000.0,-266171000.0,1357674000.0,107714500.0,66450500.0,0.0,61.689564532254536,116.99862205059284,0.0,1.458917738881805,0.7692398288338982,0.0,-0.0051395220825993,0.0249869425068532,2002-01-15,0.05,bmo,151033000.0,2025-04-25,2001-12-31,0.0,21.8671875,25418042.734375
2001-09-30,JNPR,USD,1043604,2001-11-01,2001-11-01 00:00:00,2001,Q3,201703000.0,119767000.0,81936000.0,0.4062210279,37897000,42776000.0,33591000.0,42776000.0,27966000.0,108639000.0,228406000.0,0.0,0.0,35730000.0,9027000.0,0.0447539204,-26703000.0,-0.1323877186,-4288000.0,-30991000.0,-0.1536466984,-1265000.0,-29726000.0,-0.147375101,-0.0928,-0.0928,320178000,320178000,https://www.sec.gov/Archives/edgar/data/1043604/000089161801501889/0000891618-01-501889-index.htm,https://www.sec.gov/Archives/edgar/data/1043604/000089161801501889/f76689e10-q.htm,0.6299714533790579,-0.0928421065782158,0.2497329610404212,0.2268925410240553,3.3666335600822044,2.5724659408204187,2.5724659408204187,2.5724659408204187,3.591752087901105,2974453619.9999995,3457981619.9999995,-25.015589214828765,14.746699949926375,37.19973511424605,40.94449274564325,3.61132089353813,3.61132089353813,17.14392755685339,383.0709670987038,43.24693430383071,47.60044076755774,-0.0099937682000232,0.02442330904457,1.3962292098435374,0.507328470038504,53.56463941508807,4.146989891822372,0.0,-2.689867456099038,0.0,0.0,0.2120741882867384,0.1878851578806463,0.0,0.0914593729286259,0.0362562777945791,0.2046739434648754,0.0,,-0.0129775126349099,-0.0131137792177083,-0.87850586236406,922474000.0,823647000.0,-227526000.0,1175189000.0,124513000.0,59715500.0,0.0,49.93207835282569,42.44541484716157,0.0,1.802448505428712,2.1203703703703702,0.0,-0.0360907039059208,0.0228404200163658,2001-10-11,0.07,bmo,141190000.0,2025-04-25,2001-09-30,0.4285714285714285,20.293898305084745,12874582.966101697
2001-06-30,JNPR,USD,1043604,2001-08-06,2001-08-06 00:00:00,2001,Q2,202181000.0,80480000.0,121701000.0,0.6019408352,42077000,45402000.0,0.0,45402000.0,31117000.0,118596000.0,199076000.0,0.0,0.0,26929000.0,34222000.0,0.1692641742,-9235000.0,-0.0456768935,-23789000.0,-33024000.0,-0.1633387905,4107000.0,-37131000.0,-0.183652272,-0.12,-0.12,318196000,318196000,https://www.sec.gov/Archives/edgar/data/1043604/000109581101503661/0001095811-01-503661-index.htm,https://www.sec.gov/Archives/edgar/data/1043604/000109581101503661/f74625e10-q.htm,0.6353976794177174,-0.1166922274321487,0.3134326012897711,0.2934354925894731,3.1658726068209533,2.64615519993966,2.64615519993966,2.64615519993966,3.614124627588028,9895895600.0,10533480600.0,-66.62825940588726,48.945724870289496,99.223883769665,105.98581557245367,11.752900963900068,11.752900963900068,52.09926056355444,307.7985097305827,105.61680286364592,112.81440077112563,-0.0037521616537668,0.0094352248421052,1.3658022128371157,0.5107163840924726,18.630851499035707,4.527455985339355,0.0,-2.68597667717002,0.0,0.0,0.2245611605442647,0.2081155004674029,0.0,0.0638003469262932,0.0314718000207734,0.23628801663634,0.0,,-0.005212612100005,-0.016489921789337,-0.941351399766182,916232000.0,841996000.0,-233768000.0,1168447000.0,165145000.0,74510500.0,0.0,61.03882164990776,70.39301689860835,0.0,1.4744714522210312,1.2785359111633596,0.0,-0.0440987843172651,0.0199971087002979,2001-07-12,0.08,bmo,179733333.0,2025-04-25,2001-06-30,0.1249999999999999,45.98984126984127,27628023.682539683
2001-03-31,JNPR,USD,1043604,2001-05-08,2001-05-08 00:00:00,2001,Q1,332105000.0,113741000.0,218364000.0,0.6575149426,42991000,51790000.0,0.0,51790000.0,36583000.0,131364000.0,245105000.0,0.0,0.0,52634000.0,139634000.0,0.4204513633,87000000.0,0.2619653423,1992000.0,88992000.0,0.2679634453,30426000.0,58566000.0,0.1763478418,0.19,0.17,315571000,344918000,https://www.sec.gov/Archives/edgar/data/1043604/000089161801500573/0000891618-01-500573-index.htm,https://www.sec.gov/Archives/edgar/data/1043604/000089161801500573/f72274e10-q.txt,1.0523939145231975,0.1855873955464855,0.4070019108219703,-0.2881443478646643,3.367273925677581,2.632573969090949,2.632573969090949,2.632573969090949,3.65165366906338,11979075160.0,12573689160.0,51.13493818939317,36.07014396049442,93.26737538734642,-131.73952666886615,14.419347925523976,14.419347925523976,37.86058373104891,90.04747525674263,97.89695541817842,-138.27877664137247,0.0048890251724574,-0.0075907362451176,1.3871039188024517,0.5169898948932512,4.2583754672930665,5.214169500349804,0.0,2.1930471604685318,0.0,0.0,0.1559446560575721,0.1294500233359931,0.0,1.7079680468397205,0.6605380828352478,4.167800281187065,0.0,3.3155515825287547,0.0288712012557506,0.0262748926410919,-0.6043560720091516,1036062000.0,830764000.0,-116294000.0,1286764000.0,184852000.0,79210500.0,0.0,52.348534349076346,68.1078942509737,0.0,1.719245841724086,1.3214327206822036,0.0,0.0704965549783091,0.6951462586866347,2001-04-12,0.25,bmo,332100000.0,2025-04-25,2001-03-31,0.0,86.94016129032258,24869914.322580647
2000-12-31,JNPR,USD,1043604,2001-03-27,2001-03-27 00:00:00,2000,Q4,295386000.0,101410000.0,193976000.0,0.6566865051,30243000,45437000.0,0.0,45437000.0,16843000.0,92523000.0,193933000.0,0.0,0.0,21761000.0,123214000.0,0.4171287739,91453000.0,0.3096050591,8127000.0,99580000.0,0.3371182114,37423000.0,62157000.0,0.2104263574,0.2,0.2,312421000,315571000,https://www.sec.gov/Archives/edgar/data/1043604/000089161801000244/0000891618-01-000244-index.htm,https://www.sec.gov/Archives/edgar/data/1043604/000089161801000244/f70571e10-k.txt,0.9454742158817748,0.198952695241357,0.4115504399512196,0.3880725047291955,3.6641038854622447,2.336597091744793,1.901136607334334,2.336597091744793,3.702436776016977,39383791260.0,39977505260.0,158.4044888749457,133.32991834413275,306.305103245526,324.8362057702776,53.95025117739404,53.95025117739404,135.3398781932793,324.4558675150551,310.9226787061449,329.73313917619305,0.0015782381028189,0.0030784745734507,1.5845422341308657,0.5499990728100844,4.81855957926859,6.231502532253891,0.0,2.0685843911385686,0.0,0.0,0.1538224560405706,0.1023846763218297,0.0646879007421798,0.0570475279404559,0.0248319148503991,0.3370709066678921,0.0,3.234134583571657,0.0302557690449614,0.0315985810454266,-0.3072224658393642,1132139000.0,593955000.0,-24580000.0,1304626000.0,146427000.0,60389000.0,0.0,53.78775568239524,64.20698156000394,0.0,1.673243266207834,1.4017167263328127,0.0,0.0851463420648162,0.0234779352220241,2001-01-16,0.18,bmo,196924000.0,2025-04-25,2000-12-31,0.3333333333333333,168.4557142857143,15067916.301587302
2000-09-30,JNPR,USD,1043604,2000-11-09,2000-11-09 00:00:00,2000,Q3,201201000.0,70291000.0,130910000.0,0.6506428894,23600000,28831000.0,0.0,28831000.0,2272000.0,54703000.0,124994000.0,0.0,0.0,5383000.0,81590000.0,0.4055148831,76207000.0,0.3787605429,11645000.0,87852000.0,0.4366379889,29781000.0,58071000.0,0.2886218259,0.19,0.17,307679000,349721000,https://www.sec.gov/Archives/edgar/data/1043604/000109581100004490/0001095811-00-004490-index.htm,https://www.sec.gov/Archives/edgar/data/1043604/000109581100004490/f67017e10-q.txt,0.6539315325387823,0.1887389129579854,0.1896782035823049,0.1675739975753951,3.70168909805349,1.927460112649872,1.927460112649872,1.927460112649872,3.773673211366392,67363240260.0,67953119260.0,290.003789585163,334.8056931128573,1154.270737834133,1306.5272844702183,113.58989924777292,113.58989924777292,337.7374827162887,832.8608807451893,1164.37832864976,1317.9681386372893,0.000862057700548,0.0007653877663989,1.957847628908048,0.5968258863744426,7.229795318053683,6.670078303869194,0.0,1.0049766664944637,0.0,0.0,0.1432945164288447,0.1172956396836993,0.0,0.1165352981494174,0.0338020188766457,1.2634218837079696,0.0,2.860979088477717,0.0287172907006599,0.0298500327691892,-0.4102156793281309,1084720000.0,593039000.0,-76360000.0,1117759000.0,88526000.0,43172500.0,0.0,52.03110322513308,62.010641476149154,0.0,1.729734609135223,1.451363795915839,0.0,0.0979210473510173,0.0221042060069098,2000-10-12,0.09,bmo,186739675.0,2025-04-25,2000-09-30,0.8888888888888891,178.50349206349205,7748150.968253968
2000-06-30,JNPR,USD,1043604,2000-08-10,2000-08-10 00:00:00,2000,Q2,113028000.0,40752000.0,72276000.0,0.6394521711,18000000,21418000.0,0.0,21418000.0,12315000.0,51733000.0,92485000.0,0.0,0.0,6117000.0,26660000.0,0.2358707577,20543000.0,0.1817514244,9876000.0,30419000.0,0.2691280037,10802000.0,19617000.0,0.1735587642,0.06,0.06,301879000,346411000,https://www.sec.gov/Archives/edgar/data/1043604/000109581100002534/0001095811-00-002534-index.htm,https://www.sec.gov/Archives/edgar/data/1043604/000109581100002534/e10-q.txt,0.3744149145849827,0.0649829898734261,0.2017795209338841,0.15356815147791,3.9151083712348327,1.751685277876235,1.751685277876235,1.751685277876235,3.861563739114016,43941507240.0,44310107240.0,559.9927007187642,388.7665643911244,721.3814331916012,947.8527845725748,83.09711900786125,83.09711900786125,392.0277032239799,1662.0445326331585,727.43268661862,955.803775750124,0.0004464343904467,0.0010550161546984,2.204484896850776,0.6368856919324808,13.82595648912228,9.264624898770522,0.0,3.10511291226997,0.0,0.0,0.1894928690236047,0.1592525745832891,0.0,0.2389309342833221,0.1287645539158438,2.3792708844204675,0.0,1.6003653645831544,0.0078181556723483,0.0107176106016766,-0.2455164155174755,1122584000.0,528797000.0,-43141000.0,1150981000.0,45348500.0,46458000.0,0.0,48.35943306083448,83.73233215547704,0.0,1.8610640014489648,1.0748536160784934,0.0,0.0370974116721539,0.048211369455974,2000-07-13,0.03542,bmo,56500000.0,2025-04-25,2000-06-30,1.2586109542631283,103.20206349206347,8764045.904761905
2000-03-31,JNPR,USD,1043604,2000-05-12,2000-05-12 00:00:00,2000,Q1,63886000.0,25101000.0,38785000.0,0.6070970166,15990000,14519000.0,0.0,14519000.0,2391000.0,32900000.0,58001000.0,0.0,0.0,4740000.0,10625000.0,0.166311868,5885000.0,0.0921172088,6636000.0,12521000.0,0.1959897317,4450000.0,8071000.0,0.1263344082,0.025,0.025,295544000,350290000,https://www.sec.gov/Archives/edgar/data/1043604/000089161800002778/0000891618-00-002778-index.html,https://www.sec.gov/Archives/edgar/data/1043604/000089161800002778/,0.2161640906260996,0.0273089624556749,0.0718437863736025,0.0504967111496088,4.567861299840295,1.5917596026310803,1.5917596026310803,1.5917596026310803,3.891129577998538,38946788320.0,39028259320.0,1206.3805079915749,609.6294699934258,1834.2574445438704,2609.674907531493,82.78888331012786,82.78888331012786,610.9047259180415,3673.247936,1838.094443554844,2615.133966764942,0.0002072314649846,0.0003831894911944,2.444546005292973,0.6785121114411893,7.667858823529412,18.69458697112156,0.0,2.630776855408252,0.0,0.0,0.2272641893372569,0.2502895783113671,0.0,0.2971318231055432,0.0987540306170366,1.331012658227848,0.0,0.9889688178102612,0.0023410095422648,0.0047619750012537,0.5008628156890345,1317362000.0,470435000.0,167362000.0,1334056000.0,26982000.0,35201000.0,0.0,42.2120652412109,197.2104697024023,0.0,2.132091843545588,0.456365223082797,0.0,0.0171564615727996,0.0213470752239937,2000-04-13,0.015,bmo,42600000.0,2025-04-25,2000-03-31,1.0,100.30650793650793,6043663.841269841
1999-12-31,JNPR,USD,1043604,2000-03-29,2000-03-29 00:00:00,1999,Q4,45400000.0,18400000.0,27000000.0,0.5947136564,15800000,10700000.0,0.0,10700000.0,1600000.0,28100000.0,46500000.0,0.0,0.0,6400000.0,5300000.0,0.1167400881,-1100000.0,-0.0242290749,6100000.0,5000000.0,0.1101321586,1900000.0,3100000.0,0.0682819383,0.0105,0.0105,295544000,295544000,https://www.sec.gov/Archives/edgar/data/1043604/000089161800001805/0000891618-00-001805-index.html,https://www.sec.gov/Archives/edgar/data/1043604/000089161800001805/,0.1536150285575075,0.0104891319059091,0.0426332458111144,0.0270687274991202,1.1703841052432125,1.5486695720434185,1.4610345667650164,1.5486695720434185,0.0,16748478480.0,16590478480.0,1350.6837483870968,368.9092176211454,1329.2443238095238,2093.55981,36.59269932270046,36.59269932270046,365.4290414096917,3130.278958490566,1316.7046412698412,2073.80981,0.0001850914400195,0.0004776553290827,0.0,0.0,-29.81132075471698,6.782764811490126,0.0,4.064516129032258,0.0,0.0,0.2356828193832599,0.3480176211453744,0.0504479937670432,0.365079365079365,0.1013215859030837,0.71875,0.0,0.6045614004765788,-0.0014900589906052,0.0063589743589743,1.0428227269036083,322100000.0,431800000.0,322100000.0,360400000.0,18800000.0,11900000.0,0.0,47.57709251101322,75.32608695652173,0.0,1.8916666666666664,1.1948051948051948,0.0,0.0067729954118418,0.0155645183119941,2000-01-18,,bmo,,2025-04-25,1999-12-31,,46.8571875,4921969.40625
1999-09-30,JNPR,USD,1043604,1999-10-29,1999-10-29 00:00:00,1999,Q3,29600000.0,12500000.0,17100000.0,0.5777027027,11500000,7300000.0,0.0,7300000.0,700000.0,19500000.0,32000000.0,0.0,0.0,1400000.0,-1136000.0,-0.0383783784,-2500000.0,-0.0844594595,1300000.0,-1200000.0,-0.0405405405,400000.0,-1600000.0,-0.0540540541,-0.0027,-0.0027,592284000,592284000,https://www.sec.gov/Archives/edgar/data/1043604/000089161899004780/0000891618-99-004780-index.html,https://www.sec.gov/Archives/edgar/data/1043604/000089161899004780/,0.0499760250150265,-0.002701406757569,0.0180656576912427,0.0151954130113256,0.142836882306461,0.191124528098007,0.191124528098007,0.191124528098007,0.0,17969896560.0,17933396560.0,-2807.7963375,607.0911,1679.429585046729,1996.655173333333,158.74466925795053,158.74466925795053,605.8579918918919,-15786.440633802817,1676.018370093458,1992.5996177777777,-8.903779688757429e-05,0.0005008376074926,0.0,0.0,32.13028169014085,2.956395348837209,0.0,-6.6875,0.0,0.0,0.2466216216216216,0.3885135135135135,0.0,0.1588785046728972,0.0574324324324324,1.2142857142857142,0.0,,-0.0294464075382803,-0.010840108401084,0.1019781050982299,67300000.0,113200000.0,67300000.0,76700000.0,15450000.0,7400000.0,0.0,41.35135135135136,60.48,0.0,2.176470588235294,1.488095238095238,0.0,-0.0141342756183745,0.002870244679917,1999-10-29,,amc,,2025-04-25,1999-09-30,,29.17546875,4549287.46875
1999-06-30,JNPR,USD,1043604,1999-07-30,1999-07-30 00:00:00,1999,Q2,17600000.0,8600000.0,9000000.0,0.5113636364,8000000,0.0,0.0,4800000.0,900000.0,13700000.0,22300000.0,0.0,0.0,300000.0,-4400000.0,-0.25,-4200000.0,-0.2386363636,400000.0,-3800000.0,-0.2159090909,100000.0,-3900000.0,-0.2215909091,-0.0061,-0.0061,644394000,644394000,https://www.sec.gov/Archives/edgar/data/1043604/000089161899003386/0000891618-99-003386-index.html,https://www.sec.gov/Archives/edgar/data/1043604/000089161899003386/,0.0273124827357175,-0.0060521978789374,-0.0017070301709823,-0.0052762750739454,0.1672889567562702,0.1769103995381707,0.1769103995381707,0.1769103995381707,0.0057418287569406,16000303019.999998,15911603019.999998,-1025.66045,909.1081261363636,-14545.730018181815,-4705.971476470588,140.35353526315788,140.35353526315788,904.0683534090908,-3616.2734136363633,-14465.093654545451,-4679.88324117647,-0.0002437453837671,-0.0002124959755918,0.0324561403508771,0.0258560447239692,20.15909090909091,4.7368421052631575,0.0,0.2894736842105263,0.0,0.0,0.0,0.4545454545454545,0.0,-2.090909090909091,0.1306818181818181,7.666666666666667,0.0,,-0.0366229933372087,-0.0272536687631027,0.1422654462952789,99400000.0,114000000.0,96900000.0,108500000.0,12950000.0,5900000.0,0.0,88.4659090909091,66.9767441860465,0.0,1.0173410404624277,1.34375,0.0,-0.0342105263157894,0.003569244902963,1999-10-20,-0.00362,bmo,59200000.0,2025-04-25,1999-06-30,0.6712707182320442,19.27,21545916.0
1999-03-31,JNPR,USD,1043604,1999-03-31,1999-03-31 00:00:00,1999,Q1,10000000.0,5200000.0,4800000.0,0.48,6200000,0.0,0.0,3400000.0,2100000.0,11700000.0,16900000.0,0.0,0.0,2100000.0,-4800000.0,-0.48,-6900000.0,-0.69,300000.0,-6700000.0,-0.67,6700000.0,-6700000.0,-0.67,-0.0223,-0.0223,300396000,300396000,,,0.0332893913367688,-0.022303892195635,-0.0056591965272506,-0.0103197113143983,0.1627851236367994,0.156793033196181,0.156793033196181,0.156793033196181,0.0133157565347075,4950526080.0,4905626080.0,-184.7211223880597,495.052608,-2912.0741647058826,-1596.9438967741935,105.10671082802548,105.10671082802548,490.562608,-1022.0054333333334,-2885.6624,-1582.4600258064515,-0.0013533915167254,-0.0006261960749028,0.0849256900212314,0.059612518628912,9.354166666666666,3.4244186046511627,0.0,0.2537313432835821,0.0,0.0,0.0,0.62,0.0,-0.8235294117647058,0.14,0.6666666666666666,0.0,,-0.2700587084148728,-0.0998509687034277,0.1176779983754777,41700000.0,47100000.0,38900000.0,49800000.0,,,,77.4,93.46153846153844,0.0,1.162790697674419,0.9629629629629628,0.0,-0.1422505307855626,0.0046605147871476,1999-03-31,,amc,,2025-04-25,1999-03-31,,,
