date,symbol,reportedCurrency,cik,fillingDate,acceptedDate,calendarYear,period,revenue,costOfRevenue,grossProfit,grossProfitRatio,researchAndDevelopmentExpenses,generalAndAdministrativeExpenses,sellingAndMarketingExpenses,sellingGeneralAndAdministrativeExpenses,otherExpenses,operatingExpenses,costAndExpenses,interestIncome,interestExpense,depreciationAndAmortization,ebitda,ebitdaratio,operatingIncome,operatingIncomeRatio,totalOtherIncomeExpensesNet,incomeBeforeTax,incomeBeforeTaxRatio,incomeTaxExpense,netIncome,netIncomeRatio,eps,epsdiluted,weightedAverageShsOut,weightedAverageShsOutDil,link,finalLink,revenuePerShare,netIncomePerShare,operatingCashFlowPerShare,freeCashFlowPerShare,cashPerShare,bookValuePerShare,tangibleBookValuePerShare,shareholdersEquityPerShare,interestDebtPerShare,marketCap,enterpriseValue,peRatio,priceToSalesRatio,pocfratio,pfcfRatio,pbRatio,ptbRatio,evToSales,enterpriseValueOverEBITDA,evToOperatingCashFlow,evToFreeCashFlow,earningsYield,freeCashFlowYield,debtToEquity,debtToAssets,netDebtToEBITDA,currentRatio,interestCoverage,incomeQuality,dividendYield,payoutRatio,salesGeneralAndAdministrativeToRevenue,researchAndDdevelopementToRevenue,intangiblesToTotalAssets,capexToOperatingCashFlow,capexToRevenue,capexToDepreciation,stockBasedCompensationToRevenue,grahamNumber,roic,returnOnTangibleAssets,grahamNetNet,workingCapital,tangibleAssetValue,netCurrentAssetValue,investedCapital,averageReceivables,averagePayables,averageInventory,daysSalesOutstanding,daysPayablesOutstanding,daysOfInventoryOnHand,receivablesTurnover,payablesTurnover,inventoryTurnover,roe,capexPerShare,report_date,epsEstimated,time,revenueEstimated,updatedFromDate,fiscalDateEnding,surprise(%),QuarterAvgPrice,QuarterAvgVolume
2025-03-31,KDP,USD,1418135,2025-04-24,2025-04-24 08:39:03,2025,Q1,3635000000.0,1650000000.0,1985000000.0,0.5460797799,0,0.0,0.0,1192000000.0,-8000000.0,1192000000.0,2842000000.0,0.0,148000000.0,163000000.0,942000000.0,0.2591471802,801000000.0,0.2203576341,-141000000.0,660000000.0,0.181568088,143000000.0,517000000.0,0.1422283356,0.38,0.38,1357100000,1362200000,https://www.sec.gov/Archives/edgar/data/1418135/000141813525000061/0001418135-25-000061-index.htm,https://www.sec.gov/Archives/edgar/data/1418135/000141813525000061/kdp-20250331.htm,2.678505637020117,0.3809593987178542,0.154004863311473,0.0655810183479478,0.4811730896765161,18.014147815194164,-14.170658020779603,18.014147815194164,13.105887554343822,46439962000.0,63424962000.0,22.456461315280464,12.77578046767538,222.2007751196172,521.7973258426966,1.89961803084223,1.89961803084223,17.448407702888584,67.33010828025478,303.4687177033493,712.6400224719101,0.0111326533815854,0.0019164529032129,0.7214791180921994,0.3284604927466061,18.030785562632698,0.4738850725111765,5.412162162162162,0.4042553191489361,0.0067183517505892,0.6034816247582205,0.0,0.0,0.813385724128941,0.5741626794258373,0.0330123796423658,0.7361963190184049,0.0060522696011004,12.42617502299262,0.0128588994774054,0.0515916575192096,-19.64446245670916,-4825000000.0,-19231000000.0,-24906000000.0,42656000000.0,1531000000.0,3069500000.0,1419000000.0,38.624484181568086,172.03636363636366,83.94545454545455,2.3301282051282053,0.523145212428662,1.0721247563352827,0.0211477890947764,0.0884238449635251,2025-04-24,0.3824,bmo,3566639931.0,2025-05-11,2025-03-31,0.0983263598326358,32.48491666666667,12391164.233333332
2024-12-31,KDP,USD,1418135,2025-02-25,2025-02-25 09:19:39,2024,Q4,4070000000.0,1793000000.0,2277000000.0,0.5594594595,0,0.0,0.0,1297000000.0,917000000.0,2214000000.0,4007000000.0,0.0,247000000.0,183000000.0,276000000.0,0.0678132678,63000000.0,0.0154791155,-217000000.0,-154000000.0,-0.0378378378,-10000000.0,-144000000.0,-0.0353808354,-0.11,-0.11,1362200000,1368300000,https://www.sec.gov/Archives/edgar/data/1418135/000141813525000013/0001418135-25-000013-index.htm,https://www.sec.gov/Archives/edgar/data/1418135/000141813525000013/kdp-20241231.htm,2.9878138305681987,-0.1057113492879166,0.6232564968433416,0.4947878431948319,0.3743943620613713,17.796946116576127,-14.27396858023785,17.796946116576127,12.862281603288798,43753864000.0,60517864000.0,-75.96156944444444,10.750335135135137,51.5357644287397,64.9167121661721,1.8048040259043847,1.8048040259043847,14.869254054054052,219.2676231884058,71.28134746760895,89.78911572700297,-0.0032911378981294,0.015404353773189,0.7125355772800396,0.3233015160022459,60.73913043478261,0.4942500309138123,0.2550607287449393,-5.895833333333333,0.0071079436549878,-2.1597222222222223,0.0,0.0,0.8176492607149541,0.2061248527679623,0.042997542997543,0.9562841530054644,0.0054054054054054,,0.0012212175237176,-0.0147798419378014,-19.74820143884892,-4090000000.0,-19444000000.0,-25190000000.0,42561000000.0,1559000000.0,3059000000.0,1325000000.0,33.21375921375921,149.83268265476852,65.20356943669826,2.7097203728362182,0.6006700167504188,1.3802925327174749,-0.0059398589283504,0.1284686536485097,2025-02-25,0.571,bmo,4011399700.0,2025-05-11,2024-12-31,0.0157618213660245,33.83375,11122591.515625
2024-09-30,KDP,USD,1418135,2024-10-24,2024-10-24 09:28:15,2024,Q3,3891000000.0,1751000000.0,2140000000.0,0.5499871498,0,0.0,0.0,1245000000.0,-7000000.0,1245000000.0,2996000000.0,0.0,106000000.0,175000000.0,1083000000.0,0.2783346184,902000000.0,0.2318170136,-100000000.0,802000000.0,0.2061166795,186000000.0,616000000.0,0.1583140581,0.45,0.45,1356200000,1361900000,https://www.sec.gov/Archives/edgar/data/1418135/000141813524000090/0001418135-24-000090-index.htm,https://www.sec.gov/Archives/edgar/data/1418135/000141813524000090/kdp-20240930.htm,2.86904586344197,0.4542102934670403,0.4630585459371774,0.3708892493732488,0.4070196136263088,18.41100132723787,-13.40583984663029,18.41100132723787,12.267364695472644,50830375999.99999,66809375999.99999,20.629211038961035,13.06357645849396,80.9400891719745,101.05442544731608,2.035739356802435,2.035739356802435,17.170232845026984,61.68917451523545,106.38435668789808,132.82182107355862,0.0121187378192913,0.0098956576673759,0.6620609555849253,0.3135741113092302,14.75438596491228,0.5327964670736459,8.50943396226415,1.0194805194805194,0.0057445964987549,0.474025974025974,0.0,0.0,0.8185060131264463,0.1990445859872611,0.0321254176304292,0.7142857142857143,0.0061680801850424,13.716978242565036,0.014516972174375,0.06438127090301,-18.66207049107801,-3597000000.0,-18181000000.0,-23647000000.0,43188000000.0,1570000000.0,3116000000.0,1361500000.0,37.37856592135697,161.03369503141062,69.44031981724729,2.4077970297029703,0.5588892435365465,1.2960769800148038,0.0246705915335015,0.0921692965639286,2024-10-24,0.51,bmo,3923806385.0,2025-04-24,2024-09-30,0.0,35.15375,7389561.375
2024-06-30,KDP,USD,1418135,2024-07-25,2024-07-25 09:23:14,2024,Q2,3922000000.0,1841000000.0,2081000000.0,0.5305966344,0,0.0,0.0,1163000000.0,15000000.0,1163000000.0,3004000000.0,0.0,204000000.0,205000000.0,1066000000.0,0.271800102,918000000.0,0.2340642529,-189000000.0,672000000.0,0.1713411525,157000000.0,515000000.0,0.1313105558,0.38,0.38,1355600000,1361200000,https://www.sec.gov/Archives/edgar/data/1418135/000141813524000073/0001418135-24-000073-index.htm,https://www.sec.gov/Archives/edgar/data/1418135/000141813524000073/kdp-20240630.htm,2.893183830038359,0.3799055768663322,0.4846562407789908,0.3865447034523458,0.3231041605193272,18.23399232812039,-13.62570079669519,18.23399232812039,12.327382708763649,44517904000.00001,60586904000.00001,21.61063300970874,11.350816930137686,67.75936681887367,84.95783206106871,1.8010317986892144,1.8010317986892144,15.447961244263134,56.83574484052534,92.21750989345512,115.62386259541988,0.0115683793199248,0.0117705451721177,0.6678129298486932,0.3153561057618829,15.074108818011258,0.508589692369157,4.5,1.275728155339806,0.006559158760035,0.566990291262136,0.0,0.0,0.825099342809109,0.2024353120243531,0.0339112697603263,0.6487804878048781,0.0061193268740438,12.48446618461495,0.0148210749497405,0.0562534134352812,-18.706845677190916,-3690000000.0,-18471000000.0,-23807000000.0,43034000000.0,1486500000.0,3143000000.0,1288000000.0,34.971953085160635,151.49918522542097,67.0722433460076,2.573490813648294,0.5940626008389803,1.3418367346938775,0.0208350190144833,0.098111537326645,2024-07-25,0.45,bmo,3913135707.0,2025-04-24,2024-06-30,0.0,33.17873015873016,7715157.111111111
2024-03-31,KDP,USD,1418135,2024-04-25,2024-04-25 09:21:18,2024,Q1,3468000000.0,1561000000.0,1907000000.0,0.5498846597,0,0.0,0.0,1143000000.0,7000000.0,1143000000.0,2704000000.0,0.0,178000000.0,170000000.0,931000000.0,0.2684544406,764000000.0,0.2202998847,-171000000.0,594000000.0,0.1712802768,140000000.0,454000000.0,0.130911188,0.33,0.33,1380700000,1387700000,https://www.sec.gov/Archives/edgar/data/1418135/000141813524000054/0001418135-24-000054-index.htm,https://www.sec.gov/Archives/edgar/data/1418135/000141813524000054/kdp-20240331.htm,2.51176939233722,0.3288187151444919,0.0615629753023828,-0.0753241109582096,0.2295936843630042,17.855435648584052,-13.588035054682408,17.855435648584052,10.874918519591512,43119261000.0,57639261000.0,23.744086453744497,12.43346626297578,507.2854235294118,-414.6082788461538,1.7490472153490446,1.7490472153490446,16.62031747404844,61.91112889366273,678.1089529411764,-554.2236634615384,0.0105289374045626,-0.0024119151763755,0.6018334482618748,0.28376620892782,15.596133190118152,0.5092804111936037,4.292134831460674,0.1872246696035242,0.0069342561320798,0.6585903083700441,0.0,0.0,0.8303178671154803,2.223529411764706,0.0544982698961937,1.4104477611940298,0.008073817762399,11.49356479457234,0.0123163961935555,0.0511722272317403,-18.56105598609401,-3437000000.0,-18761000000.0,-24066000000.0,42672000000.0,1484000000.0,3392000000.0,1173000000.0,37.6038062283737,183.74759769378605,69.4170403587444,2.393374741200828,0.4898023219328522,1.2965116279069768,0.0184156086480347,0.1368870862605924,2024-04-25,0.35,bmo,3406949193.0,2025-04-24,2024-03-31,0.0857142857142858,30.788688524590164,11041852.295081967
2023-12-31,KDP,USD,1418135,2024-02-22,2024-02-22 09:06:02,2023,Q4,3867000000.0,1683000000.0,2184000000.0,0.5647788984,66000000,-1165000000.0,2423000000.0,1258000000.0,20000000.0,1241000000.0,2924000000.0,0.0,64000000.0,182000000.0,1122000000.0,0.2901474011,943000000.0,0.2438582881,-44000000.0,899000000.0,0.2324799586,206000000.0,693000000.0,0.1792086889,0.5,0.49,1393600000,1401300000,https://www.sec.gov/Archives/edgar/data/1418135/000141813524000007/0001418135-24-000007-index.htm,https://www.sec.gov/Archives/edgar/data/1418135/000141813524000007/kdp-20231231.htm,2.7748277841561424,0.4972732491389208,0.2131171067738232,0.1018943742824339,0.1915901262916188,18.42422502870264,-12.782003444316878,18.42422502870264,10.683122847301952,46434752000.0,60991752000.0,16.751353535353534,12.007952417895009,156.34596632996633,327.0052957746479,1.8084885496183207,1.8084885496183207,15.772369278510473,54.35985026737968,205.35943434343432,429.5193802816901,0.014924167141024,0.0030580544502531,0.5773484966505686,0.2843660080567811,12.97415329768271,0.3785329744279946,14.734375,0.4285714285714285,0.0064606784160277,0.4329004329004329,-0.3012671321437807,0.017067494181536,0.8342413197774794,0.5218855218855218,0.0400827514869407,0.8516483516483516,0.0077579519006982,14.357651983002503,0.0155457161316965,0.0801990510357597,-17.56368398392652,-5541000000.0,-17813000000.0,-23079000000.0,41523000000.0,1464000000.0,3843500000.0,1245000000.0,35.35298681148177,192.35294117647052,61.06951871657754,2.5457537853851218,0.4678899082568807,1.4737302977232924,0.0269901853871319,0.1112227324913892,2024-02-22,0.54,bmo,3913810000.0,2025-04-24,2023-12-31,0.0185185185185185,31.160317460317454,8268817.825396826
2023-09-30,KDP,USD,1418135,2023-10-26,2023-10-26 09:14:23,2023,Q3,3805000000.0,1694000000.0,2111000000.0,0.5547963206,0,0.0,0.0,1217000000.0,5000000.0,1213000000.0,2907000000.0,237000000.0,237000000.0,177000000.0,1078000000.0,0.2833114323,896000000.0,0.2354796321,-232000000.0,664000000.0,0.1745072273,146000000.0,518000000.0,0.1361366623,0.37,0.37,1397400000,1406200000,https://www.sec.gov/Archives/edgar/data/1418135/000141813523000018/0001418135-23-000018-index.htm,https://www.sec.gov/Archives/edgar/data/1418135/000141813523000018/kdp-20230930.htm,2.722913983111493,0.370688421353943,0.41505653356233,0.327751538571633,0.1381136396164305,18.150851581508515,-12.86746815514527,18.150851581508515,10.440818663231717,44115918000.0,58208918000.0,21.29146621621621,11.59419658344284,76.0619275862069,96.3229650655022,1.7393123324396784,1.7393123324396784,15.298007358738502,53.99714100185529,100.36020344827588,127.09370742358078,0.0117417935177048,0.0103817402144958,0.5658807759028545,0.2772830013716361,13.073283858998144,0.3864306784660767,3.780590717299578,1.1196911196911197,0.0063242478599221,0.5386100386100386,0.0,0.0,0.8373741861947723,0.2103448275862069,0.0320630749014454,0.6892655367231638,0.0076215505913272,12.303941916192144,0.0152016692070035,0.0615348063673081,-17.51484900529555,-5408000000.0,-17981000000.0,-22993000000.0,41337000000.0,1428000000.0,4345500000.0,1366000000.0,33.32720105124836,217.29634002361271,71.61747343565524,2.7004968062455643,0.4141809290953545,1.2566765578635015,0.0204226462703043,0.087304994990697,2023-10-26,0.47,bmo,3767650000.0,2025-04-24,2023-09-30,0.0212765957446808,32.99301587301587,8815211.80952381
2023-06-30,KDP,USD,1418135,2023-07-27,2023-07-27 09:27:30,2023,Q2,3789000000.0,1748000000.0,2041000000.0,0.5386645553,0,0.0,0.0,1272000000.0,16000000.0,1272000000.0,3020000000.0,172000000.0,172000000.0,175000000.0,944000000.0,0.2491422539,769000000.0,0.202955925,-156000000.0,613000000.0,0.1617841119,110000000.0,503000000.0,0.1327527052,0.36,0.36,1400300000,1409100000,https://www.sec.gov/Archives/edgar/data/1418135/000141813523000014/0001418135-23-000014-index.htm,https://www.sec.gov/Archives/edgar/data/1418135/000141813523000014/kdp-20230630.htm,2.705848746697136,0.3592087409840748,0.272084553310005,0.2070984788973791,0.1985288866671427,18.043990573448543,-13.047918303220738,18.0447047061344,9.098764550453474,43787381000.0,56078381000.0,21.76311182902585,11.556447875428873,114.92750918635171,150.99096896551723,1.7329183552319138,1.7329183552319138,14.800311691739244,59.40506461864407,147.18735170603674,193.37372758620688,0.0114873278216845,0.0066229126606133,0.4974275763811936,0.2426401034729059,13.020127118644067,0.3942137809187279,4.47093023255814,0.757455268389662,0.0064402116216998,0.5606361829025845,0.0,0.0,0.8404857049091716,0.2388451443569554,0.0240168910002639,0.52,0.0073898126154658,12.076458600338878,0.0138366486555012,0.0608737746581144,-17.481075483824895,-5486000000.0,-18271000000.0,-22964000000.0,40541000000.0,1449000000.0,4774000000.0,1387500000.0,34.37054631828978,236.8935926773455,71.25858123569793,2.6185210780926056,0.3799174092588567,1.2630057803468209,0.0199066012347633,0.0649860744126258,2023-07-27,0.4,bmo,3690430000.0,2025-04-24,2023-06-30,0.0499999999999999,32.825322580645164,9103688.467741936
2023-03-31,KDP,USD,1418135,2023-04-27,2023-04-27 09:06:19,2023,Q1,3353000000.0,1609000000.0,1744000000.0,0.5201312258,0,0.0,0.0,1165000000.0,-5000000.0,1160000000.0,2769000000.0,23000000.0,23000000.0,186000000.0,762000000.0,0.2272591709,584000000.0,0.1741723829,-3000000.0,581000000.0,0.1732776618,114000000.0,467000000.0,0.1392782583,0.33,0.33,1406200000,1417000000,https://www.sec.gov/Archives/edgar/data/1418135/000141813523000009/0001418135-23-000009-index.htm,https://www.sec.gov/Archives/edgar/data/1418135/000141813523000009/kdp-20230331.htm,2.384440335656379,0.332100696913668,0.0504906841132129,-0.0298677286303513,0.145071824775992,17.85094581140663,-13.00526240933011,17.85165694780259,8.719954487270659,49610736000.0,61645736000.0,26.558209850107065,14.7959248434238,698.7427605633803,-1181.208,1.9762871369955783,1.9762871369955783,18.38524783775723,80.89991601049869,868.2498028169014,-1467.7556190476191,0.0094132850599112,-0.0008465909475723,0.4875512886905948,0.2369144405729771,15.793963254593177,0.3929001862605456,25.39130434782609,0.15203426124197,0.0056640965778052,0.6017130620985011,0.0,0.0,0.8399148277197057,1.591549295774648,0.0337011631374888,0.6075268817204301,0.0086489710706829,11.549559452730294,0.0104214053176878,0.0564691656590084,-17.4727990328545,-5541000000.0,-18288000000.0,-22972000000.0,40329000000.0,1467500000.0,5076500000.0,1352500000.0,38.947211452430665,276.7122436295836,77.80609073958982,2.310820124052378,0.3252476248231251,1.1567217828900072,0.0186033541807752,0.0803584127435642,2023-04-27,0.33,bmo,3298290000.0,2025-04-24,2023-03-31,0.0303030303030303,35.13935483870968,7625335.403225807
2022-12-31,KDP,USD,1418135,2023-02-23,2023-02-23 16:09:13,2022,Q4,3803000000.0,1807000000.0,1996000000.0,0.5248488036,65000000,-1056000000.0,2283000000.0,1227000000.0,-70000000.0,1157000000.0,2964000000.0,123000000.0,123000000.0,179000000.0,1029000000.0,0.2705758612,673000000.0,0.1769655535,-115000000.0,558000000.0,0.1467262687,105000000.0,453000000.0,0.119116487,0.32,0.32,1415500000,1427500000,https://www.sec.gov/Archives/edgar/data/1418135/000141813523000003/0001418135-23-000003-index.htm,https://www.sec.gov/Archives/edgar/data/1418135/000141813523000003/kdp-20221231.htm,2.6866831508300955,0.3200282585658778,0.522077004592017,0.4514305898975627,0.4125750618156129,17.74991169198163,-12.808194984104556,17.750618156128578,8.54115153655952,50476729999.99999,61908729999.99999,27.85691501103752,13.272871417302127,68.30410013531798,78.99331768388105,2.008944121627,2.008944121627,16.278919274257163,60.16397473275023,83.77365358592692,96.88377151799686,0.0089744323770577,0.0126592986510814,0.4762795510626442,0.2308582672608368,11.109815354713314,0.4710252600297177,5.471544715447155,1.6313465783664458,0.0056263549560361,0.6269315673289183,-0.2776755193268472,0.0170917696555351,0.8344425796245925,0.13531799729364,0.0262950302392847,0.5586592178770949,0.0023665527215356,11.305562209899508,0.0121816729850786,0.0527848986250291,-17.20805369127517,-4272000000.0,-18130000000.0,-22908000000.0,41474000000.0,1557500000.0,5245000000.0,1376000000.0,35.11964238758875,259.2916436081904,65.44548976203653,2.56266846361186,0.3470995005762581,1.3751902587519025,0.0180291331688291,0.0706464146944542,2023-02-23,0.51,bmo,3779918838.0,2025-04-24,2022-12-31,-0.0196078431372549,37.46698412698413,7357826.793650794
2022-09-30,KDP,USD,1418135,2022-10-27,2022-10-27 16:29:45,2022,Q3,3622000000.0,1721000000.0,1901000000.0,0.5248481502,0,0.0,0.0,1196000000.0,-4000000.0,1196000000.0,2917000000.0,207000000.0,207000000.0,172000000.0,918000000.0,0.253451132,701000000.0,0.1935394809,-211000000.0,183000000.0,0.0505245721,4000000.0,180000000.0,0.0496963004,0.13,0.13,1416100000,1427200000,https://www.sec.gov/Archives/edgar/data/1418135/000141813522000023/0001418135-22-000023-index.htm,https://www.sec.gov/Archives/edgar/data/1418135/000141813522000023/kdp-20220930.htm,2.557728973942518,0.1271096673963703,0.5359790975213615,0.4773674175552574,0.6532024574535696,17.72544311842384,-12.867735329425887,17.72614928324271,9.41882635407104,50724702000.0,62930702000.0,70.450975,14.004611264494754,66.83096442687747,75.03654142011834,2.020743446737312,2.020743446737312,17.374572611816674,68.55196296296296,82.91265085638999,93.09275443786984,0.0035485669289885,0.0133268402444237,0.5231057286272011,0.2552682737169517,13.296296296296296,0.5979538227568091,3.3864734299516908,4.216666666666667,0.0052242790898998,1.4722222222222223,0.0,0.0,0.8422045101088647,0.1093544137022397,0.0229155162893429,0.4825581395348837,0.0085588072887907,7.120127185750002,0.0154292888305223,0.0221756806701983,-16.57492408728197,-2908000000.0,-18222000000.0,-22014000000.0,43730000000.0,1551000000.0,5117000000.0,1338500000.0,40.52733296521259,276.3277164439279,75.20046484601976,2.220723482526058,0.3257002271006813,1.1968011126564673,0.0071707433670623,0.058611679966104,2022-10-27,0.46,bmo,3633092586.0,2025-04-24,2022-09-30,0.0,37.82671875,6949530.59375
2022-06-30,KDP,USD,1418135,2022-07-28,2022-07-28 16:49:12,2022,Q2,3554000000.0,1778000000.0,1776000000.0,0.4997186269,0,0.0,0.0,1204000000.0,-9000000.0,1204000000.0,2982000000.0,0.0,175000000.0,176000000.0,780000000.0,0.2194710186,572000000.0,0.1609454136,-359000000.0,213000000.0,0.0599324705,-5000000.0,218000000.0,0.061339336,0.15,0.15,1417500000,1428600000,https://www.sec.gov/Archives/edgar/data/1418135/000141813522000017/0001418135-22-000017-index.htm,https://www.sec.gov/Archives/edgar/data/1418135/000141813522000017/kdp-20220630.htm,2.507231040564374,0.1537918871252204,0.4768959435626102,0.4225749559082892,0.3894179894179894,17.91252204585538,-13.083597883597884,17.91252204585538,9.38201058201058,50165325000.0,62737325000.0,57.52904243119266,14.11517304445695,74.20906065088758,83.74845575959934,1.9757128510102004,1.9757128510102004,17.65259566685425,80.43246794871794,92.80669378698224,104.7367696160267,0.0043456311705346,0.0119405186750011,0.516876058445906,0.2551917243524928,16.117948717948718,0.5577577281467239,3.2685714285714287,3.1009174311926606,0.0053024673915697,1.220183486238532,0.0,0.0,0.854340048222758,0.1139053254437869,0.0216657287563308,0.4375,0.0075970737197523,7.872929111429546,0.0130474766553065,0.0291015885729542,-16.763492063492063,-2990000000.0,-18546000000.0,-22266000000.0,44222000000.0,1414500000.0,4730000000.0,1142000000.0,37.25098480585256,250.56242969628795,62.71653543307087,2.416043507817811,0.3591919191919192,1.4350282485875707,0.0085857193493757,0.0543209876543209,2022-07-28,0.39,bmo,3378682500.0,2025-04-24,2022-06-30,0.0,36.29774193548387,12043711.241935484
2022-03-31,KDP,USD,1418135,2022-04-28,2022-04-28 16:19:18,2022,Q1,3078000000.0,1428000000.0,1650000000.0,0.5360623782,0,0.0,0.0,1018000000.0,-35000000.0,983000000.0,2411000000.0,0.0,188000000.0,182000000.0,856000000.0,0.2781026641,658000000.0,0.2137751787,-201000000.0,765000000.0,0.2485380117,180000000.0,585000000.0,0.1900584795,0.41,0.41,1418200000,1429700000,https://www.sec.gov/Archives/edgar/data/1418135/000141813522000011/0001418135-22-000011-index.htm,https://www.sec.gov/Archives/edgar/data/1418135/000141813522000011/kdp-20220331.htm,2.17035679029756,0.4124947116062614,0.4674940064870963,0.3835848258355662,0.4174305457622338,17.988295021858693,-13.130023974051614,17.988295021858693,9.375264419686928,53749780000.0,66265780000.0,22.96999145299145,17.46256660168941,81.07055806938159,98.80474264705884,2.1069256399200347,2.1069256399200347,21.52884340480832,77.41329439252337,99.94838612368024,121.8120955882353,0.0108837654777377,0.0101209716579305,0.5138175688918506,0.2557958004839591,14.621495327102805,0.5412531017369727,3.5,1.1333333333333333,0.0049302527377786,0.452991452991453,0.0,0.0,0.8612130200608852,0.1794871794871795,0.0386614684860298,0.6538461538461539,-0.0048732943469785,12.920979945999605,0.0111876661016594,0.0822553430821147,-16.64081229727824,-2958000000.0,-18621000000.0,-22243000000.0,44419000000.0,1253000000.0,4413000000.0,969500000.0,39.707602339181285,284.24369747899163,65.86134453781513,2.2665684830633284,0.316629711751663,1.366507177033493,0.0229312845439222,0.0839091806515301,2022-04-28,0.33,bmo,3011061483.0,2025-04-24,2022-03-31,0.0,37.92258064516129,6425372.629032258
2021-12-31,KDP,USD,1418135,2022-02-24,2022-02-24 16:22:20,2021,Q4,3391000000.0,1619000000.0,1772000000.0,0.5225597169,66000000,-902000000.0,2015000000.0,1113000000.0,-4000000.0,1047000000.0,2666000000.0,0.0,119000000.0,185000000.0,966000000.0,0.2848717193,725000000.0,0.2138012386,384000000.0,1109000000.0,0.3270421705,266000000.0,843000000.0,0.2485992333,0.59,0.59,1418000000,1429000000,https://www.sec.gov/Archives/edgar/data/1418135/000141813522000005/0001418135-22-000005-index.htm,https://www.sec.gov/Archives/edgar/data/1418135/000141813522000005/kdp-20211231.htm,2.3913963328631875,0.5944992947813822,0.6636107193229901,0.5937940761636107,0.4414668547249647,17.61071932299013,-13.445698166431594,17.61071932299013,8.463328631875882,52267480000.0,63582480000.0,15.50043890865955,15.41358891182542,55.544612114771525,62.0753919239905,2.0930434086176515,2.0930434086176515,18.75036272485992,65.82037267080746,67.56905419766206,75.51363420427553,0.0161285755502274,0.016109443194889,0.4758129104597148,0.2348314162615123,11.713250517598343,0.4713955281418658,6.092436974789916,1.1162514827995256,0.0051274712306772,0.3179122182680901,-0.2659982306104394,0.0194632851666175,0.8703506067433495,0.1052072263549415,0.0291949277499262,0.5351351351351351,0.0058979652020053,15.348130339148351,0.0123643677361931,0.1285060975609756,-16.708039492242595,-3428000000.0,-19066000000.0,-22569000000.0,43104000000.0,1204500000.0,4194000000.0,933000000.0,30.468888233559426,239.92588017294628,49.69734403953058,2.9538327526132404,0.3751158480074142,1.8109619686800893,0.0337578087457952,0.0698166431593794,2022-02-24,0.45,bmo,3304747730.0,2025-04-24,2021-12-31,0.0,35.2659375,5553768.546875
2021-09-30,KDP,USD,1418135,2021-10-28,2021-10-28 16:16:57,2021,Q3,3250000000.0,1415000000.0,1835000000.0,0.5646153846,0,0.0,0.0,1040000000.0,-1000000.0,1040000000.0,2455000000.0,0.0,116000000.0,170000000.0,1029000000.0,0.3166153846,795000000.0,0.2446153846,-117000000.0,678000000.0,0.2086153846,149000000.0,530000000.0,0.1630769231,0.37,0.37,1417600000,1428500000,https://www.sec.gov/Archives/edgar/data/1418135/000141813521000028/0001418135-21-000028-index.htm,https://www.sec.gov/Archives/edgar/data/1418135/000141813521000028/kdp-20210930.htm,2.2926072234762978,0.3738713318284424,0.5601015801354402,0.4613431151241535,0.1431997742663656,17.21571670428894,-13.876269751693002,17.21571670428894,9.93933408577878,48425215999.99999,62199215999.99999,22.84208301886792,14.90006646153846,60.9889370277078,74.0446727828746,1.984233394796148,1.984233394796148,19.138220307692304,60.44627405247813,78.33654408060453,95.10583486238532,0.0109447111190996,0.0135053605130021,0.5725875845113706,0.2776475263262468,13.38581146744412,0.4125091979396615,6.853448275862069,1.4981132075471697,0.0054310547628739,0.4962264150943396,0.0,0.0,0.8757401152394199,0.1763224181360201,0.043076923076923,0.8235294117647058,0.0061538461538461,12.034135448124538,0.0138859997900037,0.0847457627118644,-17.134770033860047,-3992000000.0,-19671000000.0,-23122000000.0,43136000000.0,1211500000.0,4024000000.0,934500000.0,34.92,258.9964664310954,61.82332155477032,2.577319587628866,0.3474950884086444,1.455761316872428,0.0217168612989141,0.0987584650112866,2021-10-28,0.44,bmo,3160910000.0,2025-04-24,2021-09-30,0.0,34.9675,5156488.703125
2021-06-30,KDP,USD,1418135,2021-07-29,2021-07-29 16:07:07,2021,Q2,3140000000.0,1370000000.0,1770000000.0,0.5636942675,0,0.0,0.0,1039000000.0,4000000.0,1036000000.0,2406000000.0,0.0,125000000.0,178000000.0,978000000.0,0.3114649682,734000000.0,0.2337579618,-121000000.0,613000000.0,0.1952229299,165000000.0,448000000.0,0.1426751592,0.32,0.31,1417400000,1428100000,https://www.sec.gov/Archives/edgar/data/1418135/000141813521000018/0001418135-21-000018-index.htm,https://www.sec.gov/Archives/edgar/data/1418135/000141813521000018/kdp-20210630.htm,2.2153238323691267,0.3160716805418371,0.4183716664314942,0.3414702977282348,0.1192323973472555,17.103852123606604,-14.118809087060816,17.103146606462538,10.181317906025116,49949176000.0,64088176000.0,27.87342410714286,15.907380891719743,84.23132546374369,103.20077685950412,2.0604395676924345,2.0604395676924345,20.410247133757963,65.52983231083844,108.0744957841484,132.41358677685952,0.0089691169279749,0.0096898495382586,0.5901328273244781,0.284164945177181,14.457055214723926,0.3781986410293479,5.872,1.3236607142857142,0.0046447212662727,0.5178571428571429,0.0,0.0,0.8790521214047354,0.1838111298482293,0.0347133757961783,0.6123595505617978,0.0073248407643312,11.028642551796922,0.0119506910428801,0.073575299720808,-17.364187949767178,-4301000000.0,-20012000000.0,-23485000000.0,43022000000.0,1155500000.0,3923500000.0,869000000.0,33.30573248407644,261.1970802919708,58.92700729927007,2.70223752151463,0.3445674044265593,1.5273132664437012,0.0184803234056596,0.0769013687032594,2021-07-29,0.37,bmo,3140000000.0,2025-04-24,2021-06-30,0.027027027027027,35.67333333333333,5135306.746031746
2021-03-31,KDP,USD,1418135,2021-04-29,2021-04-29 16:50:15,2021,Q1,2902000000.0,1302000000.0,1600000000.0,0.5513439008,0,0.0,0.0,961000000.0,3000000.0,960000000.0,2262000000.0,0.0,140000000.0,175000000.0,881000000.0,0.3035837354,640000000.0,0.2205375603,-242000000.0,398000000.0,0.1371467953,73000000.0,325000000.0,0.1119917298,0.23,0.23,1409200000,1425600000,https://www.sec.gov/Archives/edgar/data/1418135/000141813521000011/0001418135-21-000011-index.htm,https://www.sec.gov/Archives/edgar/data/1418135/000141813521000011/kdp-20210331.htm,2.05932443939824,0.2306273062730627,0.3874538745387454,0.3115242690888447,0.2377235310814646,17.081322736304287,-14.254186772636958,17.080613113823446,10.545699687766108,48434204000.0,62820204000.0,37.25708,16.689939352170917,88.70733333333332,110.32848291571754,2.0122228500207724,2.0122228500207724,21.647210199862165,71.30556640181612,115.05531868131868,143.0984145785877,0.0067101340201647,0.0090638425687763,0.6115911923556294,0.2920659484554491,16.329171396140747,0.3688581314878892,4.571428571428571,1.68,0.0039641407134511,0.5907692307692308,0.0,0.0,0.8760986449219292,0.1959706959706959,0.0368711233631978,0.6114285714285714,0.0086147484493452,9.414523637364914,0.0115984168607078,0.0520416333066453,-17.53814220834516,-4560000000.0,-20087000000.0,-23667000000.0,42689000000.0,1098500000.0,3805500000.0,801500000.0,35.634045485871816,267.5806451612903,58.1336405529954,2.525674499564839,0.3363471971066907,1.5481569560047563,0.0135022850020772,0.0759296054499006,2021-04-29,0.31,bmo,2721570000.0,2025-04-24,2021-03-31,0.0645161290322581,32.41098360655737,5484092.049180328
2020-12-31,KDP,USD,1418135,2021-02-25,2021-02-25 14:32:58,2020,Q4,3121000000.0,1353000000.0,1768000000.0,0.5664851009,69000000,1028000000.0,-28000000.0,1000000000.0,4000000.0,1001000000.0,2354000000.0,0.0,146000000.0,163000000.0,1013000000.0,0.3245754566,700000000.0,0.2242870875,-142000000.0,558000000.0,0.1787888497,130000000.0,428000000.0,0.1371355335,0.3,0.3,1407300000,1423800000,https://www.sec.gov/Archives/edgar/data/1418135/000141813521000005/0001418135-21-000005-index.htm,https://www.sec.gov/Archives/edgar/data/1418135/000141813521000005/kdp-20201231.htm,2.217721878774959,0.3041284729624103,0.5613586300007106,0.4654302565195765,0.1705393306331272,16.933134370780927,-14.440417821360052,16.932423790236623,9.688055141050238,45033600000.0,58281600000.0,26.304672897196262,14.429221403396348,57.00455696202531,68.75358778625954,1.8898652901926225,1.8898652901926225,18.674014738865747,57.53366238894373,73.77417721518988,88.97954198473282,0.0095040147800753,0.0145446955162367,0.566032985018255,0.2709576327366962,13.077986179664364,0.3103717182219911,4.794520547945205,1.8457943925233644,0.004685390464009,0.4929906542056075,0.3293816084588273,0.0221082986222364,0.8869603648124711,0.170886075949367,0.043255366869593,0.8282208588957055,0.0073694328740788,10.764140666803534,0.0120531038190637,0.076061844677448,-17.439067718325873,-5306000000.0,-20322000000.0,-23561000000.0,41058000000.0,1083000000.0,3628500000.0,793000000.0,30.221082986222367,248.78048780487805,50.687361419068736,2.978053435114504,0.3617647058823529,1.7755905511811023,0.017961307650342,0.095928373481134,2021-02-25,0.4,bmo,3199024999.0,2025-04-24,2020-12-31,-0.025,29.604375,6232816.84375
2020-09-30,KDP,USD,1418135,2020-10-29,2020-10-29 17:05:03,2020,Q3,3020000000.0,1316000000.0,1704000000.0,0.5642384106,0,0.0,0.0,949000000.0,-5000000.0,951000000.0,2267000000.0,0.0,148000000.0,165000000.0,1014000000.0,0.3357615894,753000000.0,0.2493377483,-169000000.0,584000000.0,0.1933774834,141000000.0,443000000.0,0.1466887417,0.31,0.31,1407300000,1422900000,https://www.sec.gov/Archives/edgar/data/1418135/000141813520000031/0001418135-20-000031-index.htm,https://www.sec.gov/Archives/edgar/data/1418135/000141813520000031/kdp-10qx93020.htm,2.145953243800185,0.3147871811269807,0.4291906487600369,0.3645278192283095,0.1357208839621971,16.554394940666526,-14.613799474170396,16.55368436012222,10.659418745114758,38841480000.0,53503480000.0,21.91957110609481,12.861417218543046,64.30708609271524,75.71438596491228,1.6673025412087914,1.6673025412087914,17.716384105960266,52.76477317554241,88.58192052980132,104.29528265107211,0.0114053326495282,0.0132075296821851,0.6375772664835165,0.3007837022336526,14.45956607495069,0.3296493382453268,5.087837837837838,1.363431151241535,0.0054580824417607,0.4785553047404063,0.0,0.0,0.8882566169174378,0.1506622516556291,0.0301324503311258,0.5515151515151515,0.0066225165562913,10.82797173215025,0.0128795895692849,0.08028271112722,-17.510481063028493,-4913000000.0,-20566000000.0,-23668000000.0,41701000000.0,1096500000.0,3447000000.0,785500000.0,33.31788079470199,240.5243161094225,56.35258358662614,2.701252236135957,0.3741825419391527,1.5970873786407769,0.0190161401098901,0.0646628295317274,2020-10-29,0.37,bmo,2865128205.0,2025-04-24,2020-09-30,0.0540540540540541,29.301875,3927739.5625
2020-06-30,KDP,USD,1418135,2020-07-30,2020-07-30 18:43:24,2020,Q2,2864000000.0,1302000000.0,1562000000.0,0.5453910615,0,0.0,0.0,1001000000.0,4000000.0,1001000000.0,2303000000.0,0.0,157000000.0,162000000.0,864000000.0,0.3016759777,561000000.0,0.1958798883,-155000000.0,406000000.0,0.1417597765,108000000.0,298000000.0,0.1040502793,0.21,0.21,1407200000,1421500000,https://www.sec.gov/Archives/edgar/data/1418135/000141813520000023/0001418135-20-000023-index.htm,https://www.sec.gov/Archives/edgar/data/1418135/000141813520000023/kdp-10qx63020.htm,2.0352472996020468,0.2117680500284252,0.4604889141557703,0.3716600341102899,0.1058840250142126,16.289795338260376,-14.802444570778851,16.289795338260376,10.775298465036952,39964480000.0,54821480000.0,33.52724832214765,13.954078212290502,61.67358024691358,76.41391969407266,1.7434227631636343,1.7434227631636343,19.141578212290504,63.45078703703704,84.60104938271606,104.82118546845123,0.0074566214798741,0.0130866209193764,0.6546263578065699,0.3060824868437156,17.19560185185185,0.3069334064127158,3.573248407643312,2.174496644295302,0.0052796883632665,0.7080536912751678,0.0,0.0,0.8924448251947946,0.1929012345679012,0.043645251396648,0.7716049382716049,0.0080307262569832,8.810068635843564,0.0093036099529226,0.0565143182249194,-17.60535105173394,-5058000000.0,-20830000000.0,-23863000000.0,41358000000.0,1056000000.0,3307500000.0,714500000.0,33.78142458100559,233.43317972350232,51.63594470046083,2.664186046511628,0.3855493041160793,1.7429718875502007,0.0130000436243074,0.0888288800454803,2020-07-30,0.32,bmo,2777212121.0,2025-04-24,2020-06-30,0.03125,27.136666666666667,4396449.984126984
2020-03-31,KDP,USD,1418135,2020-04-30,2020-04-30 17:29:54,2020,Q1,2613000000.0,1161000000.0,1452000000.0,0.5556831228,0,1028000000.0,0.0,1028000000.0,-20000000.0,986000000.0,2147000000.0,0.0,153000000.0,163000000.0,654000000.0,0.2502870264,466000000.0,0.1783390739,-261000000.0,205000000.0,0.0784538844,49000000.0,156000000.0,0.0597014925,0.11,0.11,1407000000,1420100000,https://www.sec.gov/Archives/edgar/data/1418135/000141813520000018/0001418135-20-000018-index.htm,https://www.sec.gov/Archives/edgar/data/1418135/000141813520000018/kdp-10qx33120.htm,1.8571428571428568,0.1108742004264392,0.2942430703624733,0.1762615493958777,0.1400142146410803,16.090973702914003,-14.899786780383796,16.090973702914003,10.334754797441365,34147890000.0,48338890000.0,54.724182692307686,13.068461538461538,82.48282608695652,137.69310483870967,1.5082990282685511,1.5082990282685511,18.499383849980862,73.9126758409786,116.76060386473428,194.91487903225809,0.0045683642532525,0.0072625277872219,0.6355123674911661,0.2945765002149745,21.698776758409785,0.3320209973753281,3.045751633986928,2.6538461538461537,0.0062082898826252,1.358974358974359,0.3934175277458859,0.0,0.89273795630899,0.4009661835748792,0.0635285112897053,1.01840490797546,0.0072713356295445,6.335744745201833,0.0080489963943605,0.0297766749379652,-17.68816631130064,-4581000000.0,-20964000000.0,-23926000000.0,41040000000.0,1110500000.0,3207000000.0,668000000.0,35.717566016073484,251.0077519379845,52.86821705426357,2.51976856316297,0.3585546633724521,1.7023460410557183,0.0068904593639575,0.1179815209665955,2020-04-27,0.27,amc,2432793103.0,2025-04-24,2020-03-31,0.0740740740740739,26.96741935483871,4339005.451612903
2019-12-31,KDP,USD,1418135,2020-02-27,2020-02-27 16:52:22,2019,Q4,2934000000.0,1241000000.0,1693000000.0,0.5770279482,81000000,1011000000.0,1851000000.0,1011000000.0,-4000000.0,980000000.0,2221000000.0,0.0,157000000.0,168000000.0,177000000.0,0.0603271984,713000000.0,0.2430129516,-163000000.0,550000000.0,0.187457396,144000000.0,406000000.0,0.1383776414,0.29,0.29,1406900000,1419900000,https://www.sec.gov/Archives/edgar/data/1418135/000141813520000007/0001418135-20-000007-index.htm,https://www.sec.gov/Archives/edgar/data/1418135/000141813520000007/kdp-10kx12312019.htm,2.085436065107684,0.2885777240742057,0.4769351055512119,0.3681853720946762,0.0540194754424621,16.53067026796503,-14.949179046129789,16.53067026796503,10.361077546378564,40729755000.0,55074755000.0,25.07989839901478,13.881988752556238,60.70008196721312,78.62887065637065,1.751290149202391,1.751290149202391,18.771218473074303,311.15680790960454,82.07862146050671,106.32192084942083,0.0099681424550675,0.0127179748564655,0.6200283785526938,0.2912072377721232,81.045197740113,0.3510966944701884,4.54140127388535,1.6527093596059113,0.0051804878276336,0.5197044334975369,0.3445807770961145,0.0276073619631901,0.8944020356234097,0.2280178837555886,0.0521472392638036,0.9107142857142856,0.0057941376959781,10.360194113788893,0.0117622105697283,0.0776439089692101,-17.74824081313526,-4201000000.0,-21032000000.0,-23988000000.0,42116000000.0,1166500000.0,3076000000.0,702500000.0,36.31901840490798,230.3303787268332,47.42949234488316,2.4780405405405403,0.3907430730478589,1.897553516819572,0.0174571096874059,0.1087497334565356,2020-02-27,0.35,bmo,2934000000.0,2025-04-24,2019-12-31,0.0,28.71953125,2114224.53125
2019-09-30,KDP,USD,1418135,2019-11-07,2019-11-07 17:09:50,2019,Q3,2870000000.0,1245000000.0,1625000000.0,0.5662020906,0,1012000000.0,0.0,1012000000.0,-9000000.0,1045000000.0,2290000000.0,0.0,158000000.0,186000000.0,701000000.0,0.2442508711,580000000.0,0.2020905923,-167000000.0,413000000.0,0.143902439,109000000.0,304000000.0,0.1059233449,0.22,0.21,1406800000,1419400000,https://www.sec.gov/Archives/edgar/data/1418135/000141813519000080/0001418135-19-000080-index.htm,https://www.sec.gov/Archives/edgar/data/1418135/000141813519000080/kdp-10qx93019.htm,2.0400909866363377,0.2160932613022462,0.4264998578333807,0.3625248791583736,0.0533124822291725,16.28802957065681,-15.0902758032414,16.28802957065681,11.16505544498152,38433776000.0,53908776000.0,31.606723684210525,13.391559581881532,64.05629333333333,75.36034509803922,1.6773054028105088,1.6773054028105088,18.783545644599304,76.90267617689015,89.84796,105.70348235294118,0.007909709418091,0.0132695783000868,0.6785807803089814,0.3147570850202429,22.075606276747504,0.346412213740458,3.670886075949367,1.973684210526316,0.0054639440059181,0.6907894736842105,0.3526132404181185,0.0,0.893582995951417,0.15,0.0313588850174216,0.4838709677419355,0.0045296167247386,8.899101200542095,0.0095487573130689,0.0578276583602815,-17.89433466022178,-4281000000.0,-21229000000.0,-24217000000.0,42444000000.0,1108500000.0,2942500000.0,718500000.0,36.03135888501743,215.13253012048196,54.28915662650602,2.4978241949521323,0.4183467741935484,1.6577896138482024,0.0132669983416252,0.0639749786750071,2019-11-07,0.31,bmo,2870000000.0,2025-04-24,2019-09-30,0.032258064516129,27.9078125,2501872.015625
2019-06-30,KDP,USD,1418135,2019-08-08,2019-08-08 17:25:49,2019,Q2,2812000000.0,1186000000.0,1626000000.0,0.5782361309,0,1028000000.0,0.0,1028000000.0,-1000000.0,1039000000.0,2225000000.0,0.0,170000000.0,181000000.0,810000000.0,0.2880512091,587000000.0,0.2087482219,-171000000.0,416000000.0,0.1479374111,102000000.0,314000000.0,0.1116642959,0.22,0.22,1406700000,1419200000,https://www.sec.gov/Archives/edgar/data/1418135/000141813519000054/0001418135-19-000054-index.htm,https://www.sec.gov/Archives/edgar/data/1418135/000141813519000054/kdp-10qx63019.htm,1.99900476292031,0.2232174593019122,0.4350607805502239,0.3924077628492216,0.0760645482334541,16.267150067533944,-15.201535508637235,16.267150067533944,10.762778133219593,41469516000.0,56333516000.0,33.01713057324841,14.74733854907539,67.76064705882354,75.1259347826087,1.8122412271118296,1.8122412271118296,20.0332560455192,69.54755061728395,92.04822875816994,102.05347101449276,0.0075718269776768,0.0133109824575719,0.654197439146965,0.3021373645225745,18.350617283950616,0.3317401045556385,3.4529411764705884,1.9490445859872607,0.0051121889148645,0.6751592356687898,0.3655761024182077,0.0,0.8934345167214968,0.0980392156862745,0.0213371266002844,0.3314917127071823,0.0071123755334281,9.03880622281238,0.0098997255202568,0.0594696969696969,-18.065685647259546,-4474000000.0,-21384000000.0,-24443000000.0,42083000000.0,1073000000.0,2733500000.0,674500000.0,34.18207681365576,220.7504215851602,52.05733558178752,2.6329588014981278,0.4077002406325197,1.728862973760933,0.0137219770135034,0.0426530177010023,2019-08-08,0.29,bmo,2718266666.0,2025-04-24,2019-06-30,0.0344827586206896,28.48761904761905,2610260.8095238097
2019-03-31,KDP,USD,1418135,2019-05-09,2019-05-09 17:16:11,2019,Q1,2504000000.0,1106000000.0,1398000000.0,0.5583067093,0,911000000.0,0.0,911000000.0,-5000000.0,900000000.0,2006000000.0,0.0,169000000.0,163000000.0,726000000.0,0.2899361022,498000000.0,0.1988817891,-183000000.0,315000000.0,0.125798722,85000000.0,230000000.0,0.0918530351,0.16,0.16,1406300000,1417700000,https://www.sec.gov/Archives/edgar/data/1418135/000141813519000037/0001418135-19-000037-index.htm,https://www.sec.gov/Archives/edgar/data/1418135/000141813519000037/kdp-10qx3312019.htm,1.7805589134608548,0.1635497404536727,0.420251724383133,0.3761644030434473,0.0632866386972907,16.123160065419896,-15.210836948019626,16.123160065419896,11.424304913603072,38954510000.0,54766510000.0,42.34185869565217,15.556912939297124,65.91287648054146,73.63801512287334,1.7180254917526685,1.7180254917526685,21.871609424920127,75.43596418732783,92.6675296108291,103.52837429111533,0.0059043227600603,0.0135799423481388,0.7011114051336332,0.3225132377107382,21.77961432506887,0.3248197115384615,2.946745562130177,2.5695652173913044,0.0054165743581423,0.917391304347826,0.3638178913738019,0.0,0.8939765880180967,0.104906937394247,0.0247603833865814,0.3803680981595092,0.005591054313099,7.702669633953544,0.0081262916823637,0.0440107156525067,-18.053047002773237,-4494000000.0,-21391000000.0,-24455000000.0,42214000000.0,1114000000.0,2429000000.0,644500000.0,38.74600638977636,208.15551537070525,53.95117540687161,2.3228200371057515,0.4323690383111806,1.6681749622926094,0.0101437770133192,0.0440873213396857,2019-05-09,0.23,bmo,2303680000.0,2025-04-24,2019-03-31,0.0869565217391303,26.99606557377049,2538963.721311476
2018-12-31,KDP,USD,1418135,2019-02-28,2019-02-28 17:31:46,2018,Q4,2813000000.0,1268000000.0,1545000000.0,0.5492356914,64000000,999000000.0,-13000000.0,986000000.0,-9000000.0,998000000.0,2266000000.0,0.0,180000000.0,168000000.0,757000000.0,0.2691077142,547000000.0,0.1944543192,-189000000.0,358000000.0,0.1272662638,92000000.0,266000000.0,0.0945609669,0.19,0.19,1394800000,1406200000,https://www.sec.gov/Archives/edgar/data/1418135/000141813519000007/0001418135-19-000007-index.htm,https://www.sec.gov/Archives/edgar/data/1418135/000141813519000007/kdp-10kx12312018.htm,2.016776598795526,0.1907083452824777,0.3943217665615142,0.3398336679093777,0.0609406366504158,16.155004301692,-15.374964152566676,16.155004301692,11.593059936908515,35762672000.0,51669672000.0,33.61153383458647,12.713356558833985,65.02304000000001,75.44867510548524,1.5871243065725824,1.5871243065725824,18.368173480270173,68.25584147952443,93.94485818181818,109.00774683544304,0.0074379229829359,0.0132540432101941,0.7096258820396751,0.3268735434809273,21.01321003963012,0.3786390740091196,3.0388888888888888,2.0676691729323307,0.0058440823437353,0.7857142857142857,0.355136864557412,0.0227515108425168,0.8990146776237785,0.1381818181818181,0.0270174191254888,0.4523809523809524,0.0049768929968005,8.325870411804239,0.0090909738429723,0.0538461538461538,-18.012976770863204,-3543000000.0,-21445000000.0,-24226000000.0,42745000000.0,1173000000.0,2264500000.0,673000000.0,36.793458940632775,163.24921135646687,44.43217665615142,2.446086956521739,0.551304347826087,2.02555910543131,0.0118049083566324,0.0544880986521365,2019-02-28,0.31,bmo,2813000000.0,2025-04-24,2018-12-31,-0.032258064516129,25.406190476190478,3419189.634920635
2018-09-30,KDP,USD,1418135,2018-11-08,2018-11-07 19:29:29,2018,Q3,2732000000.0,1371000000.0,1361000000.0,0.4981698389,0,1025000000.0,0.0,1025000000.0,33000000.0,1017000000.0,2388000000.0,0.0,172000000.0,175000000.0,544000000.0,0.1991215227,344000000.0,0.1259150805,-151000000.0,194000000.0,0.0710102489,46000000.0,148000000.0,0.0541727672,0.11,0.11,1361800000,1373600000,https://www.sec.gov/Archives/edgar/data/1418135/000141813518000035/0001418135-18-000035-index.htm,https://www.sec.gov/Archives/edgar/data/1418135/000141813518000035/kdp-10qx09302018.htm,2.006168306652959,0.1086796886473784,0.4736378322808048,0.4589513878689969,0.0704949331766779,16.370245263621676,-15.739462476134529,16.370245263621676,12.147158173006314,31457580000.000004,47733580000.0,53.13780405405406,11.514487554904832,48.77144186046512,50.332128,1.4110967568294983,1.4110967568294983,17.472027818448023,87.74555147058824,74.0055503875969,76.373728,0.0047047484262934,0.0198680254488743,0.7343112187682233,0.3336866566105426,29.919117647058822,0.3996983408748115,2.0,-9.084507042253522,0.0059127243735849,1.2567567567567568,0.3751830161054172,0.0,0.8913327082229198,0.0310077519379844,0.007320644216691,0.1142857142857142,0.0029282576866764,6.326930224244738,0.0058463952435109,0.0277621459388482,-18.66059626964312,-3582000000.0,-21434000000.0,-24380000000.0,42490000000.0,1031000000.0,1356500000.0,492500000.0,39.39970717423133,146.32385120350108,47.264770240700216,2.284280936454849,0.6150740242261103,1.9041666666666663,0.0066388552460413,0.0146864444118079,2018-11-07,0.27,amc,2549866666.0,2025-04-24,2018-09-30,0.111111111111111,23.38111111111111,7585845.015873016
2018-06-30,KDP,USD,1418135,2018-08-08,2018-08-08 08:41:00,2018,Q2,1886000000.0,790000000.0,1096000000.0,0.5811240721,0,721000000.0,0.0,721000000.0,2000000.0,734000000.0,1524000000.0,0.0,43000000.0,60000000.0,423000000.0,0.2242841994,362000000.0,0.1919406151,-41000000.0,321000000.0,0.1702014846,83000000.0,235000000.0,0.124602333,0.1,0.1,790500000,790500000,https://www.sec.gov/Archives/edgar/data/1418135/000141813518000025/0001418135-18-000025-index.htm,https://www.sec.gov/Archives/edgar/data/1418135/000141813518000025/dps-10qx063018.htm,2.385831752055661,0.2972802024035421,0.3984819734345351,0.3478810879190386,0.0809614168247944,3.4433902593295382,-5.840607210626186,3.4433902593295382,5.607843137254902,15525420000.0,19851420000.0,16.51640425531915,8.231930010604454,49.28704761904762,56.456072727272726,5.703681116825863,5.703681116825863,10.525673382820784,46.930070921985816,63.02038095238096,72.18698181818182,0.0151364665174919,0.0177128863502565,1.612784717119765,0.4284598867850868,10.22695035460993,0.927916120576671,8.418604651162791,1.3404255319148937,0.006763102061007,0.4468085106382978,0.3822905620360551,0.0,0.7162795237165723,0.1269841269841269,0.0212089077412513,0.6666666666666666,0.0058324496288441,4.799183727268324,0.0298253976990866,0.0808393532851737,-8.447817836812144,-110000000.0,-4617000000.0,-6108000000.0,8412000000.0,807500000.0,430500000.0,254000000.0,41.32555673382821,55.13924050632911,30.18987341772152,2.1778290993071594,1.6322314049586777,2.981132075471698,0.0863335782512858,0.0506008855154965,2018-08-08,0.28,bmo,204400000.0,2025-04-24,2018-06-30,-0.0357142857142857,19.3325,12745540.140625
2018-03-31,KDP,USD,1418135,2018-04-25,2018-04-25 08:02:12,2018,Q1,1594000000.0,681000000.0,913000000.0,0.5727728984,17000000,626000000.0,53000000.0,626000000.0,28000000.0,654000000.0,1335000000.0,1000000.0,41000000.0,59000000.0,319000000.0,0.2001254705,259000000.0,0.1624843162,-40000000.0,219000000.0,0.1373902133,54000000.0,159000000.0,0.099749059,0.11,0.11,790500000,790500000,https://www.sec.gov/Archives/edgar/data/1418135/000141813518000009/0001418135-18-000009-index.htm,https://www.sec.gov/Archives/edgar/data/1418135/000141813518000009/dps-10qx033118.htm,2.0164452877925365,0.2011385199240986,0.1302972802024035,0.0746363061353573,0.0164452877925363,3.144845034788109,-6.150537634408602,3.144845034788109,5.767235926628716,15066929999.999998,19571930000.0,23.69014150943396,9.452277289836887,146.28087378640774,255.3716949152542,6.060711987127916,6.060711987127916,12.278500627352573,61.35401253918495,190.01873786407768,331.7276271186441,0.0105529129026284,0.0039158607626105,1.817377312952534,0.4438549955791335,14.122257053291536,0.7672413793103449,6.317073170731708,0.6477987421383647,0.0069025342256186,0.6540880503144654,0.3927227101631116,0.0106649937264742,0.7218783770507908,0.4271844660194174,0.027603513174404,0.7457627118644068,0.0062735257214554,3.772580443539732,0.0217981441355417,0.0561638996820911,-8.851043643263758,-378000000.0,-4862000000.0,-6447000000.0,8168000000.0,729500000.0,371000000.0,236000000.0,42.28983688833124,49.82378854625551,32.11453744493392,2.128170894526035,1.806366047745358,2.802469135802469,0.0639581657280772,0.0556609740670461,2018-04-25,1.04,bmo,1006040816.0,2025-04-24,2018-03-31,-0.0576923076923077,17.848032786885245,15537383.016393442
2017-12-31,KDP,USD,1418135,2018-02-14,2018-02-14 08:08:29,2017,Q4,1643000000.0,663000000.0,980000000.0,0.5964698722,0,612000000.0,0.0,612000000.0,2000000.0,617000000.0,1280000000.0,0.0,40000000.0,57000000.0,421000000.0,0.2562385879,363000000.0,0.2209373098,-38000000.0,325000000.0,0.1978088862,-184000000.0,508000000.0,0.3091905052,2.82,2.82,179900000,179900000,https://www.sec.gov/Archives/edgar/data/1418135/000141813518000006/0001418135-18-000006-index.htm,https://www.sec.gov/Archives/edgar/data/1418135/000141813518000006/dps-10kx123117.htm,9.132851584213451,2.823790994997221,1.7009449694274597,1.0450250138966093,0.3390772651473041,13.624235686492495,-27.187326292384657,13.624235686492495,25.1195108393552,2811837000.0,7229837000.0,1.3837780511811024,1.7114041387705416,9.18900980392157,14.956579787234045,1.1472203182374543,1.1472203182374543,4.400387705416921,17.17300950118765,23.6269183006536,38.45657978723404,0.1806648109403212,0.0668602056235834,1.8274173806609544,0.4469167830772301,10.494061757719717,0.9022617124394184,9.075,0.6023622047244095,0.0373421361195545,0.2066929133858267,0.3724893487522824,0.0,0.7325883057273997,0.3856209150326797,0.071819841752891,2.070175438596491,0.0060864272671941,29.421418490919823,0.0640506811800187,0.1895522388059701,-38.148971650917176,-121000000.0,-4891000000.0,-6454000000.0,8419000000.0,708000000.0,376000000.0,245000000.0,38.89227023737066,49.54751131221719,31.085972850678733,2.3140845070422533,1.8164383561643835,2.8951965065502185,0.2072623419012648,0.6559199555308505,2018-02-14,1.16,bmo,1686619469.0,2025-04-24,2017-12-31,-0.0258620689655172,14.443650793650797,7744061.714285715
2017-09-30,KDP,USD,1418135,2017-10-25,2017-10-25 14:40:56,2017,Q3,1740000000.0,707000000.0,1033000000.0,0.5936781609,0,640000000.0,0.0,640000000.0,2000000.0,666000000.0,1373000000.0,1000000.0,40000000.0,57000000.0,415000000.0,0.2385057471,367000000.0,0.2109195402,-50000000.0,317000000.0,0.182183908,114000000.0,203000000.0,0.1166666667,1.12,1.11,181400000,182100000,https://www.sec.gov/Archives/edgar/data/1418135/000141813517000047/0001418135-17-000047-index.htm,https://www.sec.gov/Archives/edgar/data/1418135/000141813517000047/dps-10qx093017.htm,9.592061742006615,1.1190738699007718,1.775082690187431,1.5325248070562294,0.3638368246968026,11.736493936052922,-28.754134509371557,11.736493936052922,24.92282249173098,2583136000.0,6998136000.0,3.1812019704433494,1.4845609195402298,8.02216149068323,9.291856115107914,1.2133095349929544,1.2133095349929544,4.021917241379311,16.862978313253013,21.73334161490683,25.17315107913669,0.078586648167189,0.1076211240910273,2.104744011272898,0.4463591991234186,10.63855421686747,0.9315673289183224,9.175,1.5862068965517242,0.0406482662933736,0.5172413793103449,0.367816091954023,0.0,0.7316465783444566,0.1366459627329192,0.025287356321839,0.7719298245614035,0.0057471264367816,17.190552143021115,0.0267858362713465,0.0753526354862657,-39.60308710033076,-93000000.0,-5216000000.0,-6644000000.0,8381000000.0,727000000.0,377000000.0,264000000.0,36.51724137931035,49.26449787835927,33.22489391796322,2.464589235127479,1.82687338501292,2.7088122605363987,0.095349929544387,0.2425578831312017,2017-10-25,1.16,bmo,1834909090.0,2025-04-24,2017-09-30,-0.0517241379310343,14.60904761904762,6581228.80952381
2017-06-30,KDP,USD,1418135,2017-07-27,2017-07-27 12:08:43,2017,Q2,1797000000.0,718000000.0,1079000000.0,0.6004451864,0,683000000.0,0.0,683000000.0,2000000.0,706000000.0,1424000000.0,1000000.0,44000000.0,55000000.0,383000000.0,0.2131329994,373000000.0,0.2075681692,-92000000.0,283000000.0,0.1574846967,94000000.0,188000000.0,0.1046188091,1.02,1.02,183200000,183700000,https://www.sec.gov/Archives/edgar/data/1418135/000141813517000042/0001418135-17-000042-index.htm,https://www.sec.gov/Archives/edgar/data/1418135/000141813517000042/dps-10qx063017.htm,9.808951965065502,1.0262008733624457,1.7085152838427948,1.5502183406113537,1.5611353711790392,11.763100436681222,-28.367903930131003,11.763100436681222,25.91157205240175,2687544000.0,7104544000.0,3.5738617021276595,1.4955726210350584,8.586402555910542,9.46318309859155,1.2471201856148493,1.2471201856148493,3.9535581524763495,18.54972323759791,22.698223642172525,25.016,0.0699523431058245,0.1056726885215646,2.1823665893271462,0.4557612171722066,11.532637075718016,0.9841772151898734,8.477272727272727,1.6648936170212767,0.0398133016612937,0.5691489361702128,0.3800779076238175,0.0,0.712472138773137,0.0926517571884984,0.0161380077907623,0.5272727272727272,0.0055648302726766,16.480422891581995,0.0274890760391897,0.0633636670037074,-39.21124454148472,-25000000.0,-5197000000.0,-6609000000.0,8447000000.0,704500000.0,360000000.0,256500000.0,37.46243739565943,46.00278551532033,33.46796657381616,2.4024064171122994,1.9564032697547684,2.689138576779026,0.0872389791183294,0.158296943231441,2017-07-27,1.28,bmo,1840128000.0,2025-04-24,2017-06-30,-0.0234375,15.062857142857144,8062942.603174604
2017-03-31,KDP,USD,1418135,2017-04-26,2017-04-26 13:06:45,2017,Q1,1510000000.0,607000000.0,903000000.0,0.598013245,0,621000000.0,0.0,621000000.0,2000000.0,618000000.0,1225000000.0,1000000.0,40000000.0,60000000.0,351000000.0,0.2324503311,285000000.0,0.1887417219,-38000000.0,248000000.0,0.1642384106,71000000.0,177000000.0,0.117218543,0.97,0.96,183400000,184600000,https://www.sec.gov/Archives/edgar/data/1418135/000141813517000020/0001418135-17-000020-index.htm,https://www.sec.gov/Archives/edgar/data/1418135/000141813517000020/dps-10qx033117.htm,8.233369683751363,0.965103598691385,0.5288985823336968,0.4362050163576881,0.3980370774263904,11.957470010905125,-28.08615049073064,11.957470010905125,24.629225736095965,2892218000.0,7296218000.0,4.085053672316384,1.9153761589403973,29.81668041237113,36.152725,1.3188408572731418,1.3188408572731418,4.831932450331125,20.786945868945867,75.21874226804124,91.202725,0.0611987063215843,0.0276604322357443,2.041495668034656,0.4473421262989608,12.547008547008549,1.0871839581517,7.125,0.5480225988700564,0.03353827408584,0.5480225988700564,0.4112582781456954,0.0,0.7338129496402878,0.1752577319587628,0.0112582781456953,0.2833333333333333,0.0039735099337748,16.11379657691815,0.0229036435158784,0.0664414414414414,-38.839967284623775,100000000.0,-5151000000.0,-6568000000.0,8569000000.0,653500000.0,328000000.0,224000000.0,39.397350993377486,52.33937397034597,36.47446457990115,2.2844175491679275,1.7195467422096318,2.467479674796748,0.0807113543091655,0.0926935659760087,2017-04-26,0.97,bmo,1450198019.0,2025-04-24,2017-03-31,-0.0618556701030927,15.01983870967742,7197368.548387097
2016-12-31,KDP,USD,1418135,2017-02-14,2017-02-14 15:09:36,2016,Q4,1578000000.0,627000000.0,951000000.0,0.602661597,17000000,590000000.0,38000000.0,590000000.0,26000000.0,616000000.0,1243000000.0,1000000.0,48000000.0,25000000.0,323000000.0,0.2046894804,335000000.0,0.2122940431,-78000000.0,257000000.0,0.1628643853,91000000.0,165000000.0,0.1045627376,0.9,0.9,183600000,184700000,https://www.sec.gov/Archives/edgar/data/1418135/000141813517000010/0001418135-17-000010-index.htm,https://www.sec.gov/Archives/edgar/data/1418135/000141813517000010/dps-10kx123116.htm,8.594771241830065,0.8986928104575164,1.3943355119825709,1.0076252723311547,14.503409586056645,11.623093681917211,-19.14488017429193,11.623093681917211,24.65141612200436,2680560000.0,5371560000.0,4.061454545454545,1.6987072243346009,10.4709375,14.489513513513511,1.256119962511715,1.256119962511715,3.4040304182509504,16.630216718266254,20.98265625,29.03545945945946,0.0615543020861312,0.0690154296117229,2.098406747891284,0.4573587988969462,8.3312693498452,2.603235014272122,6.979166666666667,1.5515151515151515,0.0365595248753991,0.593939393939394,0.3738910012674271,0.0107731305449936,0.5769584312123378,0.27734375,0.0449936628643852,1.2241379310344829,0.0076045627376425,15.330550915159462,0.0247010642645203,0.039835828102366,-24.012385620915037,1685000000.0,-3515000000.0,-4921000000.0,8472000000.0,643000000.0,307000000.0,214000000.0,36.84410646387833,43.49282296650718,28.995215311004785,2.442724458204334,2.06930693069307,3.103960396039604,0.0773195876288659,0.3867102396514161,2017-02-14,1.06,bmo,1608346153.0,2025-04-24,2016-12-31,-0.0188679245283019,14.114444444444445,9382196.365079366
2016-09-30,KDP,USD,1418135,2016-10-27,2016-10-27 11:30:26,2016,Q3,1680000000.0,683000000.0,997000000.0,0.593452381,0,603000000.0,0.0,603000000.0,2000000.0,624000000.0,1307000000.0,1000000.0,33000000.0,55000000.0,430000000.0,0.255952381,373000000.0,0.2220238095,-30000000.0,343000000.0,0.2041666667,102000000.0,240000000.0,0.1428571429,1.3,1.29,184800000,185700000,https://www.sec.gov/Archives/edgar/data/1418135/000141813516000085/0001418135-16-000085-index.htm,https://www.sec.gov/Archives/edgar/data/1418135/000141813516000085/dps-10qx093016.htm,9.090909090909092,1.2987012987012987,1.4935064935064934,1.2608225108225108,3.354978354978355,11.520562770562773,-19.05844155844156,11.520562770562773,18.165584415584416,2716560000.0,5420560000.0,2.82975,1.617,9.842608695652174,11.659055793991415,1.2759793330201972,1.2759793330201972,3.2265238095238096,12.605953488372093,19.639710144927538,23.26420600858369,0.0883470271225373,0.0857702388314633,1.5612963832785345,0.3832583881010031,6.288372093023256,1.0802427511800403,11.303030303030305,1.15,0.036075036075036,0.4083333333333333,0.3589285714285714,0.0,0.6515623198431915,0.1557971014492753,0.025595238095238,0.7818181818181819,0.006547619047619,18.34774703383888,0.0346390057099082,0.0794176042356055,-28.8474025974026,119000000.0,-3522000000.0,-4942000000.0,6894000000.0,670000000.0,335000000.0,231000000.0,34.285714285714285,40.98096632503661,29.780380673499263,2.625,2.1961414790996785,3.02212389380531,0.1127289807421324,0.2326839826839827,2016-10-27,1.11,bmo,1593846153.0,2025-04-24,2016-09-30,0.0540540540540539,15.25203125,6781988.0625
2016-06-30,KDP,USD,1418135,2016-07-27,2016-07-27 11:57:54,2016,Q2,1695000000.0,670000000.0,1025000000.0,0.604719764,0,590000000.0,0.0,590000000.0,22000000.0,613000000.0,1283000000.0,1000000.0,33000000.0,55000000.0,459000000.0,0.2707964602,412000000.0,0.2430678466,-10000000.0,402000000.0,0.2371681416,142000000.0,260000000.0,0.1533923304,1.4,1.39,185700000,186500000,https://www.sec.gov/Archives/edgar/data/1418135/000141813516000065/0001418135-16-000065-index.htm,https://www.sec.gov/Archives/edgar/data/1418135/000141813516000065/dps-10qx063016.htm,9.12762520193861,1.4001077005923532,1.2385568120624664,1.0177705977382876,1.3193322563274097,11.534733441033923,-18.858373721055465,11.534733441033923,15.955842757135164,2889492000.0,5574492000.0,2.7783576923076923,1.7047150442477876,12.563008695652174,15.28831746031746,1.3489691876750702,1.3489691876750702,3.2887858407079644,12.14486274509804,24.23692173913043,29.494666666666667,0.0899812146910252,0.065409421448476,1.3678804855275444,0.3485605519866762,5.849673202614379,1.1324786324786325,12.484848484848484,0.8846153846153846,0.0346081594965481,0.3846153846153846,0.3480825958702065,0.0,0.6714251724958363,0.1782608695652174,0.0241887905604719,0.7454545454545455,0.0064896755162241,19.062320296572345,0.0367795254232632,0.0941346850108617,-28.94991922455573,155000000.0,-3502000000.0,-4939000000.0,6928000000.0,664500000.0,358000000.0,235500000.0,37.16814159292036,48.223880597014926,31.701492537313435,2.4214285714285717,1.866295264623956,2.8389830508474576,0.1213818860877684,0.2207862143241787,2016-07-27,1.2,bmo,1627200000.0,2025-04-24,2016-06-30,0.0416666666666667,14.773125,7699430.03125
2016-03-31,KDP,USD,1418135,2016-04-27,2016-04-27 11:13:54,2016,Q1,1487000000.0,602000000.0,885000000.0,0.5951580363,0,546000000.0,0.0,546000000.0,1000000.0,572000000.0,1174000000.0,0.0,33000000.0,56000000.0,340000000.0,0.2286482851,313000000.0,0.2104909213,-32000000.0,281000000.0,0.1889710827,99000000.0,182000000.0,0.122394082,0.97,0.96,187600000,189000000,https://www.sec.gov/Archives/edgar/data/1418135/000141813516000058/0001418135-16-000058-index.htm,https://www.sec.gov/Archives/edgar/data/1418135/000141813516000058/dps-10qx033116.htm,7.926439232409382,0.9701492537313432,0.9434968017057568,0.7995735607675906,1.4658848614072495,11.204690831556505,-18.91257995735608,11.204690831556505,15.714285714285714,2701440000.0,5341440000.0,3.710769230769231,1.8167047747141896,15.262372881355931,18.0096,1.285176022835395,1.285176022835395,3.592091459314055,15.710117647058825,30.177627118644068,35.6096,0.0673714759535655,0.0555259417199715,1.3867745004757377,0.3485174557627929,7.764705882352941,1.090986394557823,9.484848484848484,0.9725274725274724,0.0333155650319829,0.4945054945054945,0.367182246133154,0.0,0.6755141080822573,0.1525423728813559,0.0181573638197713,0.4821428571428571,0.0073974445191661,15.639053842602236,0.028172037054987,0.0670596904937361,-28.772654584221748,107000000.0,-3548000000.0,-4979000000.0,6893000000.0,314500000.0,317000000.0,222000000.0,38.069939475453936,53.372093023255815,35.1328903654485,2.3640699523052464,1.6862745098039216,2.5617021276595744,0.0865842055185537,0.1439232409381663,2016-04-27,0.86,bmo,1360446808.0,2025-04-24,2016-03-31,0.0930232558139534,14.688360655737704,10028966.524590164
2015-12-31,KDP,USD,1418135,2016-02-23,2016-02-23 12:21:18,2015,Q4,1546000000.0,610000000.0,936000000.0,0.6054333765,0,583000000.0,0.0,583000000.0,2000000.0,614000000.0,1224000000.0,1000000.0,34000000.0,26000000.0,262000000.0,0.169469599,322000000.0,0.2082794308,-31000000.0,291000000.0,0.1882276843,106000000.0,185000000.0,0.1196636481,0.98,0.97,188700000,190200000,https://www.sec.gov/Archives/edgar/data/1418135/000141813516000050/0001418135-16-000050-index.htm,https://www.sec.gov/Archives/edgar/data/1418135/000141813516000050/dps-10kx123115.htm,8.192898781134076,0.9803921568627452,1.4202437731849498,0.8479067302596714,4.827768945416004,11.568627450980392,-18.37837837837838,11.568627450980392,18.102808691043982,2832387000.0,5303387000.0,3.82755,1.832074385510996,10.568608208955222,17.70241875,1.2974745762711863,1.2974745762711863,3.4303926261319533,20.241935114503818,19.78875746268657,33.14616875,0.0653159331687371,0.0564894557135024,1.549244159413651,0.3813282218964934,9.431297709923664,1.147820593809223,9.470588235294118,1.4486486486486487,0.0321283779370545,0.4918918918918919,0.3771021992238033,0.0,0.6371631525538393,0.4029850746268656,0.0698576972833117,1.8305084745762712,0.0071151358344113,15.974677192941494,0.026268177053775,0.0574891236793039,-30.05034446210917,234000000.0,-3468000000.0,-4869000000.0,7041000000.0,0.0,293500000.0,205000000.0,0.0,40.8688524590164,30.83606557377049,0.0,2.2021660649819497,2.91866028708134,0.0847457627118644,0.5723370429252782,2016-02-17,0.98,bmo,1515080000.0,2025-04-24,2015-12-31,0.0204081632653061,14.2803125,7779218.0625
2015-09-30,KDP,USD,1418135,2015-10-22,2015-10-22 15:36:15,2015,Q3,1630000000.0,673000000.0,957000000.0,0.5871165644,84700000,592000000.0,0.0,592000000.0,-1000000.0,620000000.0,1293000000.0,0.0,28000000.0,56000000.0,362000000.0,0.2220858896,337000000.0,0.2067484663,-29000000.0,308000000.0,0.1889570552,106000000.0,202000000.0,0.1239263804,1.06,1.05,190400000,191500000,https://www.sec.gov/Archives/edgar/data/1418135/000141813515000027/0001418135-15-000027-index.htm,https://www.sec.gov/Archives/edgar/data/1418135/000141813515000027/dps-10qx093015.htm,8.5609243697479,1.0609243697478992,1.9642857142857144,1.8119747899159664,1.0871848739495795,11.538865546218489,-18.19327731092437,11.538865546218489,13.986344537815128,2423792000.0,4851792000.0,2.999742574257426,1.4869889570552148,6.480727272727274,7.025484057971014,1.1032280382339554,1.1032280382339554,2.976559509202454,13.402740331491712,12.97270588235294,14.063165217391305,0.0833404846620502,0.1423389465762738,1.1993627674101046,0.3203647416413374,6.707182320441989,0.7690371302706105,12.035714285714286,1.851485148514852,0.0379570524203397,0.4554455445544554,0.3631901840490797,0.051963190184049,0.6882674772036474,0.0775401069518716,0.0177914110429447,0.5178571428571429,0.007361963190184,16.596443362588893,0.0309507744740905,0.078783151326053,-30.044642857142858,-367000000.0,-3464000000.0,-4806000000.0,6371000000.0,0.0,307500000.0,209000000.0,0.0,41.45616641901932,26.87964338781575,0.0,2.170967741935484,3.3482587064676617,0.0919435593991807,0.1523109243697478,2015-10-22,1.03,bmo,1554537037.0,2025-04-24,2015-09-30,0.0485436893203883,12.62421875,7132510.265625
2015-06-30,KDP,USD,1418135,2015-07-23,2015-07-23 12:17:58,2015,Q2,1655000000.0,674000000.0,981000000.0,0.5927492447,0,586000000.0,0.0,586000000.0,-1000000.0,612000000.0,1286000000.0,1000000.0,28000000.0,56000000.0,395000000.0,0.2386706949,369000000.0,0.2229607251,-28000000.0,341000000.0,0.2060422961,121000000.0,220000000.0,0.1329305136,1.15,1.14,191400000,192400000,https://www.sec.gov/Archives/edgar/data/1418135/000141813515000019/0001418135-15-000019-index.htm,https://www.sec.gov/Archives/edgar/data/1418135/000141813515000019/dps-10qx063015.htm,8.646812957157785,1.1494252873563218,1.2957157784743991,1.1755485893416928,0.6635318704284221,11.818181818181818,-17.79519331243469,11.818181818181818,13.74085684430512,2247036000.0,4722036000.0,2.55345,1.3577256797583082,9.060629032258063,9.986826666666667,0.9933846153846154,0.9933846153846154,2.853193957703928,11.954521518987342,19.040467741935483,20.986826666666666,0.0979067536078638,0.1001319070989516,1.1503094606542883,0.3147453731704366,6.265822784810126,0.8055022392834293,13.178571428571429,1.1272727272727272,0.0413878549342333,0.4227272727272727,0.3540785498489426,0.0,0.6856175154227652,0.0927419354838709,0.0138972809667673,0.4107142857142857,0.007250755287009,17.482638051187816,0.0330232370826789,0.0846479415159676,-30.14367816091954,-304000000.0,-3406000000.0,-4746000000.0,6459000000.0,0.0,327500000.0,222500000.0,0.0,40.72700296735905,28.97626112759644,0.0,2.2098360655737705,3.1059907834101383,0.0972590627763041,0.1201671891327063,2015-07-23,1.1,bmo,1611061946.0,2025-04-24,2015-06-30,0.027272727272727,12.284761904761906,7234555.396825396
2015-03-31,KDP,USD,1418135,2015-04-23,2015-04-23 15:04:47,2015,Q1,1451000000.0,602000000.0,849000000.0,0.5851137147,0,552000000.0,0.0,552000000.0,1000000.0,579000000.0,1181000000.0,0.0,27000000.0,56000000.0,298000000.0,0.205375603,270000000.0,0.1860785665,-26000000.0,244000000.0,0.1681598897,87000000.0,157000000.0,0.1082012405,0.82,0.81,192342028,192342028,https://www.sec.gov/Archives/edgar/data/1418135/000141813515000014/0001418135-15-000014-index.htm,https://www.sec.gov/Archives/edgar/data/1418135/000141813515000014/dps-10qx033115.htm,7.543853078225836,0.816254261393147,0.5251062445904958,0.4211248100181204,0.4835136707615456,11.547138309262287,-17.93159839200614,11.547138309262287,13.74634565046803,2431203233.92,4955203233.92,3.871342729171974,1.6755363431564438,24.07131914772277,30.014854739753087,1.094643509194057,1.094643509194057,3.4150263500482425,16.628198771543623,49.06141815762376,61.175348566913584,0.0645770776418628,0.0333168362356107,1.1782980639351643,0.3171352399418323,8.46979865771812,0.7678456591639872,10.0,0.643312101910828,0.0324941983038673,0.5031847133757962,0.3804272915230875,0.0,0.6871061560833738,0.198019801980198,0.0137835975189524,0.3571428571428571,0.0062026188835286,14.56267554971292,0.0241257475623831,0.0608055770720371,-30.27939374747572,-361000000.0,-3449000000.0,-4837000000.0,6424000000.0,0.0,319500000.0,216000000.0,0.0,52.325581395348834,34.08637873754153,0.0,1.72,2.6403508771929824,0.0706888788833858,0.1039814345723754,2015-04-23,0.76,bmo,1361432098.0,2025-04-24,2015-03-31,0.0657894736842105,12.448688524590164,9335607.393442623
2014-12-31,KDP,USD,1418135,2015-02-19,2015-02-19 15:06:35,2014,Q4,1509000000.0,614000000.0,895000000.0,0.5931080186,0,607000000.0,0.0,607000000.0,2000000.0,639000000.0,1253000000.0,1000000.0,29000000.0,29000000.0,288000000.0,0.1908548708,256000000.0,0.169648774,-26000000.0,230000000.0,0.1524188204,80000000.0,150000000.0,0.0994035785,0.77,0.77,194000000,195800000,https://www.sec.gov/Archives/edgar/data/1418135/000141813515000006/0001418135-15-000006-index.htm,https://www.sec.gov/Archives/edgar/data/1418135/000141813515000006/dps-10kx123114.htm,7.778350515463917,0.7731958762886598,1.3041237113402062,0.9587628865979382,1.7371134020618555,11.824742268041238,-17.422680412371133,11.824742268041238,13.505154639175258,2238760000.0,4592760000.0,3.731266666666666,1.4836050364479787,8.848853754940711,12.036344086021506,0.9759197907585004,0.9759197907585004,3.043578528827038,15.947083333333332,18.15320158102767,24.69225806451613,0.0670013757615823,0.083081705944362,1.1294681778552746,0.313187477335912,8.17361111111111,1.1666666666666667,8.827586206896552,1.6866666666666668,0.0357340670728439,0.5333333333333333,0.4022531477799867,0.0,0.6858455215762118,0.2648221343873518,0.0444002650762094,1.098360655737705,0.0086149768058316,14.342731402912008,0.0230571083744138,0.0577145055790688,-28.55670103092784,173000000.0,-3380000000.0,-4768000000.0,6988000000.0,0.0,304000000.0,197500000.0,0.0,42.36156351791531,29.90228013029316,0.0,2.124567474048443,3.0098039215686274,0.065387968613775,0.345360824742268,2015-02-12,0.88,bmo,1509000000.0,2025-04-24,2014-12-31,0.0,11.15296875,9827617.09375
2014-09-30,KDP,USD,1418135,2014-10-23,2014-10-23 13:50:05,2014,Q3,1583000000.0,658000000.0,925000000.0,0.5843335439,76500000,581000000.0,0.0,581000000.0,-4000000.0,609000000.0,1267000000.0,0.0,27000000.0,57000000.0,340000000.0,0.2147820594,316000000.0,0.1996209728,-31000000.0,285000000.0,0.1800379027,97000000.0,188000000.0,0.1187618446,0.97,0.96,194800000,196200000,https://www.sec.gov/Archives/edgar/data/1418135/000141813514000033/0001418135-14-000033-index.htm,https://www.sec.gov/Archives/edgar/data/1418135/000141813514000033/dps-10qx093014.htm,8.126283367556468,0.9650924024640656,1.6991786447638604,1.5349075975359343,1.8788501026694044,12.130390143737166,-17.00205338809035,12.130390143737166,13.182751540041068,2016180000.0,4291180000.0,2.681090425531915,1.273644977890082,6.091178247734138,6.743076923076923,0.8532289462547609,0.8532289462547609,2.710789639924194,12.621117647058824,12.96429003021148,14.351772575250836,0.0932456427501512,0.1483002509696555,1.075327972915785,0.3075898801597869,6.691176470588236,1.2119140625,11.703703703703704,1.7606382978723405,0.0396789969149579,0.425531914893617,0.3670246367656348,0.0483259633607075,0.6869628374288828,0.0966767371601208,0.0202147820593809,0.5614035087719298,0.0082122552116235,16.22979715675858,0.0287952925551896,0.0726991492652745,-27.90811088295688,217000000.0,-3312000000.0,-4657000000.0,7000000000.0,0.0,316000000.0,202000000.0,0.0,43.632218844984806,26.12462006079027,0.0,2.06269592476489,3.445026178010471,0.0795598815065594,0.164271047227926,2014-10-23,0.88,bmo,1421469387.0,2025-04-24,2014-09-30,0.1136363636363636,9.83609375,9399415.34375
2014-06-30,KDP,USD,1418135,2014-07-24,2014-07-24 13:54:43,2014,Q2,1631000000.0,665000000.0,966000000.0,0.5922746781,0,592000000.0,0.0,592000000.0,1000000.0,618000000.0,1283000000.0,0.0,27000000.0,57000000.0,406000000.0,0.2489270386,348000000.0,0.2133660331,-26000000.0,322000000.0,0.1974248927,113000000.0,210000000.0,0.1287553648,1.07,1.06,196600000,197800000,https://www.sec.gov/Archives/edgar/data/1418135/000141813514000026/0001418135-14-000026-index.htm,https://www.sec.gov/Archives/edgar/data/1418135/000141813514000026/dps-10qx063014.htm,8.296032553407935,1.0681586978636826,1.5717192268565616,1.3936927772126144,0.6866734486266531,11.5412004069176,-17.355035605289928,11.5412004069176,13.40793489318413,1853938000.0,4327938000.0,2.2070690476190475,1.1366879215205397,5.999799352750808,6.76619708029197,0.8170727192595857,0.8170727192595857,2.653548743102391,10.659945812807882,14.006271844660194,15.79539416058394,0.1132723963800299,0.1477935076577534,1.149845747025121,0.3171650863116946,6.093596059113301,1.118532455315146,12.88888888888889,1.4714285714285715,0.0442301738245831,0.3904761904761905,0.3629675045984059,0.0,0.6906151227814248,0.1132686084142394,0.0214592274678111,0.6140350877192983,0.0067443286327406,16.654616656195675,0.0312112444932313,0.0825147347740668,-29.07171922685656,126000000.0,-3412000000.0,-4768000000.0,6929000000.0,0.0,304000000.0,219500000.0,0.0,42.3609022556391,28.827067669172937,0.0,2.124600638977636,3.1220657276995305,0.0925517849272807,0.1780264496439471,2014-07-24,0.9,bmo,1384811320.0,2025-04-24,2014-06-30,0.1777777777777778,9.048095238095238,10219751.84126984
2014-03-31,KDP,USD,1418135,2014-04-23,2014-04-23 15:47:12,2014,Q1,1398000000.0,554000000.0,844000000.0,0.6037195994,0,554000000.0,0.0,554000000.0,1000000.0,584000000.0,1138000000.0,1000000.0,26000000.0,60000000.0,291000000.0,0.2081545064,260000000.0,0.1859799714,-24000000.0,236000000.0,0.1688125894,81000000.0,155000000.0,0.1108726753,0.78,0.78,197900000,199500000,https://www.sec.gov/Archives/edgar/data/1418135/000141813514000018/0001418135-14-000018-index.htm,https://www.sec.gov/Archives/edgar/data/1418135/000141813514000018/dps-10qx033114.htm,7.064173825164224,0.7832238504295098,0.651844365841334,0.4648812531581607,0.6063668519454269,11.24810510358767,-17.453259221829207,11.24810510358767,13.648307225871651,1735583000.0,4290583000.0,2.7993274193548388,1.241475679542203,13.454131782945735,18.865032608695653,0.7796868823000898,0.7796868823000898,3.069086552217453,14.744271477663233,33.260333333333335,46.63677173913044,0.0893071665255997,0.0530081246474527,1.201707097933513,0.3251488999635347,8.780068728522338,1.0615384615384615,10.0,0.832258064516129,0.0432131450930321,0.4838709677419355,0.396280400572246,0.0,0.6904096268384587,0.2868217054263566,0.0264663805436337,0.6166666666666667,0.007868383404864,14.079067591943884,0.0234757646225469,0.060855908912446,-29.146033350176857,68000000.0,-3454000000.0,-4828000000.0,6897000000.0,0.0,283000000.0,213000000.0,0.0,47.92418772563177,36.71480144404332,0.0,1.8779661016949152,2.4513274336283186,0.0696316262353998,0.1869631126831733,2014-04-23,0.59,bmo,1114621621.0,2025-04-24,2014-03-31,0.2542372881355932,8.107868852459017,11924600.37704918
2013-12-31,KDP,USD,1418135,2014-02-20,2014-02-19 19:31:14,2013,Q4,1463000000.0,583000000.0,880000000.0,0.6015037594,0,583000000.0,0.0,583000000.0,1000000.0,616000000.0,1199000000.0,1000000.0,29000000.0,60000000.0,326000000.0,0.2228298018,264000000.0,0.1804511278,-27000000.0,237000000.0,0.1619958988,81000000.0,156000000.0,0.1066302119,0.78,0.78,199900000,201500000,https://www.sec.gov/Archives/edgar/data/1418135/000141813514000008/0001418135-14-000008-index.htm,https://www.sec.gov/Archives/edgar/data/1418135/000141813514000008/dps-10kx123113.htm,7.318659329664833,0.7803901950975488,1.2506253126563285,0.9104552276138068,0.7653826913456728,11.390695347673836,-17.03351675837919,11.390695347673836,13.021510755377689,1567216000.0,3988216000.0,2.5115641025641025,1.0712344497607655,6.268864,8.611076923076924,0.6882810715854194,0.6882810715854194,2.7260533151059465,12.233791411042946,15.952864,21.913274725274725,0.0995395657012179,0.1161294933180876,1.1304347826086956,0.3138641629069625,7.42638036809816,1.0864077669902912,9.10344827586207,1.6025641025641026,0.0491317087114986,0.4935897435897436,0.3984962406015037,0.0,0.6928423363004511,0.272,0.0464798359535201,1.1333333333333333,0.0061517429938482,14.142372739573384,0.0240083105690431,0.0619293370385073,-28.369184592296147,89000000.0,-3405000000.0,-4805000000.0,6944000000.0,293000000.0,271000000.0,198000000.0,0.0,41.83533447684391,30.874785591766724,0.0,2.151291512915129,2.915,0.0685111989459815,0.3401700850425213,2014-02-12,0.85,bmo,1282010309.0,2025-04-24,2013-12-31,0.1411764705882353,7.58,7485422.5
2013-09-30,KDP,USD,1418135,2013-10-24,2013-10-24 12:23:50,2013,Q3,1543000000.0,650000000.0,893000000.0,0.578742709,57700000,563000000.0,0.0,563000000.0,-428000000.0,593000000.0,1243000000.0,0.0,29000000.0,28000000.0,-100000000.0,-0.064808814,300000000.0,0.194426442,-457000000.0,-157000000.0,-0.101749838,-364000000.0,207000000.0,0.134154245,1.02,1.01,203300000,204700000,https://www.sec.gov/Archives/edgar/data/1418135/000141813513000054/0001418135-13-000054-index.htm,https://www.sec.gov/Archives/edgar/data/1418135/000141813513000054/dps-10qx93013.htm,7.589768814559764,1.0181997048696507,1.6724053123462863,1.426463354648303,0.5853418593212002,11.352680767338908,-16.60600098376783,11.352680767338908,12.547958681751108,1467826000.0,3870826000.0,1.7727367149758455,0.9512806221646144,4.317135294117647,5.061468965517242,0.635973136915078,0.635973136915078,2.5086364225534674,-38.70826,11.384782352941176,13.347675862068966,0.1410248898711427,0.1975711017518425,1.0927209705372618,0.3102472628859638,-24.03,1.1077405857740583,10.344827586206897,1.642512077294686,0.0524585339134202,0.3719806763285024,0.3648736228127025,0.0373946856772521,0.699224996924591,0.1470588235294117,0.0324044069993519,0.847457627118644,0.0058327932598833,16.1271251205116,-0.0551354058090166,0.0846625766871165,-25.40334481062469,103000000.0,-3376000000.0,-4762000000.0,6942000000.0,293000000.0,285000000.0,209000000.0,34.180168502916395,37.52307692307692,27.13846153846153,2.6331058020477816,2.3985239852398523,3.316326530612245,0.089688041594454,0.2459419576979832,2013-10-23,0.83,bmo,1455329545.0,2025-04-24,2013-09-30,0.0602409638554217,7.4103125,7084200.609375
2013-06-30,KDP,USD,1418135,2013-07-24,2013-07-24 16:11:19,2013,Q2,1611000000.0,676000000.0,935000000.0,0.5803848541,0,619000000.0,0.0,619000000.0,41000000.0,650000000.0,1326000000.0,1000000.0,31000000.0,58000000.0,385000000.0,0.2389819988,285000000.0,0.1769087523,11000000.0,296000000.0,0.1837368094,142000000.0,155000000.0,0.096213532,0.76,0.76,204100000,205500000,https://www.sec.gov/Archives/edgar/data/1418135/000141813513000042/0001418135-13-000042-index.htm,https://www.sec.gov/Archives/edgar/data/1418135/000141813513000042/dps-10qx63013.htm,7.893189612934836,0.7594316511513963,1.0583047525722684,0.9015188633023028,0.5536501714845664,11.28858402743753,-16.5703086722195,11.28858402743753,12.841744243018129,1524627000.0,4001627000.0,2.459075806451613,0.9463854748603352,7.058458333333333,8.286016304347825,0.6617304687500001,0.6617304687500001,2.4839397889509622,10.393836363636364,18.52605092592593,21.74797282608696,0.1016642103281655,0.1206852561314997,1.1241319444444444,0.2973935009760018,6.433766233766233,1.1400375939849623,9.193548387096774,1.3935483870967742,0.0511600542296574,0.5032258064516129,0.3842333954065797,0.0,0.6528878172005971,0.1481481481481481,0.0198634388578522,0.5517241379310345,0.0062073246430788,13.888499924763606,0.0192218080149114,0.0512735693020178,-30.284174424301813,149000000.0,-3382000000.0,-5192000000.0,7004000000.0,317000000.0,308000000.0,219000000.0,0.0,39.80769230769231,29.55621301775148,0.0,2.260869565217391,3.045045045045045,0.0672743055555555,0.1567858892699657,2013-07-24,0.84,bmo,1611000000.0,2025-04-24,2013-06-30,0.0,7.64046875,8458089.484375
2013-03-31,KDP,USD,1418135,2013-04-24,2013-04-24 14:31:43,2013,Q1,1380000000.0,590000000.0,790000000.0,0.5724637681,0,563000000.0,0.0,563000000.0,3000000.0,593000000.0,1183000000.0,0.0,34000000.0,57000000.0,229000000.0,0.165942029,197000000.0,0.1427536232,-31000000.0,166000000.0,0.1202898551,60000000.0,106000000.0,0.0768115942,0.52,0.51,204600000,206300000,https://www.sec.gov/Archives/edgar/data/1418135/000141813513000030/0001418135-13-000030-index.htm,https://www.sec.gov/Archives/edgar/data/1418135/000141813513000030/dps-10qx33113.htm,6.744868035190616,0.5180840664711632,0.2932551319648094,0.1270772238514174,1.0166177908113392,10.943304007820135,-16.881720430107528,10.943304007820135,13.836754643206255,1536546000.0,4125546000.0,3.6239292452830174,1.1134391304347826,25.6091,59.097923076923074,0.6862644037516749,0.6862644037516749,2.9895260869565217,18.015484716157204,68.7591,158.67484615384615,0.068985894337039,0.0169210684222925,1.2492184010719072,0.3152614968440036,11.305676855895197,1.056105610561056,5.794117647058823,0.5660377358490566,0.0455567226754031,0.660377358490566,0.4079710144927536,0.0,0.6416816952209198,0.5666666666666667,0.0246376811594202,0.5964912280701754,0.0065217391304347,11.294463573916946,0.0154160760689818,0.0333438188109468,-28.550830889540567,68000000.0,-3454000000.0,-5353000000.0,6947000000.0,618000000.0,300000000.0,206500000.0,41.34782608695652,48.35593220338983,32.94915254237288,2.176656151419558,1.861198738170347,2.7314814814814814,0.0473425636444841,0.1661779081133919,2013-04-24,0.46,bmo,1197735849.0,2025-04-24,2013-03-31,0.1521739130434782,7.198833333333334,10973656.866666667
2012-12-31,KDP,USD,1418135,2013-02-21,2013-02-20 18:32:40,2012,Q4,1484000000.0,605000000.0,879000000.0,0.5923180593,0,555000000.0,0.0,555000000.0,1000000.0,587000000.0,1192000000.0,1000000.0,31000000.0,29000000.0,236000000.0,0.1590296496,292000000.0,0.1967654987,-29000000.0,263000000.0,0.1772237197,93000000.0,170000000.0,0.1145552561,0.82,0.81,207600000,209400000,https://www.sec.gov/Archives/edgar/data/1418135/000141813513000006/0001418135-13-000006-index.htm,https://www.sec.gov/Archives/edgar/data/1418135/000141813513000006/dps-10kx123112.htm,7.148362235067437,0.8188824662813102,0.9344894026974953,0.6936416184971098,1.7630057803468209,10.982658959537572,-16.315028901734102,10.982658959537572,13.65606936416185,1476036000.0,3914036000.0,2.170641176470588,0.994633423180593,7.608432989690722,10.25025,0.6473842105263159,0.6473842105263159,2.637490566037736,16.584898305084746,20.17544329896907,27.180805555555555,0.1151733426555991,0.0975585961318016,1.2298245614035088,0.3140681003584229,10.330508474576272,1.083603896103896,9.419354838709678,1.1411764705882352,0.0481018078149855,0.4176470588235294,0.3739892183288409,0.0,0.634744623655914,0.2577319587628865,0.0336927223719676,0.8620689655172413,0.0060646900269541,14.225115262803136,0.0237534919642951,0.05213124808341,-27.61078998073218,103000000.0,-3387000000.0,-5313000000.0,6972000000.0,600000000.0,290000000.0,202000000.0,36.50943396226416,42.09917355371901,29.305785123966945,2.4651162790697674,2.137809187279152,3.071065989847716,0.0745614035087719,0.2408477842003853,2013-02-13,0.85,bmo,1538292682.0,2025-04-24,2012-12-31,-0.0352941176470588,7.106451612903226,8410595.0
2012-09-30,KDP,USD,1418135,2012-10-24,2012-10-24 12:29:21,2012,Q3,1528000000.0,626000000.0,902000000.0,0.5903141361,41700000,561000000.0,0.0,561000000.0,33000000.0,594000000.0,1220000000.0,0.0,31000000.0,57000000.0,341000000.0,0.2231675393,308000000.0,0.2015706806,-27000000.0,281000000.0,0.1839005236,102000000.0,179000000.0,0.1171465969,0.85,0.84,210400000,212000000,https://www.sec.gov/Archives/edgar/data/1418135/000141813512000034/0001418135-12-000034-index.htm,https://www.sec.gov/Archives/edgar/data/1418135/000141813512000034/dps-10qx93012.htm,7.262357414448669,0.8507604562737643,1.449619771863118,1.192965779467681,1.820342205323194,11.017110266159696,-15.922053231939165,11.017110266159696,13.293726235741444,1512776000.0,3895776000.0,2.1128156424581004,0.9900366492146596,4.95992131147541,6.026996015936255,0.6526212251941329,0.6526212251941329,2.5495916230366493,11.424563049853372,12.77303606557377,15.521019920318723,0.1183255154761841,0.1659201362263811,1.193270060396894,0.307709422627656,6.988269794721408,0.804147465437788,9.935483870967742,1.7039106145251397,0.0475946207501969,0.4022346368715084,0.3671465968586387,0.0272905759162303,0.6305484481032373,0.1770491803278688,0.0353403141361256,0.9473684210526316,0.0058900523560209,14.52207765883618,0.024666744814713,0.0538994278831677,-27.26235741444867,-340000000.0,-3350000000.0,-5275000000.0,6522000000.0,625000000.0,317000000.0,212000000.0,35.22251308900524,42.69968051118211,29.760383386581463,2.5551839464882944,2.107744107744108,3.024154589371981,0.0772217428817946,0.2566539923954372,2012-10-24,0.77,bmo,1489316455.0,2025-04-24,2012-09-30,0.0259740259740259,7.1749206349206345,8133101.587301588
2012-06-30,KDP,USD,1418135,2012-07-26,2012-07-26 12:17:43,2012,Q2,1621000000.0,685000000.0,936000000.0,0.5774213448,0,599000000.0,0.0,599000000.0,37000000.0,636000000.0,1321000000.0,1000000.0,31000000.0,65000000.0,337000000.0,0.2078963603,300000000.0,0.1850709439,-29000000.0,271000000.0,0.1671807526,93000000.0,178000000.0,0.10980876,0.84,0.83,211900000,213300000,https://www.sec.gov/Archives/edgar/data/1418135/000141813512000028/0001418135-12-000028-index.htm,https://www.sec.gov/Archives/edgar/data/1418135/000141813512000028/dps-10qx63012.htm,7.649834827748938,0.8400188768286928,1.3402548371873526,1.1562057574327511,1.4299197734780558,10.830580462482304,-15.903728173666824,10.830580462482304,12.987258140632374,1491776000.0,3909776000.0,2.095191011235955,0.92028130783467,5.2527323943661965,6.088881632653061,0.6500113289760349,0.6500113289760349,2.4119531153608884,11.601709198813056,13.76681690140845,15.958269387755102,0.1193208631858938,0.1642337723626067,1.1856209150326795,0.305490063994611,7.175074183976261,0.8021914648212226,9.67741935483871,1.595505617977528,0.0489349607447767,0.4101123595505618,0.3695249845774213,0.0,0.6360166161446054,0.1373239436619718,0.0240592227020357,0.6,0.0055521283158544,14.307430614847876,0.0250251423012071,0.054904380012338,-26.95375176970269,-343000000.0,-3370000000.0,-5221000000.0,6463000000.0,626500000.0,325000000.0,221000000.0,36.19987661937076,44.27737226277373,28.51094890510949,2.486196319018405,2.0326409495548963,3.1566820276497696,0.0775599128540305,0.1840490797546012,2012-07-26,0.82,bmo,1563788235.0,2025-04-24,2012-06-30,0.0365853658536585,6.612698412698413,13988997.76190476
2012-03-31,KDP,USD,1418135,2012-04-25,2012-04-25 15:14:22,2012,Q1,1362000000.0,584000000.0,778000000.0,0.5712187959,0,553000000.0,0.0,553000000.0,33000000.0,586000000.0,1170000000.0,0.0,32000000.0,60000000.0,226000000.0,0.1659324523,192000000.0,0.140969163,-29000000.0,163000000.0,0.1196769457,61000000.0,102000000.0,0.0748898678,0.48,0.48,212600000,213900000,https://www.sec.gov/Archives/edgar/data/1418135/000141813512000013/0001418135-12-000013-index.htm,https://www.sec.gov/Archives/edgar/data/1418135/000141813512000013/dps-10qx33112.htm,6.406396989651928,0.4797742238946378,-1.528692380056444,-1.7968015051740358,0.90310442144873,10.630291627469424,-16.039510818438384,10.630291627469424,12.845719661335842,1375522000.0,3882522000.0,3.371377450980392,1.009928046989721,-4.232375384615384,-3.600842931937173,0.6086380530973452,0.6086380530973452,2.850603524229075,17.17930088495575,-11.946221538461538,-10.163670157068063,0.0741536667534216,-0.2777127519588927,1.1942477876106194,0.3072632058287796,11.0929203539823,0.8930594900849859,6.0,-3.186274509803922,0.0494357778356144,0.6666666666666666,0.4060205580029368,0.0,0.6454918032786885,-0.1753846153846154,0.0418502202643171,0.95,0.0058737151248164,10.712289582307474,0.0153562422371937,0.0327552986512524,-27.13428974600188,-151000000.0,-3410000000.0,-5263000000.0,6668000000.0,618000000.0,289000000.0,218500000.0,39.7136563876652,48.23630136986301,34.67465753424658,2.266222961730449,1.865814696485623,2.5955555555555554,0.0451327433628318,0.2681091251175917,2012-04-25,0.48,bmo,1421217391.0,2025-04-24,2012-03-31,-0.0416666666666665,6.202419354838709,12377337.096774194
2011-12-31,KDP,USD,1418135,2012-02-22,2012-02-22 15:16:37,2011,Q4,1461000000.0,604000000.0,857000000.0,0.5865845311,0,553000000.0,0.0,553000000.0,22000000.0,586000000.0,1190000000.0,1000000.0,29000000.0,31000000.0,234000000.0,0.160164271,271000000.0,0.1854893908,-25000000.0,246000000.0,0.1683778234,80000000.0,166000000.0,0.1136208077,0.78,0.77,213600000,216000000,https://www.sec.gov/Archives/edgar/data/1418135/000141813512000006/0001418135-12-000006-index.htm,https://www.sec.gov/Archives/edgar/data/1418135/000141813512000006/dps-20111231x10k.htm,6.839887640449438,0.7771535580524345,0.8426966292134831,0.5149812734082397,3.2818352059925093,10.594569288389511,-15.889513108614231,10.594569288389511,12.81367041198502,1358496000.0,3365496000.0,2.0459277108433738,0.9298398357289528,7.547200000000001,12.349963636363636,0.6003075563411401,0.6003075563411401,2.3035564681724847,14.382461538461538,18.6972,30.595418181818182,0.1221939556686217,0.0809718983346288,1.1966416261599646,0.2917160400732522,8.576923076923077,0.9174934725848564,9.344827586206897,1.0843373493975903,0.0500553553341342,0.4096385542168674,0.378507871321013,0.0,0.6093935150274695,0.3888888888888889,0.0479123887748117,1.0769230769230769,0.0068446269678302,13.610883968955196,0.0233849000894101,0.0457804743519029,-26.85744382022472,-158000000.0,-3394000000.0,-5263000000.0,6651000000.0,588000000.0,276500000.0,236000000.0,39.1170431211499,39.48675496688742,31.58940397350993,2.3007874015748038,2.279245283018868,2.849056603773585,0.0733539549270879,0.3277153558052434,2012-02-15,0.74,bmo,1318463414.0,2025-04-24,2011-12-31,0.108108108108108,6.092222222222222,10944942.634920634
2011-09-30,KDP,USD,1418135,2011-10-26,2011-10-26 14:04:54,2011,Q3,1529000000.0,672000000.0,857000000.0,0.5604970569,0,559000000.0,0.0,559000000.0,37000000.0,596000000.0,1268000000.0,1000000.0,30000000.0,56000000.0,297000000.0,0.1942446043,261000000.0,0.1706998038,-25000000.0,236000000.0,0.1543492479,82000000.0,154000000.0,0.1007194245,0.71,0.71,216000000,218200000,https://www.sec.gov/Archives/edgar/data/1418135/000141813511000024/0001418135-11-000024-index.htm,https://www.sec.gov/Archives/edgar/data/1418135/000141813511000024/dps-10qx93011.htm,7.078703703703703,0.7129629629629629,1.5,1.2962962962962965,3.013888888888889,10.444444444444445,-15.74537037037037,10.444444444444445,12.226851851851851,1347840000.0,3307840000.0,2.188051948051948,0.881517331589274,4.16,4.813714285714286,0.5974468085106384,0.5974468085106384,2.163400915631132,11.137508417508418,10.209382716049385,11.813714285714283,0.1142568850902184,0.2077397910731244,1.1573581560283688,0.2841440853194036,6.5993265993266,0.9820393974507532,8.7,2.103896103896104,0.0534188034188034,0.4675324675324675,0.3655984303466318,0.0,0.6156273805637175,0.1358024691358024,0.0287769784172661,0.7857142857142857,0.0045781556572923,12.943967563938664,0.0216573702088039,0.0436013590033975,-26.60300925925926,-31000000.0,-3401000000.0,-5238000000.0,6747000000.0,575500000.0,293500000.0,267500000.0,31.84434270765206,38.57142857142857,34.82142857142857,2.826247689463956,2.333333333333333,2.5846153846153848,0.0682624113475177,0.2037037037037037,2011-10-26,0.7,bmo,1507464788.0,2025-04-24,2011-09-30,0.0142857142857143,6.16078125,13209802.234375
2011-06-30,KDP,USD,1418135,2011-07-27,2011-07-27 15:37:26,2011,Q2,1582000000.0,662000000.0,920000000.0,0.5815423515,0,598000000.0,0.0,598000000.0,32000000.0,630000000.0,1292000000.0,0.0,28000000.0,54000000.0,349000000.0,0.2206068268,290000000.0,0.183312263,-25000000.0,265000000.0,0.1675094817,94000000.0,172000000.0,0.1087231353,0.78,0.77,221900000,224400000,https://www.sec.gov/Archives/edgar/data/1418135/000141813511000016/0001418135-11-000016-index.htm,https://www.sec.gov/Archives/edgar/data/1418135/000141813511000016/dps-10qx63011.htm,7.129337539432177,0.7751239296980622,0.9238395673726904,0.6985128436232537,2.478593961243804,10.53177106804867,-15.038305543037405,10.53177106804867,11.78008111762055,1497825000.0,3533825000.0,2.1770712209302325,0.94679203539823,7.306463414634147,9.663387096774194,0.6409178433889603,0.6409178433889603,2.2337705436156763,10.12557306590258,17.238170731707317,22.798870967741937,0.1148331747700832,0.103483384240482,1.1065468549422337,0.2802340702210663,5.833810888252149,1.085842408712364,10.357142857142858,1.191860465116279,0.0367199105369452,0.3197674418604651,0.3780025284450063,0.0,0.6148677936714347,0.2439024390243902,0.0316055625790139,0.925925925925926,0.0056890012642225,13.552753409595056,0.0231914828940015,0.04839617332583,-25.894547093285265,134000000.0,-3337000000.0,-5196000000.0,6955000000.0,604500000.0,315000000.0,269500000.0,34.70290771175727,40.64954682779456,37.38670694864048,2.59344262295082,2.2140468227424748,2.4072727272727272,0.0735986307231493,0.2253267237494366,2011-07-27,0.76,bmo,1561454545.0,2025-04-24,2011-06-30,0.0131578947368421,6.442698412698412,12569494.904761905
2011-03-31,KDP,USD,1418135,2011-04-27,2011-04-27 13:17:58,2011,Q1,1331000000.0,547000000.0,784000000.0,0.5890308039,0,547000000.0,0.0,547000000.0,35000000.0,582000000.0,1129000000.0,1000000.0,27000000.0,57000000.0,238000000.0,0.1788129226,202000000.0,0.1517655898,-24000000.0,178000000.0,0.1337340346,64000000.0,114000000.0,0.0856498873,0.51,0.5,223600000,226300000,https://www.sec.gov/Archives/edgar/data/1418135/000141813511000006/0001418135-11-000006-index.htm,https://www.sec.gov/Archives/edgar/data/1418135/000141813511000006/dps10q33111.htm,5.952593917710197,0.5098389982110912,0.2280858676207513,-0.0134168157423971,2.9382826475849733,10.86762075134168,-14.51252236135957,10.86762075134168,12.195885509838998,1337128000.0,3380128000.0,2.932298245614035,1.0046040570999248,26.218196078431376,-445.70933333333335,0.5502584362139918,0.5502584362139918,2.539540195341848,14.202218487394958,66.27701960784314,-1126.7093333333332,0.0852573575603831,-0.0022436146726416,1.1111111111111112,0.2898861928280009,8.584033613445378,1.2547770700636942,7.481481481481482,0.4473684210526316,0.0418808072226443,0.4912280701754385,0.410969196093163,0.0,0.6092978312218166,1.0588235294117647,0.0405709992486852,0.9473684210526316,0.0060105184072126,11.165418923087817,0.0155793336364226,0.0313272877164056,-25.24932915921288,360000000.0,-3245000000.0,-5111000000.0,7188000000.0,585000000.0,314500000.0,254000000.0,40.50338091660406,54.46069469835466,43.43692870201097,2.2220367278798,1.6525679758308156,2.071969696969697,0.0469135802469135,0.2415026833631484,2011-04-27,0.46,bmo,1224520000.0,2025-04-24,2011-03-31,0.0869565217391303,5.814838709677419,12757077.435483873
2010-12-31,KDP,USD,1418135,2011-02-22,2011-02-22 15:22:29,2010,Q4,1412000000.0,554000000.0,858000000.0,0.6076487252,0,551000000.0,0.0,551000000.0,31000000.0,582000000.0,1136000000.0,1000000.0,34000000.0,58000000.0,145000000.0,0.1026912181,268000000.0,0.1898016997,-119000000.0,149000000.0,0.1055240793,37000000.0,112000000.0,0.0793201133,0.5,0.5,223600000,223600000,https://www.sec.gov/Archives/edgar/data/1418135/000144530511000302/0001445305-11-000302-index.htm,https://www.sec.gov/Archives/edgar/data/1418135/000144530511000302/dps2010123110k.htm,6.31484794275492,0.5008944543828264,4.454382826475849,4.114490161001789,1.4087656529516994,10.99731663685152,-14.38282647584973,10.99731663685152,9.503577817531308,1265576000.0,3041576000.0,2.8249464285714287,0.896300283286119,1.2706586345381528,1.3756260869565218,0.5146710044733632,0.5146710044733632,2.1540906515580738,20.976386206896557,3.053791164658634,3.3060608695652176,0.0884972534245276,0.7269417245586199,0.8503456689711265,0.2360311547578733,12.248275862068963,0.9783258594917787,7.882352941176471,8.892857142857142,0.0458289348091303,0.5178571428571429,0.3902266288951841,0.0,0.6405914888813636,0.0763052208835341,0.0538243626062322,1.3103448275862069,0.0056657223796034,11.132885323268436,0.0254195160163445,0.0351758793969849,-24.752906976744185,-29000000.0,-3216000000.0,-5091000000.0,6814000000.0,285500000.0,622500000.0,263500000.0,36.39518413597734,48.4115523465704,39.638989169675085,2.4728546409807355,1.859060402684564,2.2704918032786887,0.0455469703131354,0.3398926654740608,2011-02-17,0.64,bmo,1348776119.0,2025-04-24,2010-12-31,0.046875,5.84921875,11354418.0
2010-09-30,KDP,USD,1418135,2010-10-27,2010-10-27 16:52:34,2010,Q3,1457000000.0,600000000.0,857000000.0,0.5881949211,0,564000000.0,0.0,564000000.0,33000000.0,597000000.0,1197000000.0,0.0,31000000.0,32000000.0,294000000.0,0.2017844887,260000000.0,0.1784488675,-29000000.0,231000000.0,0.1585449554,87000000.0,144000000.0,0.0988332189,0.61,0.6,238000000,240400000,https://www.sec.gov/Archives/edgar/data/1418135/000095012310096688/0000950123-10-096688-index.htm,https://www.sec.gov/Archives/edgar/data/1418135/000095012310096688/d76487e10vq.htm,6.121848739495798,0.6050420168067226,1.1470588235294117,0.9117647058823528,0.9411764705882352,10.861344537815128,-12.991596638655462,10.861344537815128,10.932773109243698,1361360000.0,3708360000.0,2.363472222222222,0.9343582704186684,4.986666666666666,6.273548387096774,0.5266382978723404,0.5266382978723404,2.545202470830473,12.6134693877551,13.583736263736265,17.089216589861753,0.1057765763648116,0.1593994241053064,0.9945841392649905,0.2924914675767918,7.982993197278912,1.320121951219512,8.387096774193548,1.8958333333333333,0.0440735734853381,0.4166666666666667,0.3870967741935484,0.0,0.6458475540386803,0.2051282051282051,0.0384351407000686,1.0,0.005490734385724,12.159782917421996,0.0207632490491829,0.0462576292964985,-24.535714285714285,315000000.0,-3092000000.0,-4906000000.0,7115000000.0,303000000.0,630000000.0,276000000.0,0.0,142.04999999999998,42.45,0.0,0.6335797254487856,2.120141342756184,0.055705996131528,0.2352941176470588,2010-10-27,0.6,bmo,1457000000.0,2025-04-24,2010-09-30,0.0,5.98078125,17884770.765625
2010-06-30,KDP,USD,1418135,2010-07-29,2010-07-29 13:26:02,2010,Q2,1519000000.0,593000000.0,926000000.0,0.6096115866,0,587000000.0,0.0,587000000.0,29000000.0,616000000.0,1209000000.0,1000000.0,29000000.0,55000000.0,368000000.0,0.2422646478,310000000.0,0.2040816327,-26000000.0,284000000.0,0.1869651086,102000000.0,183000000.0,0.1204739961,0.75,0.74,244500000,246700000,https://www.sec.gov/Archives/edgar/data/1418135/000095012310069642/0000950123-10-069642-index.htm,https://www.sec.gov/Archives/edgar/data/1418135/000095012310069642/d73118e10vq.htm,6.212678936605317,0.7484662576687117,1.1411042944785277,0.8997955010224948,1.6809815950920246,11.54601226993865,-11.676891615541924,11.54601226993865,10.62167689161554,1471890000.0,3628890000.0,2.01077868852459,0.9689861751152072,5.275591397849461,6.690409090909091,0.5213921360255047,0.5213921360255047,2.388999341672153,9.861114130434782,13.006774193548386,16.494954545454547,0.1243299431343375,0.1494676911997499,0.9096705632306056,0.286032523947427,5.861413043478261,1.565625,10.689655172413794,1.524590163934426,0.025817146661775,0.2076502732240437,0.3864384463462804,0.0,0.6324348407217643,0.2114695340501792,0.0388413429888084,1.0727272727272728,0.0046082949308755,13.944192819243971,0.0247769982328493,0.0554545454545454,-21.083844580777097,543000000.0,-2855000000.0,-4652000000.0,7331000000.0,583500000.0,301000000.0,269500000.0,35.90520078999342,47.50421585160202,40.82630691399663,2.5066006600660065,1.8945686900958467,2.204460966542751,0.0648246546227417,0.2413087934560327,2010-07-29,0.69,bmo,1416364864.0,2025-04-24,2010-06-30,0.0724637681159421,5.813809523809524,19842127.47619048
2010-03-31,KDP,USD,1418135,2010-05-06,2010-05-06 13:00:16,2010,Q1,1248000000.0,496000000.0,752000000.0,0.6025641026,0,531000000.0,0.0,531000000.0,34000000.0,565000000.0,1061000000.0,1000000.0,34000000.0,54000000.0,222000000.0,0.1778846154,187000000.0,0.1498397436,-30000000.0,157000000.0,0.1258012821,68000000.0,89000000.0,0.0713141026,0.35,0.35,253300000,255100000,https://www.sec.gov/Archives/edgar/data/1418135/000095012310045289/0000950123-10-045289-index.htm,https://www.sec.gov/Archives/edgar/data/1418135/000095012310045289/d72288e10vq.htm,4.926964074220292,0.3513620213185945,3.8965653375444136,3.679431504145282,2.254243979470983,12.088432688511649,-10.359257797078564,12.088432688511649,10.264508487958942,1433678000.0,3428678000.0,4.027185393258427,1.1487804487179487,1.4525612968591692,1.5382811158798284,0.4682161985630307,0.4682161985630307,2.747338141025641,15.444495495495495,3.47383789260385,3.678839055793992,0.0620780956393276,0.6500762374814987,0.8380143696930111,0.2814522320938905,8.986486486486486,1.9176470588235297,5.5,11.089887640449438,0.0265052543179151,0.4269662921348314,0.4254807692307692,0.0,0.6236700669079741,0.055724417426545,0.0440705128205128,1.0185185185185186,0.0048076923076923,9.775830565236262,0.0128228340905711,0.0259399591955698,-19.456178444532178,780000000.0,-2624000000.0,-4425000000.0,7572000000.0,566500000.0,569500000.0,266000000.0,40.45673076923077,52.439516129032256,48.99193548387097,2.224598930481283,1.7162629757785468,1.837037037037037,0.0290659699542782,0.2171338333991314,2010-05-06,0.38,bmo,1185600000.0,2025-04-24,2010-03-31,0.0526315789473684,4.936885245901639,13826561.62295082
2009-12-31,KDP,USD,1418135,2010-03-01,2010-02-26 21:22:45,2009,Q4,1356000000.0,528000000.0,828000000.0,0.610619469,0,539000000.0,0.0,539000000.0,38000000.0,577000000.0,1105000000.0,1000000.0,85000000.0,56000000.0,215000000.0,0.1585545723,251000000.0,0.1851032448,-87000000.0,164000000.0,0.1209439528,50000000.0,114000000.0,0.0840707965,0.45,0.45,253300000,253300000,https://www.sec.gov/Archives/edgar/data/1418135/000095012310018549/0000950123-10-018549-index.htm,https://www.sec.gov/Archives/edgar/data/1418135/000095012310018549/d70873e10vk.htm,5.353335965258586,0.4500592183181998,0.6474536123174102,0.303987366758784,1.1054086063955784,12.581918673509673,-9.861823924200552,12.581918673509673,12.021318594551914,1155048000.0,3835048000.0,2.5329999999999995,0.8518053097345133,7.042975609756097,15.000623376623375,0.3624248509570128,0.3624248509570128,2.8282064896755164,17.837432558139536,23.384439024390243,49.80581818181818,0.0986971969996052,0.0666638962190315,0.9287731408848446,0.3372835004557885,12.465116279069768,1.4976580796252927,2.9529411764705884,1.4385964912280702,0.0328947368421052,0.3332894736842105,0.3974926253687316,0.0,0.6477894257064722,0.5304878048780488,0.0641592920353982,1.5535714285714286,0.0044247787610619,11.287545830281966,0.0220241870431832,0.0368812681979941,-18.74851954204501,425000000.0,-2498000000.0,-4310000000.0,7219000000.0,574500000.0,554000000.0,268500000.0,37.9646017699115,144.88636363636363,44.65909090909091,2.370629370629371,0.6211764705882353,2.015267175572519,0.0357703169124568,0.3434662455586261,2010-02-25,0.43,bmo,1325181818.0,2025-04-24,2009-12-31,0.0232558139534883,4.490625,12861127.296875
2009-09-30,KDP,USD,1418135,2009-11-05,2009-11-05 14:30:19,2009,Q3,1434000000.0,579000000.0,855000000.0,0.5962343096,0,547000000.0,0.0,547000000.0,36000000.0,583000000.0,1162000000.0,1000000.0,51000000.0,52000000.0,345000000.0,0.2405857741,272000000.0,0.189679219,-30000000.0,242000000.0,0.1687587169,92000000.0,151000000.0,0.1052998605,0.59,0.59,254200000,255500000,https://www.sec.gov/Archives/edgar/data/1418135/000095012309058290/0000950123-09-058290-index.htm,https://www.sec.gov/Archives/edgar/data/1418135/000095012309058290/d69848e10vq.htm,5.641227380015736,0.5940204563335956,1.2981904012588512,0.963808025177026,1.1093627065302911,12.108575924468925,-10.25963808025177,12.108575924468925,12.155782848151064,1176946000.0,3933946000.0,1.948586092715232,0.8207433751743375,3.5665030303030303,4.803861224489796,0.3823736192332683,0.3823736192332683,2.743337517433752,11.402742028985507,11.921048484848486,16.05692244897959,0.1282981547156794,0.2081658801678241,0.9873294346978556,0.3477116704805492,7.991304347826087,1.4713302752293578,5.333333333333333,2.185430463576159,0.0,0.0,0.3814504881450488,0.0,0.6505720823798627,0.2575757575757575,0.0592747559274755,1.6346153846153846,0.003486750348675,12.721505037320386,0.0214279411950068,0.0494433529796987,-18.92112509834776,411000000.0,-2608000000.0,-4379000000.0,7138000000.0,603000000.0,256500000.0,279500000.0,36.21338912133891,40.10362694300518,42.74611398963731,2.48526863084922,2.244186046511628,2.105454545454545,0.0490578297595841,0.3343823760818253,2009-11-05,0.49,bmo,1301222222.0,2025-04-24,2009-09-30,0.1020408163265307,4.0721875,11975527.734375
2009-06-30,KDP,USD,1418135,2009-08-13,2009-08-13 12:37:08,2009,Q2,1481000000.0,596000000.0,885000000.0,0.59756921,0,550000000.0,0.0,550000000.0,38000000.0,588000000.0,1184000000.0,1000000.0,52000000.0,50000000.0,350000000.0,0.2363268062,297000000.0,0.2005401756,-49000000.0,248000000.0,0.1674544227,91000000.0,158000000.0,0.1066846725,0.62,0.62,254200000,255100000,https://www.sec.gov/Archives/edgar/data/1418135/000095012309034487/0000950123-09-034487-index.htm,https://www.sec.gov/Archives/edgar/data/1418135/000095012309034487/d68778e10vq.htm,5.826121164437451,0.6215578284815106,0.7592446892210858,0.5153422501966956,0.924468922108576,11.48701809598741,-10.900865460267504,11.48701809598741,12.950432730133754,866822000.0,3871822000.0,1.3715537974683545,0.5852950708980419,4.491305699481865,6.616961832061069,0.2968568493150685,0.2968568493150685,2.614329507089804,11.062348571428572,20.061253886010363,29.555893129770997,0.1822750230151057,0.1511267595884737,1.1095890410958904,0.3711340206185567,8.585714285714285,1.6053921568627452,5.711538461538462,1.2215189873417722,0.0,0.0,0.3713706954760297,0.0,0.6518900343642612,0.3212435233160621,0.0418636056718433,1.24,0.0033760972316002,12.674641435877758,0.0237579177773973,0.0519907864429088,-19.51711250983477,494000000.0,-2771000000.0,-4500000000.0,7198000000.0,608500000.0,268000000.0,285000000.0,38.22417285617826,38.506711409395976,42.88590604026846,2.3545310015898253,2.3372549019607844,2.0985915492957745,0.0541095890410958,0.2439024390243902,2009-08-13,0.49,bmo,1170467741.0,2025-04-24,2009-06-30,0.2653061224489796,3.3447619047619046,14011254.603174604
2009-03-31,KDP,USD,1418135,2009-05-13,2009-05-13 14:35:57,2009,Q1,1260000000.0,531000000.0,729000000.0,0.5785714286,0,499000000.0,0.0,499000000.0,-35000000.0,464000000.0,995000000.0,1000000.0,55000000.0,49000000.0,296000000.0,0.2349206349,265000000.0,0.2103174603,-51000000.0,214000000.0,0.1698412698,82000000.0,132000000.0,0.1047619048,0.52,0.52,254200000,254300000,https://www.sec.gov/Archives/edgar/data/1418135/000095013409010540/0000950134-09-010540-index.htm,https://www.sec.gov/Archives/edgar/data/1418135/000095013409010540/d67416e10vq.htm,4.956726986624705,0.5192761605035405,0.7002360346184107,0.3737214791502753,0.8615263571990559,10.763178599527931,-11.605035405192762,10.763178599527931,13.457907159716758,691424000.0,3838424000.0,1.3095151515151515,0.5487492063492063,3.884404494382023,7.2781473684210525,0.2527134502923976,0.2527134502923976,3.046368253968254,12.967648648648648,21.5641797752809,40.40446315789474,0.1909103531263016,0.1373976026287777,1.230263157894737,0.3895833333333333,10.631756756756756,1.5237515225334957,4.818181818181818,1.3484848484848484,0.0,0.0,0.396031746031746,0.0,0.6581018518518519,0.4662921348314606,0.0658730158730158,1.6938775510204085,0.0023809523809523,11.214004472287169,0.0209052236763312,0.0446851726472579,-20.066876475216365,430000000.0,-2950000000.0,-4653000000.0,7117000000.0,560000000.0,257500000.0,274500000.0,42.0,47.6271186440678,48.47457627118644,2.142857142857143,1.8896797153024911,1.856643356643357,0.0482456140350877,0.3265145554681353,2009-05-13,0.29,bmo,987567567.0,2025-04-24,2009-03-31,0.2758620689655173,2.4988524590163936,13028397.360655738
2008-12-31,KDP,USD,1418135,2009-03-26,2009-03-26 15:08:20,2008,Q4,1341000000.0,587000000.0,754000000.0,0.562266965,0,489000000.0,0.0,489000000.0,1075000000.0,1564000000.0,2151000000.0,2000000.0,58000000.0,62000000.0,-748000000.0,-0.557792692,-836000000.0,-0.6234153617,-46000000.0,-882000000.0,-0.6577181208,-260000000.0,-621000000.0,-0.4630872483,-2.44,-2.44,254000000,254200000,https://www.sec.gov/Archives/edgar/data/1418135/000095013409006140/0000950134-09-006140-index.htm,https://www.sec.gov/Archives/edgar/data/1418135/000095013409006140/d66682e10vk.htm,5.279527559055119,-2.44488188976378,0.7322834645669292,0.3346456692913386,0.84251968503937,10.263779527559056,-12.15748031496063,10.263779527559056,14.114173228346456,665480000.0,3978480000.0,-0.2679066022544283,0.4962565249813572,3.577849462365591,7.829176470588235,0.2552665899501342,0.2552665899501342,2.966800894854586,-5.318823529411764,21.38967741935484,46.80564705882353,-0.9331610266273968,0.1277273546913506,1.3528960490985809,0.4083121092845566,-4.429144385026738,1.5443196004993758,-14.413793103448276,-0.2995169082125604,0.0,0.0,0.3646532438478747,0.0,0.6592961333642047,0.543010752688172,0.0753169276659209,1.6290322580645162,0.0,,-0.0751798126374582,-0.2110091743119266,-20.81299212598425,436000000.0,-3088000000.0,-4794000000.0,7121000000.0,560500000.0,265000000.0,296500000.0,35.70469798657718,35.87734241908007,40.3236797274276,2.5206766917293235,2.5085470085470085,2.2319391634980987,-0.238204833141542,0.3976377952755905,2009-03-26,0.37,bmo,1305435897.0,2025-04-24,2008-12-31,0.0540540540540541,3.0721875,21613908.28125
2008-09-30,KDP,USD,1418135,2008-11-13,2008-11-13 15:40:21,2008,Q3,1505000000.0,720000000.0,785000000.0,0.5215946844,0,542000000.0,0.0,542000000.0,23000000.0,565000000.0,1285000000.0,3000000.0,59000000.0,47000000.0,266000000.0,0.176744186,213000000.0,0.1415282392,-49000000.0,164000000.0,0.1089700997,59000000.0,106000000.0,0.0704318937,0.41,0.41,254200000,254200000,https://www.sec.gov/Archives/edgar/data/1418135/000095013408020452/0000950134-08-020452-index.htm,https://www.sec.gov/Archives/edgar/data/1418135/000095013408020452/d65131e10vq.htm,5.920535011801731,0.4169944925255704,0.963808025177026,0.7238394964594808,0.940204563335956,13.099921321793865,-13.51298190401259,13.099921321793865,14.48072383949646,1082892000.0,4465892000.0,2.553990566037736,0.7195295681063123,4.419967346938775,5.885282608695652,0.3251927927927928,0.3251927927927928,2.967370099667774,16.789067669172933,18.228130612244897,24.271152173913045,0.0978860311092888,0.1699153747557466,1.0876876876876878,0.3687639991855019,12.718045112781954,1.4817275747508305,3.610169491525424,2.311320754716981,0.0,0.0,0.3601328903654485,0.0,0.688759926695174,0.2489795918367346,0.040531561461794,1.297872340425532,0.0,11.086405570941038,0.01523028269148,0.0346745175008177,-22.211841070023603,435000000.0,-3435000000.0,-5154000000.0,8145000000.0,621500000.0,586500000.0,339000000.0,35.222591362126245,37.0,41.25,2.555178268251274,2.4324324324324325,2.1818181818181817,0.0318318318318318,0.2399685287175452,2008-11-13,0.51,bmo,1693200000.0,2025-04-24,2008-09-30,-0.1176470588235294,3.70171875,13977731.65625
2008-06-30,KDP,USD,1418135,2008-08-13,2008-08-13 16:36:59,2008,Q2,1557000000.0,706000000.0,851000000.0,0.5465639049,0,536000000.0,0.0,536000000.0,32000000.0,568000000.0,1274000000.0,10000000.0,92000000.0,51000000.0,308000000.0,0.1978163134,269000000.0,0.1727681439,-81000000.0,188000000.0,0.1207450225,80000000.0,108000000.0,0.0693641618,0.42,0.42,254000000,254000000,https://www.sec.gov/Archives/edgar/data/1418135/000095013408015122/0000950134-08-015122-index.htm,https://www.sec.gov/Archives/edgar/data/1418135/000095013408015122/d59032e10vq.htm,6.12992125984252,0.4251968503937008,0.7007874015748031,0.3149606299212598,1.1811023622047243,12.783464566929132,-13.9251968503937,12.783464566929132,15.570866141732283,858520000.0,4421520000.0,1.9873148148148148,0.5513937058445729,4.82314606741573,10.7315,0.2644040652910379,0.2644040652910379,2.839768786127168,14.355584415584415,24.84,55.269,0.1257978847318641,0.0931836183198993,1.1897135817677855,0.3860297791545918,11.568181818181818,1.372620126926564,2.9239130434782608,1.648148148148148,0.0,0.0,0.3442517662170841,0.0,0.6779254521834716,0.550561797752809,0.062941554271034,1.9215686274509804,0.0,11.058865203853388,0.0169368604662009,0.0335091529630778,-22.816929133858267,411000000.0,-3537000000.0,-5246000000.0,8125000000.0,1399500000.0,929500000.0,354000000.0,37.80346820809248,111.79886685552408,44.36260623229462,2.3807339449541285,0.8050171037628279,2.028735632183908,0.0332614721281182,0.3858267716535433,2008-08-13,0.55,bmo,1416250000.0,2025-04-24,2008-06-30,0.0909090909090907,4.007555555555555,30308249.422222223
2008-03-31,KDP,USD,1418135,2008-06-05,2008-06-05 12:14:17,2008,Q1,1307000000.0,577000000.0,730000000.0,0.558530987,0,508000000.0,0.0,508000000.0,26000000.0,534000000.0,1111000000.0,17000000.0,48000000.0,48000000.0,231000000.0,0.1767406274,186000000.0,0.142310635,-31000000.0,155000000.0,0.1185921959,60000000.0,95000000.0,0.0726855394,0.38,0.38,253700000,253700000,https://www.sec.gov/Archives/edgar/data/1418135/000095013408010797/0000950134-08-010797-index.htm,https://www.sec.gov/Archives/edgar/data/1418135/000095013408010797/d57097e10vq.htm,5.151754040204967,0.3744580212849823,0.3941663381947182,0.2207331493890421,0.390224674812771,19.88569176192353,-6.901852581789515,19.88569176192353,12.16791486007095,1106132000.0,4046132000.0,2.9108736842105265,0.8463136954858455,11.06132,19.752357142857143,0.2192531219028741,0.2192531219028741,3.0957398622800305,17.515722943722945,40.46132,72.25235714285714,0.0858848672671977,0.0506268691259271,0.6023785926660059,0.2868334119867862,12.727272727272728,1.7291280148423005,3.875,1.0526315789473684,0.0,0.0,0.3886763580719204,0.0,0.6414346389806512,0.44,0.0336648814078041,0.9166666666666666,0.0007651109410864,12.943841305952866,0.0118873826903023,0.025006580679126,-14.435356720536069,1179000000.0,-1751000000.0,-2754000000.0,8851000000.0,2167500000.0,984500000.0,342500000.0,147.70466717674063,153.17157712305027,56.1525129982669,0.6093240093240093,0.5875763747454175,1.602777777777778,0.018830525272547,0.173433188805676,2008-06-05,,bmo,,2025-04-24,2008-03-31,,,
2007-12-31,KDP,USD,1418135,2007-12-31,2007-12-30 19:00:00,2007,Q4,1401000000.0,0.0,1401000000.0,1.0,0,0.0,0.0,0.0,1075000000.0,1075000000.0,1075000000.0,0.0,0.0,42000000.0,-3343000000.0,-2.386152748,-3343000000.0,-2.386152748,3343000000.0,0.0,0.0,-3523000000.0,138000000.0,0.0985010707,0.55,0.55,250000000,250000000,,,5.604,0.552,-0.412,-0.84,0.268,20.084,-7.116,20.084,12.152,1090000000.0,4061000000.0,1.97463768115942,0.7780157030692363,-10.582524271844662,-5.190476190476191,0.2170882294363672,0.2170882294363672,2.898643825838686,-1.2147771462758,-39.42718446601942,-19.33809523809524,0.1266055045871559,-0.1926605504587156,0.6050587532364071,0.288563829787234,-0.888722704157942,2.413215859030837,0.0,-0.7463768115942029,0.0,0.0,0.0,0.0,0.6458966565349544,-1.0388349514563109,0.0763740185581727,2.547619047619047,0.0,15.793773456650568,,0.0370171673819742,-14.54,1604000000.0,-1779000000.0,-2768000000.0,9272000000.0,,,,140.68522483940043,0.0,0.0,0.6397260273972603,0.0,0.0,0.0274845648277235,0.428,2008-06-05,0.41,bmo,1327375000.0,2025-04-24,2007-12-31,-0.0243902439024389,,
2007-09-30,KDP,USD,1418135,2007-09-30,2007-09-29 20:00:00,2007,Q3,1535000000.0,0.0,1535000000.0,1.0,0,0.0,0.0,0.0,0.0,0.0,0.0,0.0,0.0,0.0,1535000000.0,1.0,1535000000.0,1.0,-1535000000.0,0.0,0.0,-153000000.0,153000000.0,0.0996742671,0.6,0.6,253086420,253086420,,,6.06512194530232,0.6045365847760619,,,,,,,,1103456791.2,,1.80303397254902,0.7188643590879479,0.0,0.0,0.0,0.0,,,0.0,0.0,0.1386551799945096,,0.0,0.0,,0.0,0.0,0.0,,,0.0,0.0,0.0,0.0,,0.0,,,0.0,0.0,,,,,,,,,,0.0,0.0,0.0,0.0,0.0,0.0,,2007-09-29,,bmo,,2025-04-24,2007-09-30,,,
2007-06-30,KDP,USD,1418135,2007-06-30,2007-06-29 20:00:00,2007,Q2,1406000000.0,0.0,1406000000.0,1.0,0,0.0,0.0,0.0,0.0,0.0,0.0,0.0,0.0,0.0,1406000000.0,1.0,1406000000.0,1.0,-1406000000.0,0.0,0.0,-103000000.0,103000000.0,0.073257468,0.41,0.41,251219512,251219512,,,5.596699033473164,0.4100000003184466,,,,,,,,1095317072.3200002,,2.6585365833009718,0.7790306346514937,0.0,0.0,0.0,0.0,,,0.0,0.0,0.0940366973207446,,0.0,0.0,,0.0,0.0,0.0,,,0.0,0.0,0.0,0.0,,0.0,,,0.0,0.0,,,,,,,,,,0.0,0.0,0.0,0.0,0.0,0.0,,2007-06-29,,bmo,,2025-04-24,2007-06-30,,,
2007-03-31,KDP,USD,1418135,2007-03-31,2007-03-30 20:00:00,2007,Q1,1406000000.0,0.0,1406000000.0,1.0,0,0.0,0.0,0.0,0.0,0.0,0.0,0.0,0.0,0.0,1406000000.0,1.0,1406000000.0,1.0,-1406000000.0,0.0,0.0,-103000000.0,103000000.0,0.073257468,0.41,0.41,251219512,251219512,,,5.596699033473164,0.4100000003184466,,,,,,,,1095317072.3200002,,2.6585365833009718,0.7790306346514937,0.0,0.0,0.0,0.0,,,0.0,0.0,0.0940366973207446,,0.0,0.0,,0.0,0.0,0.0,,,0.0,0.0,0.0,0.0,,0.0,,,0.0,0.0,,,,,,,,,,0.0,0.0,0.0,0.0,0.0,0.0,,2007-03-30,,bmo,,2025-04-24,2007-03-31,,,
2006-12-31,KDP,USD,1418135,2006-12-31,2006-12-30 19:00:00,2006,Q4,424000000.0,0.0,424000000.0,1.0,0,0.0,0.0,0.0,-3690000000.0,-3690000000.0,-3690000000.0,0.0,0.0,0.0,-3266000000.0,-7.7028301887,-3266000000.0,-7.7028301887,3266000000.0,0.0,0.0,-138000000.0,138000000.0,0.3254716981,0.53,0.53,254816327,258333333,,,1.663943613785784,0.5415665535434863,,,0.1373538360436378,12.754284775480654,-14.053259624921916,12.754284775480654,14.881307036499274,1110999185.72,4867999185.72,2.0126796842753625,2.6202810983962266,0.0,0.0,0.3418459032984616,0.3418459032984616,11.481130155,-1.4905080176729946,0.0,0.0,0.1242125122806161,,1.1667692307692308,0.4057350738283757,-1.1503368034292714,0.965109402720284,0.0,0.0,,,0.0,0.0,0.730900920179756,0.0,,0.0,,12.466519806959251,,0.0548707753479125,-19.77110359965278,-59000000.0,-3581000000.0,-4464000000.0,7527000000.0,,,,247.0754716981132,0.0,0.0,0.3642611683848797,0.0,0.0,0.0424615384615384,,2006-12-30,,bmo,,2025-04-24,2006-12-31,,,
2006-09-30,KDP,USD,1418135,2006-09-30,2006-09-29 20:00:00,2006,Q3,1437000000.0,0.0,1437000000.0,1.0,0,0.0,0.0,0.0,0.0,0.0,0.0,0.0,0.0,0.0,1437000000.0,1.0,1437000000.0,1.0,-1437000000.0,0.0,0.0,-124000000.0,124000000.0,0.0862908838,0.48,0.48,258333333,258333333,,,5.562580652338814,0.4800000006193548,,,,,,,,1126333331.88,,2.270833330403226,0.7838088600417538,0.0,0.0,0.0,0.0,,,0.0,0.0,0.1100917432613199,,0.0,0.0,,0.0,0.0,0.0,,,0.0,0.0,0.0,0.0,,0.0,,,0.0,0.0,,,,,,,,,,0.0,0.0,0.0,0.0,0.0,0.0,,2006-09-29,,bmo,,2025-04-24,2006-09-30,,,
2006-06-30,KDP,USD,1418135,2006-06-30,2006-06-29 20:00:00,2006,Q2,1437000000.0,0.0,1437000000.0,1.0,0,0.0,0.0,0.0,0.0,0.0,0.0,0.0,0.0,0.0,1437000000.0,1.0,1437000000.0,1.0,-1437000000.0,0.0,0.0,-124000000.0,124000000.0,0.0862908838,0.48,0.48,258333333,258333333,,,5.562580652338814,0.4800000006193548,,,,,,,,1126333331.88,,2.270833330403226,0.7838088600417538,0.0,0.0,0.0,0.0,,,0.0,0.0,0.1100917432613199,,0.0,0.0,,0.0,0.0,0.0,,,0.0,0.0,0.0,0.0,,0.0,,,0.0,0.0,,,,,,,,,,0.0,0.0,0.0,0.0,0.0,0.0,,2006-06-29,,bmo,,2025-04-24,2006-06-30,,,
2006-03-31,KDP,USD,1418135,2006-03-31,2006-03-30 19:00:00,2006,Q1,1437000000.0,0.0,1437000000.0,1.0,0,0.0,0.0,0.0,0.0,0.0,0.0,0.0,0.0,0.0,1437000000.0,1.0,1437000000.0,1.0,-1437000000.0,0.0,0.0,-124000000.0,124000000.0,0.0862908838,0.48,0.48,258333333,258333333,,,5.562580652338814,0.4800000006193548,,,,,,,,1126333331.88,,2.270833330403226,0.7838088600417538,0.0,0.0,0.0,0.0,,,0.0,0.0,0.1100917432613199,,0.0,0.0,,0.0,0.0,0.0,,,0.0,0.0,0.0,0.0,,0.0,,,0.0,0.0,,,,,,,,,,0.0,0.0,0.0,0.0,0.0,0.0,,2006-03-30,,bmo,,2025-04-24,2006-03-31,,,
