date,symbol,reportedCurrency,cik,fillingDate,acceptedDate,calendarYear,period,revenue,costOfRevenue,grossProfit,grossProfitRatio,researchAndDevelopmentExpenses,generalAndAdministrativeExpenses,sellingAndMarketingExpenses,sellingGeneralAndAdministrativeExpenses,otherExpenses,operatingExpenses,costAndExpenses,interestIncome,interestExpense,depreciationAndAmortization,ebitda,ebitdaratio,operatingIncome,operatingIncomeRatio,totalOtherIncomeExpensesNet,incomeBeforeTax,incomeBeforeTaxRatio,incomeTaxExpense,netIncome,netIncomeRatio,eps,epsdiluted,weightedAverageShsOut,weightedAverageShsOutDil,link,finalLink,revenuePerShare,netIncomePerShare,operatingCashFlowPerShare,freeCashFlowPerShare,cashPerShare,bookValuePerShare,tangibleBookValuePerShare,shareholdersEquityPerShare,interestDebtPerShare,marketCap,enterpriseValue,peRatio,priceToSalesRatio,pocfratio,pfcfRatio,pbRatio,ptbRatio,evToSales,enterpriseValueOverEBITDA,evToOperatingCashFlow,evToFreeCashFlow,earningsYield,freeCashFlowYield,debtToEquity,debtToAssets,netDebtToEBITDA,currentRatio,interestCoverage,incomeQuality,dividendYield,payoutRatio,salesGeneralAndAdministrativeToRevenue,researchAndDdevelopementToRevenue,intangiblesToTotalAssets,capexToOperatingCashFlow,capexToRevenue,capexToDepreciation,stockBasedCompensationToRevenue,grahamNumber,roic,returnOnTangibleAssets,grahamNetNet,workingCapital,tangibleAssetValue,netCurrentAssetValue,investedCapital,averageReceivables,averagePayables,averageInventory,daysSalesOutstanding,daysPayablesOutstanding,daysOfInventoryOnHand,receivablesTurnover,payablesTurnover,inventoryTurnover,roe,capexPerShare,report_date,epsEstimated,time,revenueEstimated,updatedFromDate,fiscalDateEnding,surprise(%),QuarterAvgPrice,QuarterAvgVolume
2025-01-31,KEYS,USD,1601046,2025-03-06,2025-03-06 16:05:47,2025,Q1,1298000000.0,478000000.0,820000000.0,0.6317411402,249000000,0.0,0.0,361000000.0,-8000000.0,602000000.0,1080000000.0,19000000.0,20000000.0,66000000.0,285000000.0,0.219568567,218000000.0,0.1679506934,-19000000.0,199000000.0,0.1533127889,30000000.0,169000000.0,0.1302003082,0.97,0.97,173000000,174000000,https://www.sec.gov/Archives/edgar/data/1601046/000160104625000009/0001601046-25-000009-index.htm,https://www.sec.gov/Archives/edgar/data/1601046/000160104625000009/keys-20250131.htm,7.502890173410405,0.976878612716763,2.184971098265896,2.0,11.907514450867051,29.982658959537577,13.16184971098266,29.982658959537577,11.791907514450868,30854550000.0,30814550000.0,45.64282544378698,23.770839753466877,81.62579365079365,89.175,5.948438403701561,5.948438403701561,23.74002311248074,108.12122807017543,81.51997354497354,89.05939306358381,0.0054773120982156,0.0112139052425007,0.3894351262772315,0.2151912219026313,-0.1403508771929824,2.9529489728296885,10.9,2.2366863905325443,0.0,0.0,0.0,0.1918335901386748,0.3100031959092362,0.0846560846560846,0.024653312788906,0.4848484848484848,0.0477657935285053,25.671227308485665,0.023372765861881,0.0260923266944573,-5.28757225433526,2947000000.0,2277000000.0,256000000.0,6845000000.0,899000000.0,301000000.0,1030500000.0,65.24653312788907,54.41422594142259,195.62761506276152,1.3793836344314558,1.6539792387543253,0.4600577478344562,0.0325814536340852,0.1849710982658959,2025-02-25,1.69,amc,1276004487.0,2025-04-25,2025-01-31,0.076923076923077,165.12258333333332,1017078.6
2024-10-31,KEYS,USD,1601046,2024-12-17,2024-12-17 16:05:47,2024,Q4,1287000000.0,485000000.0,802000000.0,0.6231546232,233000000,0.0,0.0,340000000.0,-1000000.0,572000000.0,1057000000.0,21000000.0,23000000.0,68000000.0,301000000.0,0.2338772339,230000000.0,0.1787101787,18000000.0,248000000.0,0.1926961927,321000000.0,-73000000.0,-0.0567210567,-0.42,-0.42,173000000,175000000,https://www.sec.gov/Archives/edgar/data/1601046/000160104624000159/0001601046-24-000159-index.htm,https://www.sec.gov/Archives/edgar/data/1601046/000160104624000159/keys-20241031.htm,7.4393063583815024,-0.4219653179190751,2.07514450867052,1.8554913294797688,10.38150289017341,29.508670520231213,12.196531791907514,29.508670520231213,11.867052023121389,25778730000.0,26012730000.0,-88.28332191780821,20.03009324009324,71.80704735376044,80.30757009345794,5.049702252693438,5.049702252693438,20.21191142191142,86.42102990033223,72.45885793871867,81.03654205607477,-0.0028317919463061,0.0124521262296474,0.3976493633692458,0.2190096018988024,0.7774086378737541,2.9831814996496147,10.0,-4.917808219178082,0.0,0.0,0.0,0.181041181041181,0.3231200776782824,0.1058495821727019,0.0295260295260295,0.5588235294117647,0.0202020202020202,,-0.0085861271912778,-0.01163532036978,-7.01878612716763,2830000000.0,2110000000.0,93000000.0,6833000000.0,829500000.0,296500000.0,1024000000.0,59.93006993006993,58.08247422680412,189.64948453608247,1.5017502917152858,1.549520766773163,0.474559686888454,-0.0142997061704211,0.2196531791907514,2024-11-19,1.57,amc,1258483942.0,2024-11-20,2024-10-31,0.0509554140127387,161.1771875,1180411.390625
2024-07-31,KEYS,USD,1601046,2024-08-29,2024-08-29 16:22:19,2024,Q3,1217000000.0,462000000.0,755000000.0,0.6203779786,226000000,0.0,0.0,329000000.0,-5000000.0,550000000.0,1012000000.0,19000000.0,21000000.0,64000000.0,272000000.0,0.2235004108,205000000.0,0.1684470008,8000000.0,213000000.0,0.1750205423,-176000000.0,389000000.0,0.3196384552,2.24,2.22,174000000,175000000,https://www.sec.gov/Archives/edgar/data/1601046/000160104624000061/0001601046-24-000061-index.htm,https://www.sec.gov/Archives/edgar/data/1601046/000160104624000061/keys-20240731.htm,6.994252873563219,2.235632183908046,1.4655172413793105,1.2758620689655171,9.379310344827584,30.057471264367816,12.655172413793103,30.057471264367816,11.82183908045977,24285180000.0,24689180000.0,15.607442159383032,19.95495480690222,95.236,109.3927027027027,4.643437858508604,4.643437858508604,20.286918652423992,90.76904411764706,96.8203137254902,111.21252252252252,0.0160179994548115,0.009141377580895,0.3892925430210325,0.2183846401372948,1.4852941176470589,2.050282195997948,9.761904761904765,0.6555269922879178,0.0,0.0,0.0,0.1857025472473294,0.3247881583181379,0.1294117647058823,0.0271158586688578,0.515625,0.0238290879211175,38.88370645686981,0.0464503314344295,0.0617950754567116,-7.738505747126437,2047000000.0,2202000000.0,-97000000.0,6085000000.0,805500000.0,274000000.0,1129000000.0,59.30977814297453,54.54545454545455,199.8701298701299,1.5174563591022443,1.65,0.4502923976608187,0.074378585086042,0.1896551724137931,2024-08-20,1.35,amc,1194112704.0,2025-04-25,2024-07-31,0.1629629629629629,142.33703125,1182183.109375
2024-04-30,KEYS,USD,1601046,2024-05-31,2024-05-31 16:05:48,2024,Q2,1216000000.0,458000000.0,758000000.0,0.6233552632,228000000,0.0,0.0,299000000.0,-37000000.0,527000000.0,985000000.0,18000000.0,20000000.0,69000000.0,264000000.0,0.2171052632,231000000.0,0.1899671053,-2000000.0,175000000.0,0.1439144737,49000000.0,126000000.0,0.1036184211,0.72,0.72,174000000,175000000,https://www.sec.gov/Archives/edgar/data/1601046/000160104624000043/0001601046-24-000043-index.htm,https://www.sec.gov/Archives/edgar/data/1601046/000160104624000043/keys-20240430.htm,6.988505747126437,0.7241379310344828,0.632183908045977,0.425287356321839,9.522988505747126,28.17816091954023,11.563218390804598,28.17816091954023,11.833333333333334,25741560000.0,26123560000.0,51.07452380952381,21.16904605263158,234.0141818181818,347.8589189189189,5.250165204976545,5.250165204976545,21.483190789473685,98.9528787878788,237.48690909090908,353.0210810810811,0.00489480824006,0.0028747286489241,0.415867836018764,0.2268580329327993,1.446969696969697,1.970912738214644,11.55,0.873015873015873,0.0,0.0,0.0,0.1875,0.3216510903426791,0.3272727272727272,0.0296052631578947,0.5217391304347826,0.0279605263157894,21.4268450977794,0.02165625,0.0206659012629161,-6.926724137931035,1936000000.0,2012000000.0,-155000000.0,5835000000.0,808500000.0,274500000.0,1234000000.0,59.8766447368421,52.66375545851528,242.09606986899564,1.5030902348578492,1.708955223880597,0.3717532467532468,0.0256985519069957,0.2068965517241379,2024-05-20,1.39,amc,1202961629.0,2025-04-25,2024-04-30,0.0143884892086331,146.13571428571427,1210386.825396825
2024-01-31,KEYS,USD,1601046,2024-03-05,2024-03-05 16:06:27,2024,Q1,1259000000.0,446000000.0,813000000.0,0.6457505957,232000000,0.0,0.0,362000000.0,5000000.0,594000000.0,1040000000.0,23000000.0,20000000.0,68000000.0,292000000.0,0.2319301033,219000000.0,0.1739475774,8000000.0,229000000.0,0.1818903892,57000000.0,172000000.0,0.1366163622,0.98,0.98,175000000,176000000,https://www.sec.gov/Archives/edgar/data/1601046/000160104624000005/0001601046-24-000005-index.htm,https://www.sec.gov/Archives/edgar/data/1601046/000160104624000005/keys-20240131.htm,7.194285714285714,0.9828571428571428,1.8742857142857143,1.6057142857142856,9.98857142857143,27.525714285714287,11.125714285714286,27.525714285714287,11.874285714285714,26820500000.0,27130500000.0,38.98328488372093,21.30301826846704,81.76981707317073,95.44661921708185,5.567884575461905,5.567884575461905,21.54924543288324,92.91267123287672,82.71493902439025,96.54982206405694,0.0064130049775358,0.0104770604574858,0.4272368694208013,0.2271523178807947,1.0616438356164384,1.9262759924385635,10.95,1.9069767441860463,0.0,0.0,0.0,0.1842732327243844,0.3167770419426048,0.1432926829268292,0.0373312152501985,0.6911764705882353,0.0381254964257347,24.67207956788567,0.0215328031115895,0.0277867528271405,-7.2628571428571425,1960000000.0,1947000000.0,-167000000.0,5837000000.0,854000000.0,283500000.0,1110500000.0,57.76012708498809,56.704035874439455,249.4170403587444,1.558168316831683,1.587188612099644,0.36084142394822,0.0357068714967822,0.2685714285714285,2024-02-20,1.59,amc,1247988602.0,2025-04-25,2024-01-31,0.0251572327044023,153.77524590163935,1238393.1475409835
2023-10-31,KEYS,USD,1601046,2023-12-15,2023-12-15 16:06:39,2023,Q4,1311000000.0,467000000.0,844000000.0,0.6437833715,218000000,15000000.0,-304000000.0,313000000.0,-53000000.0,527000000.0,994000000.0,32000000.0,20000000.0,49000000.0,345000000.0,0.2631578947,317000000.0,0.2418001526,-41000000.0,276000000.0,0.2105263158,50000000.0,226000000.0,0.1723874905,1.28,1.28,176000000,177000000,https://www.sec.gov/Archives/edgar/data/1601046/000160104623000134/0001601046-23-000134-index.htm,https://www.sec.gov/Archives/edgar/data/1601046/000160104623000134/keys-20231031.htm,7.448863636363637,1.2840909090909092,2.147727272727273,1.931818181818182,14.045454545454543,26.443181818181817,16.244318181818183,26.443181818181817,11.625,21480800000.0,21034800000.0,23.761946902654863,16.38504958047292,56.82751322751322,63.178823529411765,4.615556510528577,4.615556510528577,16.044851258581236,60.9704347826087,55.647619047619045,61.86705882352941,0.0105210234255707,0.0158280883393542,0.4353244520842286,0.2333294944143729,-1.2927536231884058,2.3469985358711565,15.85,1.672566371681416,0.0,0.0,0.011441647597254,0.1662852784134248,0.2067257860186571,0.1005291005291005,0.0289855072463768,0.76,0.01906941266209,27.640506707615167,0.0354946620768653,0.0328106852497096,-2.2130681818181817,2760000000.0,2859000000.0,780000000.0,5542000000.0,896500000.0,287500000.0,980000000.0,61.78489702517162,55.11777301927195,189.82869379014988,1.4566666666666668,1.632867132867133,0.4741116751269035,0.0485603781693167,0.2159090909090909,2023-11-20,1.87,amc,1302900000.0,2025-04-25,2023-10-31,0.0641711229946523,135.81619047619049,1439420.4761904762
2023-07-31,KEYS,USD,1601046,2023-08-30,2023-08-30 16:06:06,2023,Q3,1382000000.0,486000000.0,896000000.0,0.6483357453,215000000,15000000.0,304000000.0,319000000.0,14000000.0,531000000.0,1017000000.0,29000000.0,19000000.0,54000000.0,462000000.0,0.3342981187,365000000.0,0.2641099855,24000000.0,389000000.0,0.2814761216,101000000.0,288000000.0,0.2083936324,1.62,1.61,178000000,179000000,https://www.sec.gov/Archives/edgar/data/1601046/000160104623000073/0001601046-23-000073-index.htm,https://www.sec.gov/Archives/edgar/data/1601046/000160104623000073/keys-20230731.htm,7.764044943820225,1.6179775280898876,1.353932584269663,1.101123595505618,14.44943820224719,27.51123595505618,17.230337078651687,27.51123595505618,11.46629213483146,28672240000.000004,28122240000.000004,24.889097222222222,20.74691751085384,118.97195020746888,146.28693877551024,5.855062283030428,5.855062283030428,20.34894356005789,60.87064935064936,116.68979253112036,143.48081632653063,0.0100445587788048,0.0068358802800199,0.4129058607310598,0.2290958531611149,-1.1904761904761905,3.663677130044843,19.210526315789476,0.8368055555555556,0.0,0.0,0.0108538350217076,0.1555716353111432,0.2073419442556084,0.1867219917012448,0.032561505065123,0.8333333333333334,0.0188133140376266,31.647000407121325,0.0356882412134001,0.0411663807890223,-1.122191011235955,3564000000.0,3067000000.0,973000000.0,6370000000.0,878500000.0,295500000.0,961500000.0,58.154848046309695,53.51851851851852,180.55555555555551,1.547592385218365,1.6816608996539792,0.4984615384615384,0.0588115172554625,0.2528089887640449,2023-08-17,2.04,amc,1382890000.0,2025-04-25,2023-07-31,0.0735294117647058,148.1031746031746,1343674.238095238
2023-04-30,KEYS,USD,1601046,2023-05-31,2023-05-31 16:10:00,2023,Q2,1390000000.0,481000000.0,909000000.0,0.6539568345,222000000,0.0,0.0,337000000.0,-4000000.0,555000000.0,1040000000.0,22000000.0,20000000.0,55000000.0,414000000.0,0.2978417266,341000000.0,0.245323741,7000000.0,361000000.0,0.2597122302,78000000.0,283000000.0,0.2035971223,1.59,1.58,178000000,179000000,https://www.sec.gov/Archives/edgar/data/1601046/000160104623000054/0001601046-23-000054-index.htm,https://www.sec.gov/Archives/edgar/data/1601046/000160104623000054/keys-20230430.htm,7.808988764044944,1.5898876404494382,2.3764044943820224,2.0786516853932584,14.03370786516854,26.43258426966292,15.98876404494382,26.43258426966292,11.47752808988764,25728120000.0,25253120000.0,22.728021201413423,18.509438848920865,60.822978723404255,69.53545945945946,5.468250797024441,5.468250797024441,18.167712230215827,60.99787439613527,59.70004728132387,68.25167567567567,0.0109996377504458,0.0143811518292047,0.4299681190223167,0.2323151125401929,-1.147342995169082,3.350210970464135,17.05,1.4946996466431095,0.0,0.0,0.0,0.1597122302158273,0.2134818557648139,0.1252955082742316,0.0381294964028776,0.9636363636363636,0.0215827338129496,30.74994111048336,0.0362715508330921,0.0413199007154329,-2.151685393258427,3342000000.0,2846000000.0,761000000.0,6171000000.0,892000000.0,313500000.0,928500000.0,55.94244604316547,56.50727650727652,177.3804573804574,1.6087962962962965,1.5927152317880795,0.5073839662447257,0.0601487778958554,0.297752808988764,2023-05-16,1.94,amc,1383010000.0,2025-04-25,2023-04-30,0.0927835051546392,155.17306451612902,1173738.3064516129
2023-01-31,KEYS,USD,1601046,2023-03-03,2023-03-03 16:08:27,2023,Q1,1381000000.0,498000000.0,883000000.0,0.6393917451,227000000,0.0,0.0,338000000.0,-4000000.0,561000000.0,1059000000.0,19000000.0,19000000.0,52000000.0,402000000.0,0.2910934106,322000000.0,0.2331643736,9000000.0,331000000.0,0.2396813903,71000000.0,260000000.0,0.18826937,1.46,1.44,178000000,180000000,https://www.sec.gov/Archives/edgar/data/1601046/000160104623000015/0001601046-23-000015-index.htm,https://www.sec.gov/Archives/edgar/data/1601046/000160104623000015/keys-20230131.htm,7.758426966292135,1.4606741573033708,2.056179775280899,1.7191011235955056,12.51685393258427,24.741573033707866,14.758426966292134,24.741573033707866,11.460674157303371,31924300000.0,31717300000.0,30.696442307692305,23.11679942070963,87.22486338797815,104.32777777777778,7.248932788374205,7.248932788374205,22.966908037653877,78.89875621890548,86.65928961748634,103.65130718954248,0.0081442662799184,0.0095851749294424,0.4589009990917347,0.2392282196969697,-0.5149253731343284,3.070307167235495,16.94736842105263,1.4076923076923078,0.0,0.0,0.0,0.1643736422881969,0.2103456439393939,0.1639344262295081,0.0434467776973207,1.1320754716981132,0.0391020999275887,28.515539056466185,0.0357903655858449,0.0389746664667965,-3.77247191011236,3033000000.0,2627000000.0,454000000.0,5760000000.0,912500000.0,336500000.0,883500000.0,59.95655322230268,58.73493975903615,164.27710843373495,1.501086956521739,1.5323076923076924,0.5478547854785478,0.0590372388737511,0.3370786516853932,2023-02-21,1.85,amc,1370094100.0,2025-04-25,2023-01-31,0.0918918918918918,169.75967741935486,1168788.7096774194
2022-10-31,KEYS,USD,1601046,2022-12-15,2022-12-15 16:06:50,2022,Q4,1443000000.0,533000000.0,910000000.0,0.6306306306,215000000,0.0,0.0,321000000.0,-5000000.0,531000000.0,1064000000.0,10000000.0,20000000.0,54000000.0,442000000.0,0.3063063063,379000000.0,0.2626472626,-11000000.0,368000000.0,0.255024255,69000000.0,299000000.0,0.2072072072,1.67,1.66,179000000,180000000,https://www.sec.gov/Archives/edgar/data/1601046/000160104622000161/0001601046-22-000161-index.htm,https://www.sec.gov/Archives/edgar/data/1601046/000160104622000161/keys-20221031.htm,8.061452513966481,1.670391061452514,2.223463687150838,1.899441340782123,11.40782122905028,23.24581005586592,13.35195530726257,23.24581005586592,11.385474860335195,31172850000.0,31148850000.0,26.064255852842813,21.60280665280665,78.32374371859297,91.68485294117647,7.49167267483778,7.49167267483778,21.58617463617464,70.4725113122172,78.26344221105528,91.61426470588236,0.0095916799394344,0.0109069270214305,0.4849795722182167,0.2491973326747345,-0.0542986425339366,3.0092395167022032,18.95,1.331103678929766,0.0,0.0,0.0,0.1489951489951489,0.2186959743146456,0.1457286432160804,0.0401940401940401,1.0545454545454545,0.0159390159390159,29.55783906182388,0.0457559435364041,0.0472577840998893,-4.398044692737431,2827000000.0,2390000000.0,297000000.0,5508000000.0,893500000.0,338000000.0,847500000.0,56.44490644490645,58.76172607879925,144.8780487804878,1.594475138121547,1.5316091954022988,0.6212121212121212,0.0718577265080509,0.3240223463687151,2022-11-17,1.99,amc,1398130000.0,2025-04-25,2022-10-31,0.0753768844221106,170.48,917399.0793650794
2022-07-31,KEYS,USD,1601046,2022-08-30,2022-08-30 16:06:13,2022,Q3,1376000000.0,499000000.0,877000000.0,0.6373546512,206000000,0.0,0.0,317000000.0,-3000000.0,520000000.0,1019000000.0,4000000.0,20000000.0,57000000.0,423000000.0,0.3074127907,357000000.0,0.2594476744,-11000000.0,346000000.0,0.2514534884,8000000.0,338000000.0,0.2456395349,1.89,1.87,179000000,181000000,https://www.sec.gov/Archives/edgar/data/1601046/000160104622000066/0001601046-22-000066-index.htm,https://www.sec.gov/Archives/edgar/data/1601046/000160104622000066/keys-20220731.htm,7.687150837988827,1.888268156424581,1.2513966480446927,1.0726256983240223,10.318435754189943,21.89944134078212,11.720670391061452,21.89944134078212,11.41899441340782,29293350000.0,29470350000.0,21.666678994082844,21.28877180232558,130.77388392857142,152.56953125,7.47279336734694,7.47279336734694,21.41740552325581,69.66985815602837,131.5640625,153.49140625,0.011538454973569,0.0065543886240392,0.5163265306122449,0.2577687213448802,0.4184397163120567,3.0190548780487805,17.85,0.6627218934911243,0.0,0.0,0.0,0.1497093023255813,0.2320427916454406,0.1428571428571428,0.0232558139534883,0.5714285714285714,0.0181686046511627,30.502793296089383,0.0526806140090459,0.0560530679933665,-5.614525139664805,2649000000.0,2098000000.0,29000000.0,5364000000.0,842500000.0,320500000.0,823500000.0,57.68895348837209,59.15831663326654,150.9619238476954,1.560090702947846,1.521341463414634,0.5961768219832736,0.0862244897959183,0.1787709497206704,2022-08-17,1.78,amc,1345617799.0,2025-04-25,2022-07-31,0.1292134831460673,160.051875,845432.125
2022-04-30,KEYS,USD,1601046,2022-06-01,2022-06-01 16:07:36,2022,Q2,1351000000.0,492000000.0,859000000.0,0.6358253146,210000000,0.0,0.0,319000000.0,3000000.0,532000000.0,1024000000.0,1000000.0,19000000.0,55000000.0,381000000.0,0.2820133235,327000000.0,0.2420429312,-20000000.0,307000000.0,0.2272390822,49000000.0,258000000.0,0.1909696521,1.43,1.41,181000000,183000000,https://www.sec.gov/Archives/edgar/data/1601046/000160104622000052/0001601046-22-000052-index.htm,https://www.sec.gov/Archives/edgar/data/1601046/000160104622000052/keys-20220430.htm,7.464088397790055,1.425414364640884,1.6464088397790055,1.3535911602209945,10.41988950276243,20.87845303867403,10.751381215469614,20.87845303867403,11.19889502762431,25388870000.0,25510870000.0,24.601618217054263,18.792649888971138,85.19755033557047,103.62804081632652,6.718409632177826,6.718409632177826,18.882953367875647,66.95766404199475,85.60694630872483,104.126,0.0101619331620509,0.0096498977701646,0.531357501984652,0.2586295723853684,0.3202099737532808,2.8573529411764707,17.210526315789473,1.1550387596899223,0.0,0.0,0.0,0.155440414507772,0.2360896445131375,0.1778523489932885,0.0392301998519615,0.9636363636363636,0.0199851961509992,25.87682466297085,0.0423824518182567,0.0435002529084471,-6.031767955801105,2526000000.0,1946000000.0,-99000000.0,5231000000.0,755500000.0,303500000.0,807000000.0,53.49370836417468,57.2560975609756,148.17073170731706,1.6824408468244083,1.571884984025559,0.6074074074074074,0.0682720296374702,0.292817679558011,2022-05-17,1.67,amc,1302316178.0,2025-04-25,2022-04-30,0.095808383233533,142.25467741935486,1006059.9516129032
2022-01-31,KEYS,USD,1601046,2022-03-01,2022-03-01 16:18:58,2022,Q1,1250000000.0,446000000.0,804000000.0,0.6432,210000000,0.0,0.0,326000000.0,12000000.0,533000000.0,979000000.0,1000000.0,20000000.0,56000000.0,340000000.0,0.272,271000000.0,0.2168,-7000000.0,264000000.0,0.2112,35000000.0,229000000.0,0.1832,1.25,1.24,183000000,184000000,https://www.sec.gov/Archives/edgar/data/1601046/000160104622000011/0001601046-22-000011-index.htm,https://www.sec.gov/Archives/edgar/data/1601046/000160104622000011/keys-20220131.htm,6.830601092896175,1.2513661202185793,1.2240437158469946,0.994535519125683,10.80327868852459,20.81967213114754,10.584699453551911,20.81967213114754,11.114754098360656,30894060000.0,30931060000.0,33.727139737991266,24.715248,137.9199107142857,169.7475824175824,8.10867716535433,8.10867716535433,24.744848,90.97370588235296,138.08508928571428,169.9508791208791,0.0074124281496184,0.0058911001014434,0.5286089238845144,0.2606107660455486,0.1088235294117647,3.0294351630867142,13.55,0.9781659388646288,0.0,0.0,0.0,0.168,0.2423654244306418,0.1875,0.0336,0.7368421052631579,0.04,24.2114276247185,0.035883371958017,0.0391118701964133,-5.508196721311475,2551000000.0,1937000000.0,-110000000.0,5314000000.0,721500000.0,290500000.0,790500000.0,50.976000000000006,59.327354260089685,162.2421524663677,1.765536723163842,1.5170068027210883,0.554726368159204,0.0601049868766404,0.2295081967213114,2022-02-17,1.57,amc,1244446000.0,2025-04-25,2022-01-31,0.0509554140127387,166.57032258064518,1265647.4032258063
2021-10-31,KEYS,USD,1601046,2021-12-17,2021-12-17 16:50:12,2021,Q4,1294000000.0,457000000.0,837000000.0,0.6468315301,196000000,0.0,0.0,295000000.0,7000000.0,488000000.0,945000000.0,1000000.0,20000000.0,57000000.0,414000000.0,0.3199381762,349000000.0,0.2697063369,-12000000.0,337000000.0,0.2604327666,55000000.0,282000000.0,0.2179289026,1.54,1.52,183000000,186000000,https://www.sec.gov/Archives/edgar/data/1601046/000160104621000197/0001601046-21-000197-index.htm,https://www.sec.gov/Archives/edgar/data/1601046/000160104621000197/keys-20211031.htm,7.0710382513661205,1.540983606557377,2.010928961748634,1.6120218579234973,11.21311475409836,20.6775956284153,10.295081967213116,20.6775956284153,11.163934426229508,33128490000.0,33099490000.0,29.36922872340425,25.60161514683153,90.02307065217391,112.29996610169492,8.754886363636365,8.754886363636365,25.57920401854714,79.95045893719806,89.94426630434782,112.20166101694916,0.0085123107029629,0.0089047221892697,0.5346194503171248,0.2599922889088806,-0.0700483091787439,2.928953399541635,17.45,1.3049645390070923,0.0,0.0,0.0,0.151468315301391,0.2441845521141241,0.1983695652173913,0.0564142194744976,1.280701754385965,0.0154559505409582,26.77566633053668,0.0448397885807932,0.0479510287366094,-5.493169398907104,2525000000.0,1884000000.0,-163000000.0,5302000000.0,706000000.0,268000000.0,773500000.0,51.12055641421947,56.52078774617067,153.01969365426694,1.760544217687075,1.5923344947735192,0.5881595881595881,0.0745243128964059,0.3989071038251366,2021-11-22,1.64,amc,1241530000.0,2025-04-25,2021-10-31,0.1097560975609757,187.0603125,928642.484375
2021-07-31,KEYS,USD,1601046,2021-08-31,2021-08-31 16:06:12,2021,Q3,1246000000.0,458000000.0,788000000.0,0.632423756,207000000,0.0,0.0,302000000.0,5000000.0,504000000.0,962000000.0,1000000.0,20000000.0,63000000.0,354000000.0,0.2841091493,284000000.0,0.227929374,-14000000.0,270000000.0,0.2166934189,16000000.0,254000000.0,0.2038523274,1.38,1.36,184000000,186000000,https://www.sec.gov/Archives/edgar/data/1601046/000160104621000064/0001601046-21-000064-index.htm,https://www.sec.gov/Archives/edgar/data/1601046/000160104621000064/keys-20210731.htm,6.771739130434782,1.3804347826086956,1.3967391304347827,1.1793478260869563,11.701086956521738,20.380434782608692,10.092391304347826,20.380434782608692,11.130434782608695,30277200000.000004,30152200000.000004,29.800393700787406,24.299518459069024,117.81011673151752,139.52626728110602,8.073920000000001,8.073920000000001,24.199197431781705,85.17570621468927,117.32373540856032,138.95023041474656,0.0083891509122375,0.0071671092439195,0.5408,0.2598667350076883,-0.3531073446327684,3.19349457881568,14.2,1.0118110236220472,0.0,0.0,0.0,0.1661316211878009,0.2425679138903126,0.1556420233463035,0.0321027287319422,0.625,0.0152487961476725,25.15972722067005,0.0399536967803754,0.0429707325325664,-5.479619565217392,2630000000.0,1857000000.0,-225000000.0,5370000000.0,676500000.0,248500000.0,772000000.0,48.90048154093098,48.930131004366814,151.31004366812226,1.8404726735598227,1.8393574297188755,0.5948051948051948,0.0677333333333333,0.217391304347826,2021-08-18,1.44,amc,1267790000.0,2025-04-25,2021-07-31,0.0694444444444445,167.861875,836253.71875
2021-04-30,KEYS,USD,1601046,2021-05-28,2021-05-28 16:18:23,2021,Q2,1221000000.0,484000000.0,737000000.0,0.6036036036,209000000,0.0,0.0,297000000.0,-8000000.0,502000000.0,986000000.0,0.0,19000000.0,85000000.0,312000000.0,0.2555282555,235000000.0,0.1924651925,-27000000.0,208000000.0,0.1703521704,22000000.0,186000000.0,0.1523341523,1.01,0.99,185000000,187000000,https://www.sec.gov/Archives/edgar/data/1601046/000160104621000044/0001601046-21-000044-index.htm,https://www.sec.gov/Archives/edgar/data/1601046/000160104621000044/keys-20210430.htm,6.6,1.0054054054054054,2.172972972972973,1.9945945945945944,10.772972972972973,19.16216216216216,8.762162162162163,19.16216216216216,11.086486486486486,26704750000.0,26743750000.0,35.893481182795696,21.87121212121212,66.4297263681592,72.37059620596206,7.533074753173484,7.533074753173484,21.903153153153152,85.71714743589743,66.52674129353234,72.47628726287263,0.0069650530336363,0.013817766502214,0.5732016925246827,0.2643767889669529,0.125,2.8866459627329197,12.36842105263158,2.161290322580645,0.0,0.0,0.0,0.1711711711711711,0.2503252667187093,0.0820895522388059,0.027027027027027,0.388235294117647,0.0171990171990172,20.82016286882952,0.0324196591745187,0.032280458174245,-6.778378378378378,2430000000.0,1621000000.0,-423000000.0,5188000000.0,665000000.0,238000000.0,767000000.0,49.82800982800983,46.11570247933884,143.92561983471074,1.8062130177514792,1.9516129032258065,0.6253229974160207,0.0524682651622002,0.1783783783783784,2021-05-19,1.34,amc,1204310000.0,2025-04-25,2021-04-30,0.0746268656716416,145.09873015873015,912395.5555555556
2021-01-31,KEYS,USD,1601046,2021-03-03,2021-03-03 16:08:10,2021,Q1,1180000000.0,473000000.0,707000000.0,0.5991525424,199000000,0.0,0.0,301000000.0,2000000.0,495000000.0,968000000.0,1000000.0,20000000.0,87000000.0,301000000.0,0.2550847458,212000000.0,0.1796610169,-17000000.0,195000000.0,0.1652542373,23000000.0,172000000.0,0.1457627119,0.93,0.92,186000000,188000000,https://www.sec.gov/Archives/edgar/data/1601046/000160104621000006/0001601046-21-000006-index.htm,https://www.sec.gov/Archives/edgar/data/1601046/000160104621000006/keys-20210131.htm,6.344086021505376,0.9247311827956988,1.586021505376344,1.435483870967742,10.14516129032258,19.010752688172044,8.559139784946236,19.010752688172044,10.946236559139784,26562660000.0,26691660000.0,38.60851744186047,22.51072881355932,90.0429152542373,99.4856179775281,7.512064479638009,7.512064479638009,22.620050847457627,88.67661129568107,90.4802033898305,99.96876404494382,0.0064752551137574,0.0100517041591467,0.5701357466063348,0.2690152121697358,0.4285714285714285,3.172597864768683,10.6,1.7151162790697674,0.0,0.0,0.0,0.1686440677966101,0.2594075260208166,0.0949152542372881,0.023728813559322,0.3218390804597701,0.0364406779661016,19.88834598279408,0.0289734849387777,0.0309909909909909,-6.454301075268817,2442000000.0,1592000000.0,-392000000.0,5198000000.0,630000000.0,226000000.0,758500000.0,49.88135593220338,43.38266384778012,144.6088794926004,1.8042813455657487,2.074561403508772,0.6223684210526316,0.0486425339366515,0.1505376344086021,2021-02-18,1.38,amc,1128321167.0,2025-04-25,2021-01-31,0.036231884057971,141.80901639344262,1414783.0983606558
2020-10-31,KEYS,USD,1601046,2020-12-17,2020-12-17 16:10:05,2020,Q4,1220000000.0,464000000.0,756000000.0,0.6196721311,193000000,0.0,0.0,287000000.0,7000000.0,478000000.0,942000000.0,0.0,19000000.0,87000000.0,378000000.0,0.3098360656,278000000.0,0.2278688525,-12000000.0,266000000.0,0.2180327869,49000000.0,217000000.0,0.1778688525,1.16,1.15,187000000,189000000,https://www.sec.gov/Archives/edgar/data/1601046/000160104620000154/0001601046-20-000154-index.htm,https://www.sec.gov/Archives/edgar/data/1601046/000160104620000154/keys-10312020x10k.htm,6.524064171122995,1.160427807486631,1.807486631016043,1.6470588235294117,9.390374331550802,17.63101604278075,7.481283422459893,17.63101604278075,10.6951871657754,19610690000.0,19835690000.0,22.592960829493087,16.07433606557377,58.01979289940829,63.67107142857143,5.948040643008795,5.948040643008795,16.25876229508197,52.47537037037037,58.68547337278107,64.40159090909091,0.0110653934155299,0.0157057196865587,0.6008492569002123,0.2744527569963979,0.5952380952380952,3.1211840888066607,14.63157894736842,1.5576036866359446,0.0012238223132383,0.1105990783410138,0.0,0.1581967213114754,0.2629537267941258,0.0887573964497041,0.0245901639344262,0.3448275862068966,0.0163934426229508,21.455517449631177,0.036697325838869,0.0407894736842105,-7.122994652406417,2293000000.0,1399000000.0,-547000000.0,4968000000.0,587500000.0,208500000.0,767500000.0,44.704918032786885,43.44827586206896,146.83189655172413,2.013201320132014,2.071428571428572,0.6129458388375165,0.0658174097664543,0.160427807486631,2020-11-18,1.46,amc,1086301369.0,2025-04-25,2020-10-31,0.1095890410958905,115.14484375,1212725.796875
2020-07-31,KEYS,USD,1601046,2020-09-01,2020-09-01 16:10:00,2020,Q3,1011000000.0,405000000.0,606000000.0,0.5994065282,169000000,0.0,0.0,259000000.0,22000000.0,424000000.0,829000000.0,1000000.0,20000000.0,80000000.0,285000000.0,0.2818991098,182000000.0,0.1800197824,3000000.0,185000000.0,0.1829871414,9000000.0,176000000.0,0.1740850643,0.94,0.93,187000000,190000000,https://www.sec.gov/Archives/edgar/data/1601046/000160104620000056/0001601046-20-000056-index.htm,https://www.sec.gov/Archives/edgar/data/1601046/000160104620000056/keys-07312020x10q.htm,5.406417112299465,0.9411764705882352,0.9786096256684492,0.8074866310160428,9.074866310160427,17.93582887700535,7.620320855614973,17.93582887700535,10.732620320855617,18679430000.0,18969430000.0,26.53328125,18.47619188921859,102.07338797814208,123.70483443708608,5.569299344066786,5.569299344066786,18.76303659742829,66.55940350877194,103.658087431694,125.6253642384106,0.0094221290478349,0.0080837584444493,0.5924269528920691,0.277359017308766,1.0175438596491229,3.3377416073245167,9.1,1.0397727272727273,0.0,0.0,0.0,0.1671612265084075,0.2692629815745394,0.174863387978142,0.0316518298714144,0.4,0.0178041543026706,19.488908453002825,0.02762820264017,0.0336198662846227,-6.93716577540107,2298000000.0,1425000000.0,-529000000.0,4998000000.0,527000000.0,187500000.0,767000000.0,50.65281899109792,42.888888888888886,172.88888888888889,1.7768014059753954,2.098445595854922,0.5205655526992288,0.0524746571258199,0.1711229946524064,2020-08-20,0.83,amc,705151260.0,2025-04-25,2020-07-31,0.4337349397590361,98.22296875,1585374.765625
2020-04-30,KEYS,USD,1601046,2020-06-02,2020-06-02 16:22:29,2020,Q2,895000000.0,379000000.0,516000000.0,0.5765363128,166000000,0.0,0.0,251000000.0,22000000.0,414000000.0,793000000.0,4000000.0,20000000.0,79000000.0,207000000.0,0.2312849162,102000000.0,0.1139664804,6000000.0,108000000.0,0.1206703911,37000000.0,71000000.0,0.0793296089,0.38,0.37,187000000,189000000,https://www.sec.gov/Archives/edgar/data/1601046/000160104620000045/0001601046-20-000045-index.htm,https://www.sec.gov/Archives/edgar/data/1601046/000160104620000045/keys-04302020x10q.htm,4.786096256684492,0.3796791443850267,1.5935828877005347,1.4705882352941178,9.844919786096256,16.497326203208555,7.946524064171123,16.497326203208555,10.53475935828877,18095990000.0,18204990000.0,63.71827464788732,20.218983240223466,60.72479865771812,65.8036,5.865799027552675,5.865799027552675,20.34077094972067,87.9468115942029,61.09057046979866,66.19996363636363,0.0039235211778963,0.0151967369566406,0.6320907617504052,0.2885896107740121,0.5265700483091788,3.469968387776607,5.1,4.197183098591549,0.0,0.0,0.0,0.1854748603351955,0.2366434808346899,0.0771812080536912,0.0256983240223463,0.2911392405063291,0.0167597765363128,11.87152225677842,0.0113962534934662,0.0137650252035672,-5.824866310160428,2344000000.0,1486000000.0,-379000000.0,4671000000.0,577500000.0,203000000.0,746500000.0,48.7709497206704,43.21899736147758,179.52506596306068,1.845360824742268,2.0824175824175826,0.5013227513227513,0.0230145867098865,0.1229946524064171,2020-05-26,1.0,amc,1331025641.0,2025-04-25,2020-04-30,-0.2199999999999999,98.16349206349209,1885661.015873016
2020-01-31,KEYS,USD,1601046,2020-03-05,2020-03-05 16:11:45,2020,Q1,1095000000.0,440000000.0,655000000.0,0.598173516,187000000,0.0,0.0,300000000.0,12000000.0,452000000.0,892000000.0,6000000.0,19000000.0,80000000.0,301000000.0,0.2748858447,203000000.0,0.1853881279,-1000000.0,202000000.0,0.1844748858,39000000.0,163000000.0,0.1488584475,0.87,0.86,188000000,191000000,https://www.sec.gov/Archives/edgar/data/1601046/000160104620000005/0001601046-20-000005-index.htm,https://www.sec.gov/Archives/edgar/data/1601046/000160104620000005/keys-01312020x10q.htm,5.824468085106383,0.8670212765957447,1.047872340425532,0.8776595744680851,8.99468085106383,16.632978723404257,7.8563829787234045,16.632978723404257,10.48404255319149,17482120000.0,17743120000.0,26.81306748466257,15.965406392694064,88.74172588832486,105.95224242424244,5.590700351774864,5.590700351774864,16.203762557077624,58.94724252491695,90.06659898477157,107.5340606060606,0.0093238119861893,0.0094382145872468,0.6242404860889031,0.2853384008185938,0.867109634551495,3.386965376782077,10.68421052631579,1.2085889570552146,0.0,0.0,0.0,0.1707762557077625,0.2411928080689957,0.1624365482233502,0.0292237442922374,0.4,0.0356164383561643,18.013211680402968,0.0276187709818022,0.0314005008668849,-6.127659574468085,2344000000.0,1477000000.0,-388000000.0,4727000000.0,669000000.0,238500000.0,721000000.0,55.06849315068494,45.81818181818182,150.75,1.6343283582089552,1.9642857142857144,0.5970149253731343,0.0521266389510713,0.1702127659574468,2020-02-24,1.08,amc,938571428.0,2025-04-25,2020-01-31,0.1666666666666666,94.96903225806452,2139040.8225806453
2019-10-31,KEYS,USD,1601046,2019-12-18,2019-12-18 16:10:53,2019,Q4,1120000000.0,455000000.0,665000000.0,0.59375,176000000,0.0,0.0,286000000.0,9000000.0,457000000.0,912000000.0,6000000.0,20000000.0,79000000.0,300000000.0,0.2678571429,208000000.0,0.1857142857,-5000000.0,203000000.0,0.18125,8000000.0,195000000.0,0.1741071429,1.04,1.02,187000000,191000000,https://www.sec.gov/Archives/edgar/data/1601046/000160104619000110/0001601046-19-000110-index.htm,https://www.sec.gov/Archives/edgar/data/1601046/000160104619000110/keys-10312019x10k.htm,5.989304812834225,1.0427807486631016,1.4064171122994653,1.2459893048128343,8.545454545454545,16.06417112299465,6.978609625668449,16.06417112299465,9.668449197860962,18870170000.0,19060170000.0,24.192525641025643,16.848366071428572,71.74969581749049,80.98785407725322,6.2816810918774975,6.2816810918774975,17.01800892857143,63.5339,72.47212927756654,81.80330472103005,0.0103337701780111,0.0123475305203927,0.5952063914780293,0.269968292314661,0.6333333333333333,3.205383848454636,10.4,1.3487179487179488,0.001960766649161,0.1897435897435897,0.0,0.1571428571428571,0.2565302732900498,0.1140684410646387,0.0267857142857142,0.379746835443038,0.0142857142857142,19.41408480411817,0.035552127342531,0.0396019496344435,-6.24331550802139,2212000000.0,1305000000.0,-404000000.0,4487000000.0,643000000.0,250000000.0,700500000.0,53.67857142857143,50.04395604395604,139.45054945054943,1.6766467065868262,1.798418972332016,0.6453900709219859,0.0649134487350199,0.160427807486631,2019-11-26,1.18,amc,993684210.0,2025-04-25,2019-10-31,0.1271186440677967,102.353125,1410923.203125
2019-07-31,KEYS,USD,1601046,2019-08-30,2019-08-30 16:13:11,2019,Q3,1087000000.0,444000000.0,643000000.0,0.5915363385,168000000,0.0,0.0,281000000.0,15000000.0,446000000.0,890000000.0,7000000.0,20000000.0,78000000.0,288000000.0,0.264949402,197000000.0,0.1812327507,2000000.0,199000000.0,0.1830726771,40000000.0,159000000.0,0.146274149,0.85,0.83,188000000,191000000,https://www.sec.gov/Archives/edgar/data/1601046/000160104619000038/0001601046-19-000038-index.htm,https://www.sec.gov/Archives/edgar/data/1601046/000160104619000038/keys-07312019x10q.htm,5.781914893617022,0.8457446808510638,1.4574468085106382,1.297872340425532,7.414893617021277,15.627659574468083,6.292553191489362,15.627659574468083,9.638297872340424,16829760000.0,17227760000.0,26.46188679245283,15.482759889604417,61.42248175182482,68.9744262295082,5.728304969366916,5.728304969366916,15.848905243790249,59.81861111111111,62.87503649635037,70.6055737704918,0.0094475500541897,0.0144981271271842,0.6099387338325392,0.2822936357908002,1.3819444444444444,2.0495810055865924,9.85,1.7232704402515724,0.0,0.0,0.0,0.1545538178472861,0.2764650283553875,0.1094890510948905,0.0275988960441582,0.3846153846153846,0.014719411223551,17.244788316569604,0.0290624095366047,0.0346178967994774,-6.406914893617022,1503000000.0,1183000000.0,-475000000.0,3826000000.0,639000000.0,241500000.0,678000000.0,51.16835326586936,50.06756756756757,141.0810810810811,1.7588996763754046,1.7975708502024292,0.6379310344827587,0.0541184479237576,0.1595744680851064,2019-08-21,1.02,amc,886992000.0,2025-04-25,2019-07-31,0.2254901960784313,92.64171875,1609584.34375
2019-04-30,KEYS,USD,1601046,2019-05-30,2019-05-30 16:33:51,2019,Q2,1090000000.0,442000000.0,648000000.0,0.5944954128,171000000,0.0,0.0,300000000.0,22000000.0,463000000.0,905000000.0,6000000.0,20000000.0,75000000.0,288000000.0,0.2642201835,185000000.0,0.1697247706,8000000.0,193000000.0,0.1770642202,40000000.0,153000000.0,0.1403669725,0.81,0.8,188000000,191000000,https://www.sec.gov/Archives/edgar/data/1601046/000160104619000025/0001601046-19-000025-index.htm,https://www.sec.gov/Archives/edgar/data/1601046/000160104619000025/keys-04302019x10q.htm,5.797872340425532,0.8138297872340425,1.175531914893617,1.0212765957446808,6.792553191489362,14.882978723404255,5.75,14.882978723404255,9.638297872340424,16361640000.0,16876640000.0,26.73470588235294,15.010678899082569,74.0345701357466,85.216875,5.8476197283774125,5.8476197283774125,15.483155963302751,58.59944444444445,76.36488687782806,87.89916666666667,0.0093511408391823,0.0117347649746602,0.640457469621158,0.2894991922455573,1.7881944444444444,1.9016835016835016,9.25,1.4444444444444444,0.0,0.0,0.0,0.1568807339449541,0.2773828756058158,0.1312217194570135,0.0266055045871559,0.3866666666666666,0.0211009174311926,16.508323860320573,0.0281763748488151,0.0342052313883299,-6.861702127659575,1339000000.0,1081000000.0,-568000000.0,3619000000.0,620000000.0,229000000.0,650500000.0,54.49541284403669,48.05429864253394,134.3891402714932,1.6515151515151516,1.8728813559322035,0.6696969696969697,0.0546819156540386,0.1542553191489361,2019-05-29,0.98,amc,884508196.0,2025-04-25,2019-04-30,0.2448979591836734,84.89126984126983,1897195.349206349
2019-01-31,KEYS,USD,1601046,2019-03-05,2019-03-05 16:49:57,2019,Q1,1006000000.0,428000000.0,578000000.0,0.5745526839,173000000,0.0,0.0,288000000.0,15000000.0,457000000.0,885000000.0,4000000.0,20000000.0,76000000.0,216000000.0,0.2147117296,121000000.0,0.12027833,-1000000.0,120000000.0,0.1192842942,6000000.0,114000000.0,0.1133200795,0.61,0.6,187000000,190000000,https://www.sec.gov/Archives/edgar/data/1601046/000160104619000010/0001601046-19-000010-index.htm,https://www.sec.gov/Archives/edgar/data/1601046/000160104619000010/keys-01312019x10q.htm,5.379679144385027,0.6096256684491979,1.2834224598930482,1.1176470588235294,5.871657754010696,14.213903743315509,4.721925133689839,14.213903743315509,9.679144385026738,13841740000.0,14533740000.0,30.35469298245614,13.759184890656064,57.67391666666666,66.22842105263157,5.207577125658389,5.207577125658389,14.447057654075548,67.28583333333333,60.55725,69.53942583732058,0.0082359587739691,0.0150992577522768,0.673438675696012,0.2994312479089996,3.203703703703704,1.8171428571428567,6.05,2.1052631578947367,0.0,0.0,0.0,0.1719681908548707,0.2969220475075276,0.1291666666666666,0.0308151093439363,0.4078947368421052,0.0268389662027833,13.963026636184708,0.0226413236163088,0.0271234832262669,-7.842245989304812,1144000000.0,883000000.0,-776000000.0,3477000000.0,602000000.0,232000000.0,630000000.0,51.88866799204772,46.6822429906542,134.78971962616822,1.7344827586206897,1.927927927927928,0.6677067082683308,0.0428893905191873,0.1657754010695187,2019-02-21,0.79,amc,865376344.0,2025-04-25,2019-01-31,0.1772151898734177,77.62114754098361,1829065.0819672127
2018-10-31,KEYS,USD,1601046,2018-12-18,2018-12-18 16:22:23,2018,Q4,1047000000.0,460000000.0,587000000.0,0.5606494747,154000000,0.0,0.0,308000000.0,1000000.0,447000000.0,907000000.0,4000000.0,20000000.0,77000000.0,-488000000.0,-0.4660936008,-569000000.0,-0.5434574976,-15000000.0,-584000000.0,-0.5577841452,-470000000.0,-114000000.0,-0.1088825215,-0.61,-0.6,187000000,191000000,https://www.sec.gov/Archives/edgar/data/1601046/000160104618000030/0001601046-18-000030-index.htm,https://www.sec.gov/Archives/edgar/data/1601046/000160104618000030/keys-10312018x10k.htm,5.598930481283422,-0.6096256684491979,1.2566844919786095,1.074866310160428,4.882352941176471,13.010695187165776,3.299465240641711,13.010695187165776,9.679144385026738,10673960000.0,11550960000.0,-23.40780701754386,10.194804202483285,45.42110638297873,53.10427860696517,4.387159884915742,4.387159884915742,11.03243553008596,-23.67,49.153021276595744,57.46746268656717,-0.0106801974150174,0.018830874389636,0.7357172215371969,0.3073489010989011,-1.7971311475409837,1.6265389876880985,-28.45,-2.06140350877193,0.0,0.0,0.0,0.1470869149952244,0.3118131868131868,0.1446808510638297,0.0324737344794651,0.4415584415584415,0.0105062082139446,,-0.0228496025114624,-0.028443113772455,-9.093582887700537,916000000.0,617000000.0,-1013000000.0,3287000000.0,610500000.0,236500000.0,614000000.0,53.63896848137536,47.34782608695652,121.10869565217392,1.6778846153846154,1.900826446280992,0.7431340872374798,-0.0468557336621455,0.1818181818181818,2018-11-20,0.91,amc,943336633.0,2025-04-25,2018-10-31,0.1098901098901098,60.17460317460318,2374795.222222222
2018-07-31,KEYS,USD,1601046,2018-08-31,2018-08-31 16:12:09,2018,Q3,1004000000.0,439000000.0,565000000.0,0.562749004,151000000,0.0,0.0,289000000.0,2000000.0,437000000.0,876000000.0,3000000.0,20000000.0,76000000.0,209000000.0,0.2081673307,128000000.0,0.1274900398,-4000000.0,113000000.0,0.1125498008,-8000000.0,121000000.0,0.1205179283,0.64,0.63,188000000,191000000,https://www.sec.gov/Archives/edgar/data/1601046/000160104618000024/0001601046-18-000024-index.htm,https://www.sec.gov/Archives/edgar/data/1601046/000160104618000024/keys-07312018x10q.htm,5.340425531914893,0.6436170212765957,0.202127659574468,-0.0106382978723404,3.9468085106382977,13.898936170212766,0.1223404255319148,13.898936170212766,9.627659574468083,10904000000.0,11952000000.0,22.528925619834716,10.860557768924302,286.94736842105266,-5452.0,4.172981247608114,4.172981247608114,11.904382470119522,57.1866028708134,314.5263157894737,-5976.0,0.011096845194424,-0.0001834189288334,0.6850363566781478,0.3061922682175846,5.014354066985646,2.4244444444444446,6.4,0.3140495867768595,0.0,0.0,0.0,0.150398406374502,0.4430379746835443,1.0526315789473684,0.0398406374501992,0.5263157894736842,0.0139442231075697,14.187170883501832,0.0277116754756681,0.0371621621621621,-9.248670212765957,1282000000.0,23000000.0,-1051000000.0,4421000000.0,588000000.0,235500000.0,603000000.0,53.51593625498008,47.35763097949886,124.85193621867882,1.6817420435510888,1.9004329004329004,0.7208538587848933,0.0463069269039418,0.2127659574468085,2018-08-21,0.8,amc,891191011.0,2025-04-25,2018-07-31,0.1124999999999999,62.05238095238096,986730.507936508
2018-04-30,KEYS,USD,1601046,2018-06-05,2018-06-05 16:12:07,2018,Q2,990000000.0,447000000.0,543000000.0,0.5484848485,156000000,0.0,0.0,299000000.0,2000000.0,443000000.0,890000000.0,2000000.0,21000000.0,79000000.0,183000000.0,0.1848484848,100000000.0,0.101010101,-3000000.0,83000000.0,0.0838383838,19000000.0,64000000.0,0.0646464646,0.34,0.34,188000000,190000000,https://www.sec.gov/Archives/edgar/data/1601046/000160104618000017/0001601046-18-000017-index.htm,https://www.sec.gov/Archives/edgar/data/1601046/000160104618000017/keys-04302018x10q.htm,5.26595744680851,0.3404255319148936,0.5904255319148937,0.4095744680851064,4.170212765957447,13.420212765957446,-0.648936170212766,13.420212765957446,9.627659574468083,9715840000.0,10720840000.0,37.9525,9.813979797979798,87.53009009009008,126.17974025974026,3.850907649623464,3.850907649623464,10.829131313131311,58.58382513661202,96.58414414414416,139.23168831168832,0.0065871813451024,0.0079252025558263,0.7090764962346413,0.3020428836738139,5.491803278688525,2.296956977964323,4.761904761904762,1.734375,0.0,0.0,0.0,0.1575757575757575,0.4465642410940402,0.3063063063063063,0.0343434343434343,0.430379746835443,0.0151515151515151,10.138694149563712,0.0155147753993842,0.0195241000610128,-10.017287234042554,1236000000.0,-122000000.0,-1211000000.0,4427000000.0,516500000.0,234500000.0,603000000.0,52.63636363636363,48.32214765100671,120.2013422818792,1.7098445595854923,1.8625,0.7487437185929648,0.0253666270313119,0.1808510638297872,2018-05-30,0.83,amc,990000000.0,2025-04-25,2018-04-30,0.0,55.566875,1330939.234375
2018-01-31,KEYS,USD,1601046,2018-03-08,2018-03-08 16:11:46,2018,Q1,837000000.0,410000000.0,427000000.0,0.5101553166,146000000,0.0,0.0,289000000.0,1000000.0,432000000.0,842000000.0,3000000.0,22000000.0,78000000.0,77000000.0,0.091995221,-5000000.0,-0.0059737157,-6000000.0,-23000000.0,-0.027479092,-117000000.0,94000000.0,0.1123058542,0.5,0.5,187000000,189000000,https://www.sec.gov/Archives/edgar/data/1601046/000160104618000008/0001601046-18-000008-index.htm,https://www.sec.gov/Archives/edgar/data/1601046/000160104618000008/keys-01312018x10q.htm,4.475935828877005,0.5026737967914439,0.9144385026737968,0.786096256684492,5.240641711229946,13.283422459893048,-1.160427807486631,13.283422459893048,11.06951871657754,8736640000.0,9804640000.0,23.235744680851063,10.438040621266428,51.09146198830409,59.432925170068025,3.517165861513688,3.517165861513688,11.714026284348863,127.33298701298702,57.337076023391816,66.69823129251701,0.0107592850340634,0.0168256904256098,0.8244766505636071,0.3385123966942149,13.87012987012987,2.5677200902934536,-0.2272727272727272,1.819148936170213,0.0,0.0,0.0,0.1744324970131421,0.4464462809917355,0.1403508771929824,0.028673835125448,0.3076923076923077,0.022700119474313,12.25714644816368,0.003941894793344,0.0280680800238877,-10.379679144385026,1389000000.0,-217000000.0,-1291000000.0,4629000000.0,500500000.0,220000000.0,598500000.0,48.81720430107527,50.26829268292683,133.68292682926827,1.843612334801762,1.7903930131004366,0.6732348111658456,0.037842190016103,0.1283422459893048,2018-03-01,0.39,amc,640058823.0,2025-04-25,2018-01-31,0.3076923076923076,47.76803278688524,876527.1639344263
2017-10-31,KEYS,USD,1601046,2017-12-20,2017-12-20 09:08:51,2017,Q4,878000000.0,404000000.0,474000000.0,0.5398633257,139000000,0.0,0.0,294000000.0,11000000.0,435000000.0,839000000.0,2000000.0,22000000.0,72000000.0,124000000.0,0.1412300683,39000000.0,0.0444191344,-9000000.0,30000000.0,0.0341685649,68000000.0,-38000000.0,-0.0432801822,-0.21,-0.2,183680473,186000000,https://www.sec.gov/Archives/edgar/data/1601046/000160104617000033/0001601046-17-000033-index.htm,https://www.sec.gov/Archives/edgar/data/1601046/000160104617000033/keys-10312017x10k.htm,4.780039955580907,-0.2068810003554378,0.3484311584933691,0.250434895167109,4.4533857444933735,12.57618712687004,-2.324689135572947,12.57618712687004,11.269570282519906,8205006728.91,9435006728.91,-53.98030742703948,9.345110169601366,128.20323013921876,178.36971149804347,3.551950964896104,3.551950964896104,10.746021331332576,76.08876394282258,147.42198013921876,205.1088419328261,-0.0046313185662735,0.0056063330012784,0.8865800865800866,0.3451879319062869,9.919354838709678,2.658119658119658,1.7727272727272727,-1.6842105263157894,0.0,0.0,0.0,0.1583143507972665,0.4613180515759312,0.28125,0.020501138952164,0.25,0.0136674259681093,,-0.0096409055425448,-0.0118898623279098,-11.436980565702267,1358000000.0,-427000000.0,-1446000000.0,4625000000.0,534000000.0,196000000.0,574500000.0,56.07061503416856,47.00495049504951,130.99009900990097,1.6051188299817185,1.914691943127962,0.6870748299319728,-0.0164502164502164,0.09799626332626,2017-12-06,0.65,amc,791436619.0,2025-04-25,2017-10-31,0.0923076923076922,43.2036507936508,707720.1587301587
2017-07-31,KEYS,USD,1601046,2017-09-06,2017-09-06 16:10:26,2017,Q3,832000000.0,421000000.0,411000000.0,0.4939903846,132000000,0.0,0.0,286000000.0,-1000000.0,415000000.0,836000000.0,2000000.0,22000000.0,80000000.0,77000000.0,0.0925480769,-4000000.0,-0.0048076923,-21000000.0,-25000000.0,-0.0300480769,-7000000.0,-18000000.0,-0.0216346154,-0.1,-0.0968,180000000,186000000,https://www.sec.gov/Archives/edgar/data/1601046/000160104617000026/0001601046-17-000026-index.htm,https://www.sec.gov/Archives/edgar/data/1601046/000160104617000026/keys-07312017x10q.htm,4.622222222222222,-0.1,0.5444444444444444,0.4277777777777777,4.866666666666666,12.327777777777778,-2.816666666666667,12.327777777777778,11.716666666666669,7486200000.000001,8700200000.0,-103.975,8.99783653846154,76.38979591836735,97.22337662337664,3.3736818386660663,3.3736818386660663,10.456971153846156,112.9896103896104,88.77755102040817,112.9896103896104,-0.0024044241404183,0.0102855921562341,0.9405137449301488,0.3573630136986301,15.766233766233766,2.752551020408163,-0.1818181818181818,-5.444444444444445,0.0,0.0,0.0,0.1586538461538461,0.4667808219178082,0.2142857142857142,0.0252403846153846,0.2625,0.015625,,-0.0005651491365777,-0.0057803468208092,-11.520833333333334,1374000000.0,-507000000.0,-1463000000.0,4646000000.0,519500000.0,180500000.0,573000000.0,56.35817307692308,38.69358669833729,119.92874109263656,1.5969289827255275,2.325966850828729,0.750445632798574,-0.0081117620549797,0.1166666666666666,2017-08-30,0.6,amc,818360655.0,2025-04-25,2017-07-31,0.0166666666666666,40.955714285714286,807311.0793650794
2017-04-30,KEYS,USD,1601046,2017-06-07,2017-06-07 16:37:12,2017,Q2,753000000.0,340000000.0,413000000.0,0.5484727756,119000000,0.0,0.0,256000000.0,2000000.0,371000000.0,711000000.0,2000000.0,24000000.0,41000000.0,87000000.0,0.1155378486,42000000.0,0.0557768924,-20000000.0,22000000.0,0.0292164675,-27000000.0,49000000.0,0.0650730412,0.28,0.27,177000000,179000000,https://www.sec.gov/Archives/edgar/data/1601046/000160104617000020/0001601046-17-000020-index.htm,https://www.sec.gov/Archives/edgar/data/1601046/000160104617000020/keys-04302017x10q.htm,4.254237288135593,0.2768361581920904,0.2768361581920904,0.1807909604519774,5.779661016949152,12.271186440677964,-2.531073446327684,12.271186440677964,13.27683615819209,6685290000.000001,8028290000.000001,34.108622448979595,8.878207171314742,136.43448979591838,208.91531250000003,3.077941988950277,3.077941988950277,10.661739707835329,92.27919540229888,163.8426530612245,250.88406250000003,0.0073295249719907,0.0047866285531368,1.070902394106814,0.3867642168274027,15.436781609195402,2.641552511415525,1.75,1.0,0.0,0.0,0.0,0.1580345285524568,0.4356501496508148,0.3469387755102041,0.0225763612217795,0.4146341463414634,0.0172642762284196,8.742707389056527,0.0176234842775912,0.0144372421921037,-12.07909604519774,1438000000.0,-448000000.0,-1528000000.0,4603000000.0,456500000.0,176000000.0,532000000.0,61.91235059760956,47.647058823529406,154.85294117647058,1.4536679536679538,1.8888888888888888,0.5811965811965812,0.0225598526703499,0.096045197740113,2017-06-06,0.58,amc,647109375.0,2025-04-25,2017-04-30,0.103448275862069,37.75650793650794,1052405.9365079366
2017-01-31,KEYS,USD,1601046,2017-02-28,2017-02-28 16:31:46,2017,Q1,726000000.0,322000000.0,404000000.0,0.5564738292,108000000,0.0,0.0,213000000.0,1000000.0,242000000.0,564000000.0,1000000.0,12000000.0,32000000.0,196000000.0,0.2699724518,162000000.0,0.2231404959,-10000000.0,152000000.0,0.2093663912,43000000.0,109000000.0,0.150137741,0.64,0.63,171000000,173000000,https://www.sec.gov/Archives/edgar/data/1601046/000160104617000009/0001601046-17-000009-index.htm,https://www.sec.gov/Archives/edgar/data/1601046/000160104617000009/keys-01312017x10q.htm,4.245614035087719,0.6374269005847953,0.5964912280701754,0.5029239766081871,5.239766081871345,9.637426900584796,4.269005847953216,9.637426900584796,6.461988304093567,6338970000.0,6535970000.0,14.538922018348623,8.731363636363636,62.146764705882354,73.70895348837209,3.846462378640777,3.846462378640777,9.00271349862259,33.34678571428572,64.07813725490196,75.9996511627907,0.0171952225677042,0.0135668728515831,0.6632281553398058,0.2825019384853967,1.0051020408163265,3.2416107382550337,13.5,0.9357798165137616,0.0,0.0,0.0,0.1487603305785124,0.2372706125613853,0.1568627450980392,0.0220385674931129,0.5,0.024793388429752,11.756742366581683,0.0354937527135896,0.036936631650288,-4.615497076023392,1336000000.0,730000000.0,-289000000.0,2748000000.0,416000000.0,180500000.0,476500000.0,48.96694214876033,48.07453416149068,133.88198757763973,1.837974683544304,1.872093023255814,0.6722338204592901,0.0661407766990291,0.0935672514619883,2017-02-16,0.56,amc,713263157.0,2025-04-25,2017-01-31,0.0178571428571426,37.23645161290322,887755.8064516129
2016-10-31,KEYS,USD,1601046,2016-12-19,2016-12-19 16:22:26,2016,Q4,751000000.0,331000000.0,420000000.0,0.5592543276,105000000,0.0,0.0,211000000.0,2000000.0,313000000.0,644000000.0,1000000.0,12000000.0,33000000.0,143000000.0,0.190412783,107000000.0,0.1424766977,-9000000.0,98000000.0,0.1304926764,6000000.0,92000000.0,0.1225033289,0.54,0.54,170000000,172000000,https://www.sec.gov/Archives/edgar/data/1601046/000160104616000077/0001601046-16-000077-index.htm,https://www.sec.gov/Archives/edgar/data/1601046/000160104616000077/keys-10312016x10k.htm,4.41764705882353,0.5411764705882353,0.8176470588235294,0.7294117647058823,4.605882352941176,8.9,3.347058823529412,8.9,6.541176470588235,5575999999.999999,5892999999.999999,15.152173913043478,7.424766977363514,40.11510791366906,44.967741935483865,3.685393258426966,3.685393258426966,7.846870838881491,41.20979020979021,42.3956834532374,47.52419354838709,0.0164992826398852,0.0222381635581061,0.7270323859881032,0.2892453326321325,2.2167832167832167,2.87888198757764,8.916666666666666,1.5108695652173914,0.0039454806312769,0.2391304347826087,0.0,0.1398135818908122,0.2482250854588482,0.1079136690647482,0.0199733688415446,0.4545454545454545,0.0133155792276964,10.41011951109564,0.0317977143373968,0.0321790835956628,-5.54264705882353,1210000000.0,569000000.0,-436000000.0,2666000000.0,426000000.0,172500000.0,476500000.0,52.37017310252996,51.389728096676734,128.8821752265861,1.7185354691075514,1.7513227513227514,0.6983122362869199,0.060806345009914,0.088235294117647,2016-11-17,0.64,amc,751000000.0,2025-04-25,2016-10-31,0.0,34.45952380952381,596576.1587301587
2016-07-31,KEYS,USD,1601046,2016-09-02,2016-09-02 16:09:37,2016,Q3,715000000.0,309000000.0,406000000.0,0.5678321678,104000000,0.0,0.0,200000000.0,1000000.0,300000000.0,609000000.0,1000000.0,11000000.0,34000000.0,144000000.0,0.2013986014,106000000.0,0.1482517483,-9000000.0,97000000.0,0.1356643357,6000000.0,91000000.0,0.1272727273,0.54,0.53,170000000,172000000,https://www.sec.gov/Archives/edgar/data/1601046/000160104616000073/0001601046-16-000073-index.htm,https://www.sec.gov/Archives/edgar/data/1601046/000160104616000073/keys-07312016x10q.htm,4.205882352941177,0.5352941176470588,0.4,0.3176470588235294,3.905882352941176,9.394117647058824,3.776470588235294,9.394117647058824,6.535294117647059,4962300000.0,5398300000.0,13.63269230769231,6.940279720279721,72.975,91.89444444444445,3.1072636192861616,3.1072636192861616,7.55006993006993,37.488194444444446,79.38676470588236,99.96851851851852,0.0183382705600225,0.0108820506619914,0.6887914840325611,0.2993197278911564,3.0277777777777777,2.846921797004992,9.636363636363637,0.7472527472527473,0.0,0.0,0.0,0.1454545454545454,0.2598639455782313,0.2058823529411764,0.0195804195804195,0.4117647058823529,0.0139860139860139,10.63691017784243,0.0323498044792036,0.0334558823529411,-5.077941176470588,1110000000.0,642000000.0,-367000000.0,2587000000.0,411500000.0,162000000.0,477000000.0,52.23776223776224,45.43689320388349,139.51456310679612,1.7228915662650603,1.9807692307692308,0.6450939457202505,0.0569818409517845,0.0823529411764705,2016-08-17,0.6,amc,680952380.0,2025-04-25,2016-07-31,0.05,29.74453125,601321.984375
2016-04-30,KEYS,USD,1601046,2016-06-03,2016-06-03 16:07:08,2016,Q2,731000000.0,325000000.0,406000000.0,0.5554035568,108000000,0.0,0.0,207000000.0,4000000.0,311000000.0,636000000.0,0.0,12000000.0,34000000.0,134000000.0,0.1833105335,95000000.0,0.1299589603,-8000000.0,87000000.0,0.1190150479,-1000000.0,88000000.0,0.1203830369,0.52,0.51,170000000,172000000,https://www.sec.gov/Archives/edgar/data/1601046/000160104616000065/0001601046-16-000065-index.htm,https://www.sec.gov/Archives/edgar/data/1601046/000160104616000065/keys-04302016x10q.htm,4.3,0.5176470588235295,0.6882352941176471,0.5235294117647059,3.647058823529412,8.823529411764707,3.194117647058824,8.823529411764707,6.541176470588235,4433600000.0,4913600000.0,12.595454545454544,6.065116279069767,37.89401709401709,49.815730337078655,2.955733333333333,2.955733333333333,6.721751025991792,36.66865671641792,41.9965811965812,55.20898876404495,0.0198484301696138,0.0200739805124503,0.7333333333333333,0.3009575923392613,3.582089552238806,2.664110429447853,7.916666666666667,1.3295454545454546,0.0,0.0,0.0,0.1477428180574555,0.2618331053351573,0.2393162393162393,0.0383036935704514,0.8235294117647058,0.0177838577291381,10.13746349389064,0.0319986526883078,0.0326167531504818,-5.83235294117647,1085000000.0,543000000.0,-418000000.0,2573000000.0,384500000.0,171500000.0,478000000.0,50.23255813953489,46.52307692307692,131.53846153846155,1.7916666666666667,1.934523809523809,0.6842105263157895,0.0586666666666666,0.1647058823529411,2016-05-19,0.56,amc,671081967.0,2025-04-25,2016-04-30,0.0892857142857141,28.295,753655.03125
2016-01-31,KEYS,USD,1601046,2016-03-04,2016-03-04 16:14:03,2016,Q1,721000000.0,332000000.0,389000000.0,0.5395284327,108000000,0.0,0.0,197000000.0,-3000000.0,291000000.0,623000000.0,1000000.0,12000000.0,33000000.0,123000000.0,0.1705963939,98000000.0,0.1359223301,-14000000.0,84000000.0,0.1165048544,20000000.0,64000000.0,0.0887656033,0.37,0.37,171000000,172000000,https://www.sec.gov/Archives/edgar/data/1601046/000160104616000050/0001601046-16-000050-index.htm,https://www.sec.gov/Archives/edgar/data/1601046/000160104616000050/keys-01312016x10q.htm,4.216374269005848,0.3742690058479532,0.5380116959064327,0.3391812865497076,3.345029239766082,8.08187134502924,2.6432748538011697,8.08187134502924,6.497076023391813,3933000000.0,4460000000.0,15.36328125,5.454923717059639,42.75,67.8103448275862,2.845875542691751,2.845875542691751,6.185852981969487,36.260162601626014,48.47826086956522,76.89655172413794,0.0162725654716501,0.0147470124586829,0.7952243125904487,0.315351506456241,4.284552845528455,2.686985172981878,8.166666666666666,1.4375,0.0,0.0,0.0,0.1497919556171983,0.266857962697274,0.3695652173913043,0.0471567267683772,1.0303030303030305,0.0221914008321775,8.249719022981386,0.0259439425526986,0.0250489236790606,-5.963450292397661,1024000000.0,452000000.0,-472000000.0,2467000000.0,379500000.0,192000000.0,484000000.0,45.0624133148405,47.43975903614458,130.39156626506025,1.997229916897507,1.8971428571428568,0.6902286902286903,0.0463096960926193,0.1988304093567251,2016-02-18,0.5,amc,642345454.0,2025-04-25,2016-01-31,0.1,25.08786885245901,836316.1639344263
2015-10-31,KEYS,USD,1601046,2015-12-21,2015-12-21 16:07:49,2015,Q4,750000000.0,327000000.0,423000000.0,0.564,105000000,0.0,0.0,212000000.0,1000000.0,312000000.0,639000000.0,0.0,11000000.0,30000000.0,189000000.0,0.252,111000000.0,0.148,-10000000.0,101000000.0,0.1346666667,-176000000.0,277000000.0,0.3693333333,1.63,1.61,170000000,172000000,https://www.sec.gov/Archives/edgar/data/1601046/000160104615000044/0001601046-15-000044-index.htm,https://www.sec.gov/Archives/edgar/data/1601046/000160104615000044/keys-10312015x10k.htm,4.411764705882353,1.6294117647058823,0.4764705882352941,0.3235294117647059,2.8411764705882354,7.658823529411765,2.094117647058824,7.658823529411765,6.529411764705882,5623600000.0,6239600000.0,5.075451263537906,7.498133333333333,69.42716049382716,102.24727272727272,4.319201228878648,4.319201228878648,8.319466666666667,33.01375661375661,77.0320987654321,113.44727272727272,0.0492567038907461,0.0097802119638665,0.8440860215053764,0.3132839224629418,3.259259259259259,2.2719424460431656,10.090909090909092,0.2924187725631769,0.0,0.0,0.0,0.14,0.2696693272519954,0.3209876543209876,0.0346666666666666,0.8666666666666667,0.008,16.756669900644624,0.1082210247331167,0.1081186572989851,-6.947058823529412,884000000.0,356000000.0,-627000000.0,2348000000.0,355500000.0,190000000.0,482500000.0,47.760000000000005,57.522935779816514,134.03669724770643,1.884422110552764,1.5645933014354068,0.6714579055441479,0.2127496159754224,0.1529411764705882,2015-11-19,0.63,amc,676056338.0,2025-04-25,2015-10-31,0.1269841269841269,30.73296875,621988.375
2015-07-31,KEYS,USD,1601046,2015-09-03,2015-09-03 16:06:15,2015,Q3,665000000.0,295000000.0,370000000.0,0.5563909774,90000000,0.0,0.0,183000000.0,-1000000.0,270000000.0,565000000.0,0.0,12000000.0,23000000.0,125000000.0,0.1879699248,100000000.0,0.1503759398,-13000000.0,87000000.0,0.1308270677,17000000.0,70000000.0,0.1052631579,0.41,0.41,169000000,172000000,https://www.sec.gov/Archives/edgar/data/1601046/000160104615000033/0001601046-15-000033-index.htm,https://www.sec.gov/Archives/edgar/data/1601046/000160104615000033/keys-07312015x10q.htm,3.93491124260355,0.4142011834319526,0.7988165680473372,0.591715976331361,5.9171597633136095,6.538461538461538,4.266272189349112,6.538461538461538,6.57396449704142,5161260000.0,5260260000.0,18.433071428571427,7.761293233082707,38.23155555555556,51.6126,4.670823529411765,4.670823529411765,7.910165413533835,42.08208,38.964888888888886,52.6026,0.0135625796801556,0.0193751138287937,0.9945701357466064,0.3548595414917662,0.792,3.1983870967741934,8.333333333333334,1.9285714285714288,0.0,0.0,0.0,0.1353383458646616,0.1239909589925734,0.2592592592592592,0.0526315789473684,1.5217391304347827,0.0105263157894736,7.806110837589944,0.0324827493399041,0.0258016955399926,-3.0665680473372783,1363000000.0,721000000.0,-9000000.0,2209000000.0,333000000.0,174500000.0,477000000.0,42.3609022556391,52.16949152542372,145.83050847457625,2.124600638977636,1.725146198830409,0.6171548117154811,0.0633484162895927,0.2071005917159763,2015-08-19,0.46,amc,556181818.0,2025-04-25,2015-07-31,0.1956521739130435,31.14796875,707295.46875
2015-04-30,KEYS,USD,1601046,2015-06-04,2015-06-04 16:06:02,2015,Q2,740000000.0,324000000.0,416000000.0,0.5621621622,96000000,0.0,0.0,192000000.0,4000000.0,288000000.0,612000000.0,1000000.0,11000000.0,23000000.0,156000000.0,0.2108108108,128000000.0,0.172972973,-11000000.0,122000000.0,0.1648648649,26000000.0,96000000.0,0.1297297297,0.57,0.56,169000000,171000000,https://www.sec.gov/Archives/edgar/data/1601046/000160104615000018/0001601046-15-000018-index.htm,https://www.sec.gov/Archives/edgar/data/1601046/000160104615000018/keys-04302015x10q.htm,4.378698224852071,0.5680473372781065,0.4023668639053254,0.3076923076923077,5.289940828402367,6.1301775147929,3.810650887573965,6.1301775147929,6.568047337278107,5654740000.0,5859740000.0,14.725885416666667,7.64154054054054,83.15794117647059,108.745,5.458243243243243,5.458243243243243,7.918567567567568,37.5624358974359,86.17264705882353,112.6873076923077,0.0169769078684431,0.0091958250954066,1.0608108108108107,0.3590329957530219,1.314102564102564,3.0538827258320125,11.636363636363637,0.7083333333333334,0.0,0.0,0.0,0.1297297297297297,0.1280627245998039,0.2352941176470588,0.0216216216216216,0.6956521739130435,0.0175675675675675,8.851564710389068,0.0414490993725966,0.0359685275384039,-3.717455621301775,1296000000.0,644000000.0,-98000000.0,2148000000.0,331500000.0,168000000.0,483500000.0,42.93243243243244,49.44444444444444,132.22222222222223,2.096317280453258,1.820224719101124,0.680672268907563,0.0926640926640926,0.0946745562130177,2015-05-19,0.65,amc,687142857.0,2025-04-25,2015-04-30,0.0769230769230768,34.17809523809523,897953.7142857143
2015-01-31,KEYS,USD,1601046,2015-03-05,2015-03-05 16:07:44,2015,Q1,701000000.0,318000000.0,383000000.0,0.5463623395,96000000,0.0,0.0,206000000.0,9000000.0,302000000.0,620000000.0,0.0,12000000.0,23000000.0,110000000.0,0.1569186876,81000000.0,0.1155492154,-9000000.0,78000000.0,0.1112696148,8000000.0,70000000.0,0.0998573466,0.42,0.41,168000000,170000000,https://www.sec.gov/Archives/edgar/data/1601046/000160104615000007/0001601046-15-000007-index.htm,https://www.sec.gov/Archives/edgar/data/1601046/000160104615000007/keys-01312015x10q.htm,4.172619047619048,0.4166666666666667,0.5476190476190477,0.4583333333333333,5.279761904761905,5.464285714285714,3.1011904761904763,5.464285714285714,6.613095238095238,5609520000.0,5821520000.0,20.034,8.002168330955778,60.97304347826086,72.85090909090908,6.110588235294117,6.110588235294117,8.304593437945792,52.92290909090909,63.27739130434782,75.60415584415584,0.0124787860636917,0.0137266646700608,1.1971677559912854,0.3645107794361525,1.9272727272727272,2.737609329446064,6.75,1.3142857142857145,0.0,0.0,0.0,0.1369472182596291,0.1316749585406302,0.1630434782608695,0.021398002853067,0.6521739130434783,0.0413694721825962,7.157351365653957,0.0312118109456022,0.0267379679144385,-4.357142857142857,1192000000.0,521000000.0,-219000000.0,2044000000.0,345000000.0,165500000.0,494500000.0,39.80028530670471,44.71698113207547,138.96226415094338,2.261290322580645,2.0126582278481013,0.6476578411405295,0.0762527233115468,0.0892857142857142,2015-02-19,0.46,amc,613374999.0,2025-04-25,2015-01-31,0.2173913043478261,36.03672131147541,780317.475409836
2014-10-31,KEYS,USD,1601046,2014-12-22,2014-12-22 16:25:02,2014,Q4,762000000.0,343000000.0,419000000.0,0.5498687664,91000000,0.0,0.0,198000000.0,6000000.0,289000000.0,632000000.0,0.0,0.0,25000000.0,232000000.0,0.3044619423,130000000.0,0.1706036745,3000000.0,133000000.0,0.1745406824,32000000.0,101000000.0,0.1325459318,0.61,0.61,167000000,167000000,https://www.sec.gov/Archives/edgar/data/1601046/000160104614000008/0001601046-14-000008-index.htm,https://www.sec.gov/Archives/edgar/data/1601046/000160104614000008/keys-10312014x10k.htm,4.562874251497006,0.6047904191616766,1.2035928143712575,1.095808383233533,4.850299401197605,4.604790419161676,2.1497005988023954,4.604790419161676,6.580838323353293,5260500000.0,5549500000.0,13.021039603960396,6.903543307086614,26.171641791044777,28.74590163934426,6.840702210663199,6.840702210663199,7.282808398950131,23.92025862068965,27.609452736318406,30.325136612021858,0.0191996958464024,0.0347875677216994,1.4291287386215863,0.360327868852459,1.2456896551724137,2.4057217165149547,0.0,1.99009900990099,0.0,0.0,0.0,0.1194225721784777,0.1344262295081967,0.0895522388059701,0.0236220472440944,0.72,0.0104986876640419,7.915869843202351,0.0432800545862683,0.0382575757575757,-5.610778443113772,1081000000.0,359000000.0,-431000000.0,1961000000.0,349500000.0,142500000.0,507000000.0,44.88188976377953,45.393586005830905,130.67055393586006,2.0052631578947366,1.9826589595375723,0.6887550200803213,0.1313394018205461,0.1077844311377245,2014-11-01,,bmo,,2025-04-25,2014-10-31,,32.08137254901961,2605532.647058824
2014-07-31,KEYS,USD,1601046,2014-07-31,2014-07-31 00:00:00,2014,Q3,757000000.0,343000000.0,414000000.0,0.5468956407,91000000,0.0,0.0,202000000.0,1000000.0,293000000.0,636000000.0,0.0,0.0,20000000.0,141000000.0,0.1862615588,121000000.0,0.1598414795,1000000.0,122000000.0,0.1611624835,15000000.0,107000000.0,0.141347424,0.64,0.64,166816116,166816116,,,4.537930855553548,0.6414248369144382,0.5215323440332348,0.4136291004401517,0.0,7.559221676159874,5.041479325654603,7.559221676159874,0.0,4712555277.0,4712555277.0,11.010643170560748,6.22530419682959,54.16730203448276,68.29790256521738,3.737157237906424,3.737157237906424,6.22530419682959,33.42237785106383,54.16730203448276,68.29790256521738,0.022705303961573,0.0146417380686779,0.0,0.0,0.0,1.79491833030853,0.0,0.8130841121495327,0.0,0.0,0.0,0.1202113606340819,0.2101050525262631,0.2068965517241379,0.023778071334214,0.9,0.011889035667107,10.444861509072105,0.0732387514283451,0.0677644078530715,-1.443205883057486,438000000.0,841000000.0,251000000.0,1320000000.0,327000000.0,134500000.0,517000000.0,37.92602377807133,29.387755102040817,135.3935860058309,2.373040752351097,3.0625,0.6647286821705426,0.084853291038858,0.107903243593083,2014-11-17,0.77,bmo,782320000.0,2025-04-25,2014-07-31,-0.0259740259740259,,
2014-04-30,KEYS,USD,1601046,2014-04-30,2014-04-30 00:00:00,2014,Q2,743000000.0,328000000.0,415000000.0,0.5585464334,89000000,0.0,0.0,199000000.0,1000000.0,288000000.0,616000000.0,0.0,0.0,20000000.0,164000000.0,0.2207267833,127000000.0,0.1709286676,1000000.0,128000000.0,0.1722745626,18000000.0,110000000.0,0.1480484522,0.66,0.66,166816116,166816116,,,4.454006110536707,0.6594087108466187,0.8392474501684237,0.7013710833550398,0.0,7.247501194668745,4.687796471655052,7.247501194668745,0.0,4712555277.0,4712555277.0,10.710352902272728,6.3426046796769855,33.661109121428574,40.27825023076923,3.897895183622829,3.897895183622829,6.3426046796769855,28.735093152439024,33.661109121428574,40.27825023076923,0.0233419012689068,0.0248272949860191,0.0,0.0,0.0,1.6344262295081968,0.0,1.2727272727272727,0.0,0.0,0.0,0.1197846567967698,0.2124378109452736,0.1642857142857142,0.0309555854643337,1.15,0.0121130551816958,10.369617733639297,0.0779575892857142,0.0694883133291219,-1.7429371152604944,387000000.0,782000000.0,196000000.0,1276000000.0,312000000.0,143500000.0,516000000.0,40.578734858681024,43.079268292682926,142.1341463414634,2.217910447761194,2.089171974522293,0.6332046332046332,0.0909842845326716,0.1378763668133839,2014-04-30,,amc,,2025-04-25,2014-04-30,,,
2014-01-31,KEYS,USD,1601046,2014-01-31,2014-01-31 00:00:00,2014,Q1,671000000.0,299000000.0,372000000.0,0.5543964232,90000000,0.0,0.0,191000000.0,1000000.0,281000000.0,580000000.0,0.0,0.0,19000000.0,118000000.0,0.17585693,91000000.0,0.1356184799,1000000.0,92000000.0,0.1371087928,18000000.0,74000000.0,0.1102831595,0.44,0.44,166816116,166816116,,,4.022393136164374,0.4436022236604525,0.809274326948123,0.7433334558634611,0.0,7.187554948228144,4.621855600570391,7.187554948228144,0.0,4712555277.0,4712555277.0,15.920794854729731,7.0231822309985095,34.907816866666664,38.00447804032258,3.9304047347789823,3.9304047347789823,7.0231822309985095,39.936909127118646,34.907816866666664,38.00447804032258,0.0157027335809009,0.0263126887031313,0.0,0.0,0.0,1.7257462686567164,0.0,1.8243243243243243,0.0,0.0,0.0,0.1341281669150521,0.2215320910973084,0.0814814814814814,0.0163934426229508,0.5789473684210527,0.0253353204172876,8.469908237318933,0.0524324155973589,0.0492021276595744,-1.554106438972599,389000000.0,771000000.0,192000000.0,1275000000.0,314500000.0,130500000.0,508000000.0,38.76304023845008,39.130434782608695,154.71571906354515,2.3217993079584773,2.3,0.5817120622568094,0.0617180984153461,0.0659408710846618,2014-01-31,,amc,,2025-04-25,2014-01-31,,,
2013-10-31,KEYS,USD,1601046,2013-10-31,2013-10-31 00:00:00,2013,Q4,705000000.0,310000000.0,395000000.0,0.5602836879,88000000,0.0,0.0,179000000.0,-1000000.0,267000000.0,577000000.0,0.0,0.0,20000000.0,148000000.0,0.209929078,128000000.0,0.1815602837,-1000000.0,127000000.0,0.180141844,12000000.0,115000000.0,0.1631205674,0.69,0.69,167000182,167000182,,,4.2215522854939165,0.6886220040167381,0.8083823525413882,0.7485021782790632,0.0,7.455081695659469,4.8263420455434,7.455081695659469,0.0,4717755141.5,4717755141.5,10.255989438043478,6.691851264539007,34.946334381481485,37.742041132,3.7893615594377503,3.7893615594377503,6.691851264539007,31.87672392905405,34.946334381481485,37.742041132,0.0243760001421854,0.0264956523284624,0.0,0.0,0.0,1.7357142857142858,0.0,1.173913043478261,0.0,0.0,0.0,0.1248226950354609,0.2164694280078895,0.074074074074074,0.0141843971631205,0.5,0.0113475177304964,10.747511302199422,0.0789547083181359,0.0723725613593455,-1.658680827066404,412000000.0,806000000.0,189000000.0,1320000000.0,,,,43.40425531914894,38.03225806451613,145.74193548387098,2.073529411764706,2.366412213740458,0.6175298804780877,0.0923694779116465,0.059880174262325,2013-10-31,,amc,,2025-04-25,2013-10-31,,,
2013-07-31,KEYS,USD,1601046,2013-07-31,2013-07-31 00:00:00,2013,Q3,701000000.0,310000000.0,391000000.0,0.5577746077,91000000,0.0,0.0,179000000.0,1000000.0,270000000.0,580000000.0,0.0,0.0,19000000.0,140000000.0,0.1997146933,121000000.0,0.1726105563,1000000.0,122000000.0,0.1740370899,11000000.0,111000000.0,0.1583452211,0.67,0.67,166816116,166816116,,,4.202231875486179,0.6654033354906789,0.6893818340669196,0.563494716541656,,,,,,4712555277.0,,10.613863236486486,6.722618084165478,40.97874153913043,50.13356677659574,0.0,0.0,,,,,0.0235541003713514,0.0199467156297931,0.0,0.0,,0.0,0.0,1.036036036036036,0.0,0.0,0.0,0.12981455064194,0.0,0.1826086956521739,0.0299572039942938,1.105263157894737,0.0128388017118402,,0.0,0.0,,,,,,,,,,,,0.0,0.0,0.0,0.0,0.1258871175252635,2013-07-31,,amc,,2025-04-25,2013-07-31,,,
2013-04-30,KEYS,USD,1601046,2013-04-30,2013-04-30 00:00:00,2013,Q2,760000000.0,334000000.0,426000000.0,0.5605263158,99000000,0.0,0.0,198000000.0,0.0,297000000.0,631000000.0,0.0,0.0,19000000.0,165000000.0,0.2171052632,129000000.0,0.1697368421,5000000.0,134000000.0,0.1763157895,13000000.0,121000000.0,0.1592105263,0.73,0.73,166816116,166816116,,,4.555914729485729,0.7253495819312805,0.9111829458971458,0.815268951592183,,,,,,4712555277.0,,9.73668445661157,6.200730627631579,31.003653138157897,34.651141742647056,0.0,0.0,,,,,0.0256760913957975,0.0288590779324666,0.0,0.0,,0.0,0.0,1.256198347107438,0.0,0.0,0.0,0.1302631578947368,0.0,0.1052631578947368,0.0210526315789473,0.8421052631578947,0.0118421052631578,,0.0,0.0,,,,,,,,,,,,0.0,0.0,0.0,0.0,0.0959139943049627,2013-04-30,,amc,,2025-04-25,2013-04-30,,,
2013-01-31,KEYS,USD,1601046,2013-01-31,2013-01-31 00:00:00,2013,Q1,722000000.0,311000000.0,411000000.0,0.5692520776,97000000,0.0,0.0,196000000.0,0.0,293000000.0,604000000.0,0.0,0.0,19000000.0,137000000.0,0.1897506925,118000000.0,0.163434903,0.0,118000000.0,0.163434903,8000000.0,110000000.0,0.1523545706,0.66,0.66,166816116,166816116,,,4.328118993011443,0.6594087108466187,0.9831184416258678,0.8512366994565441,0.0,0.0,0.0,7.822985160498521,0.0,4712555277.0,4712555277.0,10.710352902272728,6.527084871191136,28.735093152439024,33.18700899295774,3.611153468965518,3.611153468965518,6.527084871191136,34.398213700729926,28.735093152439024,33.18700899295774,0.0233419012689068,0.0301322725471343,0.0,0.0,0.0,0.0,0.0,1.490909090909091,0.0,0.0,0.0,0.1343490304709141,0.0,0.1341463414634146,0.0304709141274238,1.1578947368421053,0.020775623268698,10.773451285093024,0.0,0.0,0.0,0.0,0.0,0.0,0.0,,,,0.0,0.0,0.0,0.0,0.0,0.0,0.0842911877394636,0.1318817421693237,2013-01-31,,amc,,2025-04-25,2013-01-31,,,
