date,symbol,reportedCurrency,cik,fillingDate,acceptedDate,calendarYear,period,revenue,costOfRevenue,grossProfit,grossProfitRatio,researchAndDevelopmentExpenses,generalAndAdministrativeExpenses,sellingAndMarketingExpenses,sellingGeneralAndAdministrativeExpenses,otherExpenses,operatingExpenses,costAndExpenses,interestIncome,interestExpense,depreciationAndAmortization,ebitda,ebitdaratio,operatingIncome,operatingIncomeRatio,totalOtherIncomeExpensesNet,incomeBeforeTax,incomeBeforeTaxRatio,incomeTaxExpense,netIncome,netIncomeRatio,eps,epsdiluted,weightedAverageShsOut,weightedAverageShsOutDil,link,finalLink,revenuePerShare,netIncomePerShare,operatingCashFlowPerShare,freeCashFlowPerShare,cashPerShare,bookValuePerShare,tangibleBookValuePerShare,shareholdersEquityPerShare,interestDebtPerShare,marketCap,enterpriseValue,peRatio,priceToSalesRatio,pocfratio,pfcfRatio,pbRatio,ptbRatio,evToSales,enterpriseValueOverEBITDA,evToOperatingCashFlow,evToFreeCashFlow,earningsYield,freeCashFlowYield,debtToEquity,debtToAssets,netDebtToEBITDA,currentRatio,interestCoverage,incomeQuality,dividendYield,payoutRatio,salesGeneralAndAdministrativeToRevenue,researchAndDdevelopementToRevenue,intangiblesToTotalAssets,capexToOperatingCashFlow,capexToRevenue,capexToDepreciation,stockBasedCompensationToRevenue,grahamNumber,roic,returnOnTangibleAssets,grahamNetNet,workingCapital,tangibleAssetValue,netCurrentAssetValue,investedCapital,averageReceivables,averagePayables,averageInventory,daysSalesOutstanding,daysPayablesOutstanding,daysOfInventoryOnHand,receivablesTurnover,payablesTurnover,inventoryTurnover,roe,capexPerShare,report_date,epsEstimated,time,revenueEstimated,updatedFromDate,fiscalDateEnding,surprise(%),QuarterAvgPrice,QuarterAvgVolume
2025-03-31,KIM,USD,879101,2025-05-02,2025-05-02 11:08:27,2025,Q1,536624000.0,163648000.0,372976000.0,0.6950415934,0,34392000.0,0.0,34392000.0,0.0,34392000.0,198040000.0,0.0,-80377000.0,-158453000.0,-106477000.0,-0.1984201228,180484000.0,0.3363323295,-48131000.0,132353000.0,0.2466401055,-464000.0,132817000.0,0.2475047706,0.2,0.2,677074000,677299000,https://www.sec.gov/Archives/edgar/data/879101/000095017025062383/0000950170-25-062383-index.htm,https://www.sec.gov/Archives/edgar/data/879101/000095017025062383/kim-20250331.htm,0.7925632944109506,0.1961631963419065,0.3305591412460085,0.3305591412460085,0.1956994361029961,15.922337883303744,15.922337883303744,15.638284736971144,-0.1187122825570026,14381051759.999998,14248548759.999998,27.06929790614153,26.799121470526845,64.25476518343439,64.25476518343437,1.358205222455478,1.358205222455478,26.55220183964936,-133.8180899161321,63.662739697872766,63.662739697872766,0.0092355553833289,0.0155630480812621,0.0,0.0,1.2444283742028794,0.0,-2.2454682309615936,1.6640000594782272,0.0123401266445341,1.336154257361633,0.0640895673693312,0.0,0.0,0.0,0.0,0.0,0.0,8.307963540149593,0.2666316340980605,0.0067313011865643,-12.556620472799132,554352000.0,10780601000.0,-8396299000.0,679277000.0,381159000.0,140933500.0,0.0,70.75048823757416,0.0,0.0,1.272076027204047,0.0,0.0,0.0125437795539141,0.0,2025-05-01,0.42,bmo,525573480.0,2025-05-11,2025-03-31,0.0476190476190476,21.830583333333333,4756764.45
2024-12-31,KIM,USD,879101,2025-02-21,2025-02-21 14:01:08,2024,Q4,525397000.0,168104000.0,357293000.0,0.6800438526,0,34902000.0,0.0,34902000.0,155999000.0,190901000.0,359005000.0,0.0,83684000.0,156130000.0,326064000.0,0.6206049901,169934000.0,0.3234392279,-69640000.0,100294000.0,0.1908918399,-46938000.0,166038000.0,0.3160238829,0.22,0.22,671561000,672136000,https://www.sec.gov/Archives/edgar/data/879101/000095017025024723/0000950170-25-024723-index.htm,https://www.sec.gov/Archives/edgar/data/879101/000095017025024723/kim-20241231.htm,0.7823518637919712,0.2472418737836175,0.3566928395186736,0.3566928395186736,1.0304663314278226,16.15011741301237,16.15011741301237,15.862366933160205,12.898394933595013,15734674230.0,23623318230.0,23.6913752123008,29.948161542604925,65.68676856988992,65.68676856988992,1.4770809488097072,1.4770809488097072,44.96279619030943,72.44994304799057,98.61910165691886,98.61910165691886,0.0105523633710464,0.0152237660912792,0.8052886319112227,0.4223741470660411,24.19354482555572,3.5816023533003096,2.0306629702213086,1.4258477729034102,0.0113172346244374,1.072483407412761,0.06642976644328,0.0,0.0,0.0,0.0,0.0,0.0162086955197688,9.393690955739975,0.0124597212062911,0.0081752265004212,-12.681996497712047,744214000.0,10845789000.0,-8431617000.0,870655000.0,330415000.0,295569500.0,0.0,58.322011735887344,150.90676010088993,0.0,1.543156645685804,0.5963947535539811,0.0,0.01558669490029,0.0,2025-02-07,0.42,bmo,520679900.0,2025-05-06,2024-12-31,0.0,24.2203125,3923295.0
2024-09-30,KIM,USD,879101,2024-10-31,2024-10-31 13:32:49,2024,Q3,507632000.0,302667000.0,204965000.0,0.403766902,0,33850000.0,0.0,33850000.0,0.0,178362000.0,344762000.0,0.0,76216000.0,144688000.0,314105000.0,0.6187651685,171291000.0,0.3374314464,-53934000.0,117357000.0,0.2311851893,128000.0,135983000.0,0.2678771236,0.19,0.19,671231000,671577000,https://www.sec.gov/Archives/edgar/data/879101/000095017024119432/0000950170-24-119432-index.htm,https://www.sec.gov/Archives/edgar/data/879101/000095017024119432/kim-20240930.htm,0.756270196102385,0.2025874847854166,0.4408765387772614,0.6324558907440211,1.1805160965450046,16.004551339255784,16.004551339255784,15.67748360847458,12.663074262064772,15585983820.0,23219571820.0,28.65428733738776,30.703312281337663,52.66780596762748,36.71402281143116,1.4811050408273594,1.4811050408273594,45.74095372238157,73.92296149376801,78.46305484405096,54.6955456464181,0.0087246978805089,0.0272375491276494,0.8004809937801316,0.4184824717536831,24.30266312220436,3.5214592682139534,2.247441482103495,2.054270561448326,0.0108906182606315,1.248251619687755,0.0666821634569924,0.0,0.0,0.4345419524887642,0.2533213036215211,0.8887675550149287,-0.0360359473004065,8.453484155667585,0.1844430997481958,0.0067555778738293,-12.44515710686783,796766000.0,10742751000.0,-8273485000.0,927680000.0,313575500.0,280504500.0,0.0,56.79801509755098,91.96403968718096,0.0,1.5845624155249858,0.97864339481104,0.0,0.0129221940105175,0.1915793519667595,2024-10-31,0.41,bmo,511271000.0,2025-04-25,2024-09-30,0.048780487804878,22.0778125,4056616.78125
2024-06-30,KIM,USD,879101,2024-08-02,2024-08-02 13:26:06,2024,Q2,505100000.0,306305000.0,198795000.0,0.3935755296,0,33090000.0,0.0,33090000.0,5661000.0,181238000.0,344264000.0,0.0,73341000.0,148148000.0,308984000.0,0.6117283706,160836000.0,0.3184240744,-67686000.0,93024000.0,0.1841694714,217000.0,119738000.0,0.2370580083,0.17,0.17,671198000,671384000,https://www.sec.gov/Archives/edgar/data/879101/000095017024089760/0000950170-24-089760-index.htm,https://www.sec.gov/Archives/edgar/data/879101/000095017024089760/kim-20240630.htm,0.7525350194726445,0.1783944529036141,0.4381106618315311,0.312199976757976,0.1924424685413246,16.08559173299086,16.08559173299086,15.761030277205831,11.760324077246953,12933985460.0,20626595460.0,27.00476344184803,25.606781746188872,43.9843210376149,61.72325891919751,1.2226358087687303,1.2226358087687303,40.8366570184122,66.75619274784455,70.14441135962511,98.43375007158264,0.0092576259939602,0.0162013480414102,0.7392318314450864,0.4009482173997908,24.896467130984128,1.6867549592004922,2.1929889147952712,2.470295199852148,0.0131241062953846,1.417653543570128,0.0655117798455751,0.0,0.0,0.287394706504477,0.1673153830924569,0.5704498204498204,0.0163314195208869,7.953792076974179,0.0083374812424507,0.0061390952307292,-12.437910273868516,177498000.0,10796617000.0,-8271603000.0,308581000.0,307532500.0,245731000.0,-3229500.0,54.66462086715502,73.96656926919248,0.0,1.646403077023371,1.2167659104541644,0.0,0.011318705044404,0.125910685073555,2024-08-01,0.4,bmo,496410000.0,2025-04-25,2024-06-30,0.0249999999999998,18.733015873015876,4247957.857142857
2024-03-31,KIM,USD,879101,2024-05-13,2024-05-10 17:50:32,2024,Q1,506726000.0,308132000.0,198594000.0,0.3919159467,0,36298000.0,0.0,36298000.0,-39270000.0,39270000.0,347402000.0,0.0,74565000.0,154719000.0,314043000.0,0.6197491346,159324000.0,0.3144184431,-90162000.0,40533000.0,0.0799899749,72010000.0,-11654000.0,-0.0229986225,-0.0174,-0.0174,670118000,670118000,https://www.sec.gov/Archives/edgar/data/879101/000143774924016080/0001437749-24-016080-index.htm,https://www.sec.gov/Archives/edgar/data/879101/000143774924016080/kim20240331_10qa.htm,0.756174285722813,-0.0173909669640272,0.2627761080884262,0.1969921715279995,0.2081782611420675,16.173711197132445,16.173711197132445,15.848013334964886,11.662451986068126,12792552620.0,20396439620.0,-274.4240737085979,25.24550273717946,72.64739606226325,96.90740424822738,1.2045673862402957,1.2045673862402957,40.25141717614648,64.94791993453126,115.82897263346791,154.50911778074055,-0.0009109987932963,0.010319128943321,0.7288724645926441,0.3976422117333686,24.212884859716663,1.8234305956250227,2.136712935023134,-15.1099193409988,0.0131590625421246,-14.444654195984212,0.0716324009425212,0.0,0.0,0.2503421526369888,0.0869957333943788,0.2849229894195283,0.0198213630245931,,-0.0064292889706483,-0.0005986732303937,-12.327087542790972,202932000.0,10838295000.0,-8178705000.0,335643999.0,307946000.0,227981000.0,-3229500.0,54.752963139842834,70.01950462788675,-1.8865616034686432,1.6437466547725246,1.2853561372405882,-47.70583681684472,-0.001097359435309,0.0657839365604266,2024-05-02,0.38,bmo,482236328.0,2025-04-25,2024-03-31,0.0263157894736842,19.88983606557377,5765927.786885246
2023-12-31,KIM,USD,879101,2024-02-26,2024-02-23 17:56:43,2023,Q4,451603000.0,268982000.0,182621000.0,0.404383939,4500000,35627000.0,0.0,35627000.0,-35627000.0,35627000.0,304609000.0,0.0,67797000.0,124282000.0,271276000.0,0.6006957438,146994000.0,0.3254938519,-43297000.0,125281000.0,0.2774140119,-175000.0,139645000.0,0.3092207093,0.21,0.21,617122000,618092000,https://www.sec.gov/Archives/edgar/data/879101/000143774924005407/0001437749-24-005407-index.htm,https://www.sec.gov/Archives/edgar/data/879101/000143774924005407/kim20231231_10k.htm,0.7317888521232431,0.2262842679405368,0.3082016197769647,0.1877473173861894,1.8048522010234604,15.759825447804486,15.766274739840744,15.435302906070437,12.056988731563614,13150869820.0,19739948820.0,23.543395431272156,29.120421742105343,69.14304997949505,113.50361910187031,1.3806013480706716,1.3806013480706716,43.71084518924808,72.76702996210501,103.78631121252587,170.3731891975868,0.010618689251081,0.0088102917590891,0.7740132371490526,0.4034599498676318,24.289207301788583,6.415992236340247,2.1681490331430595,1.3620108131333024,0.0160326277186127,1.5098499767266995,0.0788900870897669,0.0099645042216282,-0.0002177955132154,0.3908295565673666,0.1646025380699419,0.5981155758677845,0.0170946605757711,8.864944439598213,0.008153968567201,0.0076400582514434,-11.67315417372902,1199886000.0,9729715000.0,-7126856000.0,1324164000.0,298058000.0,238965000.0,0.5,61.30501790289259,72.35179305678447,0.0,1.468069059902411,1.2439221779806415,0.0,0.014660176694786,0.1204543023907752,2024-02-08,0.39,bmo,446852128.0,2025-04-25,2023-12-31,0.0,18.87396825396825,5543505.793650794
2023-09-30,KIM,USD,879101,2023-10-27,2023-10-27 14:48:04,2023,Q3,446065000.0,138418000.0,307647000.0,0.6896909643,0,33697000.0,0.0,33697000.0,8377000.0,161134000.0,299552000.0,60424000.0,60424000.0,127437000.0,273950000.0,0.6141481623,140526000.0,0.3150348043,-38822000.0,101704000.0,0.2280026454,-729000.0,118239000.0,0.265071234,0.18,0.18,617090000,617271000,https://www.sec.gov/Archives/edgar/data/879101/000143774923029222/0001437749-23-029222-index.htm,https://www.sec.gov/Archives/edgar/data/879101/000143774923029222/kim20230930_10q.htm,0.7228524202304364,0.191607383039751,0.4555737412695069,0.0753293684875787,1.2176457242865708,15.905752807532126,15.905752807532126,15.540872482133889,11.82851447924938,10854613100.0,17669185100.0,22.95057700927782,24.33415107663681,38.610653790061534,233.5078649026568,1.1318540847833245,1.1318540847833245,39.61123401298017,64.49784668735171,62.85058549425533,380.1050898139185,0.0108929723160745,0.0042825109998623,0.7548222821473398,0.4032470852767096,24.8752400073006,3.894726986041251,2.325665298556865,2.327427767199272,0.0137148140268583,1.2590515819653414,0.075542802057996,0.0,0.0,0.8346494504321844,0.5260332014392521,1.841262741589962,0.0176588613767051,8.185308967611636,0.0080033018242195,0.0065866315094437,-11.616310018797906,772895000.0,9815281000.0,-7096184000.0,901429000.0,291553500.0,234619000.0,415542500.5,58.20880364969231,170.15395396552472,6.502044531780549e-07,1.546157872297651,0.5289327570855926,138418000.0,0.0123292552113806,0.3802443727819281,2023-10-26,0.39,bmo,448250000.0,2025-04-25,2023-09-30,0.0256410256410256,19.414761904761907,4520597.126984127
2023-06-30,KIM,USD,879101,2023-07-28,2023-07-28 12:45:44,2023,Q2,442840000.0,136839000.0,306001000.0,0.6909967483,0,32734000.0,0.0,32734000.0,7571000.0,161979000.0,298818000.0,60674000.0,60674000.0,129245000.0,273267000.0,0.617078403,157192000.0,0.3549634179,-38542000.0,118650000.0,0.2679297263,31027000.0,106626000.0,0.2407777075,0.16,0.16,617077000,617257000,https://www.sec.gov/Archives/edgar/data/879101/000143774923020998/0001437749-23-020998-index.htm,https://www.sec.gov/Archives/edgar/data/879101/000143774923020998/kim20230630_10q.htm,0.7176413964545754,0.172792050262771,0.4133130873456635,0.3935392179582127,1.3795733757699606,15.959663056636368,15.959663056636368,15.594647021360382,11.840486681564862,12168758440.0,18878099440.0,28.53140519197944,27.47890533827116,47.7120144601366,50.10936420088616,1.2645364767146712,1.2645364767146712,42.62961665612863,69.08298272385616,74.01841016914595,77.73755760900002,0.0087622743540958,0.0199563497950412,0.7529610526672388,0.404168450217702,24.5523279430008,5.383579277717486,2.5907637538319546,2.334089869131509,0.0122334583872305,1.3961510325811717,0.0739183452262668,0.0,0.0,0.0478423500074496,0.0275539698310902,0.0922758140871485,0.0183452262668232,7.786475339893155,0.0065530422545729,0.0059475500451312,-10.681933535036956,933058000.0,9848341000.0,-6933466000.0,1063345000.0,298835500.0,205299000.0,415542500.5,59.87426610062325,136.50384758731064,546.6106153947339,1.5031499484060176,0.6593220747307813,0.164651028474825,0.0110802155397357,0.0197738693874508,2023-07-27,0.39,bmo,434750000.0,2025-04-25,2023-06-30,0.0,18.841451612903228,4150949.7258064514
2023-03-31,KIM,USD,879101,2023-04-28,2023-04-28 15:33:27,2023,Q1,442892000.0,136761000.0,306131000.0,0.6912091435,0,34749000.0,0.0,34749000.0,126301000.0,161050000.0,297811000.0,132810000.0,61306000.0,126301000.0,271382000.0,0.6127498352,172481000.0,0.3894425729,125798000.0,298279000.0,0.6734802164,30829000.0,287641000.0,0.6494608166,0.46,0.45,616489000,619628000,https://www.sec.gov/Archives/edgar/data/879101/000143774923011592/0001437749-23-011592-index.htm,https://www.sec.gov/Archives/edgar/data/879101/000143774923011592/kim20230331_10q.htm,0.7184102230534527,0.4665792901414299,0.5599986374452748,0.5599986374452748,1.266462175318619,16.024357287802378,16.024357287802378,15.658190170465328,11.883511303526909,12040030170.0,18975601170.0,10.464459317343492,27.185025175437804,34.87508485573511,34.87508485573511,1.247270584108611,1.247270584108611,42.84475937700388,69.92210673515561,54.96462148751713,54.96462148751713,0.0238903886401141,0.0286737653581809,0.7525817089677495,0.4044683133876863,25.556488639629748,5.201310137972405,2.813444034841614,1.175157262676325,0.0123655836320881,0.5175965874127819,0.0784593083641158,0.0,0.0,0.0,0.0,0.0,0.0210728574912168,12.821084713443424,0.0087115012608145,0.0160145500065724,-11.475195420356243,875448000.0,9878840000.0,-6998566000.0,1007468000.0,303644500.0,205434000.0,1.0,61.58537521562819,133.625595016123,6.580823480378177e-07,1.461385916459614,0.6735236613101013,136761000.0,0.0297977789937369,0.0,2023-04-27,0.2,bmo,435830000.0,2025-04-25,2023-03-31,1.3,20.57951612903226,4763048.354838709
2022-12-31,KIM,USD,879101,2023-02-24,2023-02-24 16:19:21,2022,Q4,439834000.0,142620000.0,297214000.0,0.6757413024,3500000,31928000.0,0.0,31928000.0,124676000.0,156604000.0,299224000.0,42945000.0,60947000.0,124676000.0,265286000.0,0.6031502794,144631000.0,0.3288308771,-151283000.0,-6652000.0,-0.0151238876,57750000.0,-64402000.0,-0.1464234234,-0.1,-0.1,615856000,615856000,https://www.sec.gov/Archives/edgar/data/879101/000143774923004541/0001437749-23-004541-index.htm,https://www.sec.gov/Archives/edgar/data/879101/000143774923004541/kim20221231_10k.htm,0.7141831856797694,-0.1045731469694214,0.2522635161466316,0.2522635161466316,1.2138568106830168,15.81512886129225,15.785251747161674,15.450865137304824,11.906211841729236,13043830080.0,20165566080.0,-50.63441383807956,29.65625686054284,83.95982234580775,83.95982234580775,1.3707970273368484,1.3707970273368484,45.84812924876204,76.01443755041728,129.80062874135868,129.80062874135868,-0.0049373534924183,0.0119104587415784,0.7641804305140619,0.4079162590719394,26.84550258965795,197.48159969958687,2.373061840615617,-3.3006437357921348,0.0113891394696855,-2.3067296046706622,0.0725910229768503,0.0079575476202385,0.0010321930928106,0.0,0.0,0.0,0.0146737178117198,,0.0785744598627386,-0.0036165209677015,-11.545798854764753,1046461000.0,9721442000.0,-7034493000.0,1198594000.0,287056500.0,103907500.0,1.0,62.25153125952064,131.14114429953722,6.310475389145982e-07,1.4457475692412878,0.6862834732815244,142620000.0,-0.0067681094903183,0.0,2023-02-09,0.39,bmo,427842620.0,2025-04-25,2022-12-31,-0.0256410256410256,21.02015873015873,4609076.650793651
2022-09-30,KIM,USD,879101,2022-10-28,2022-10-28 10:42:58,2022,Q3,433403000.0,130738000.0,302665000.0,0.6983454199,0,29677000.0,0.0,29677000.0,125419000.0,155096000.0,285834000.0,52391000.0,52391000.0,125419000.0,272988000.0,0.6298710438,144323000.0,0.3329995408,-122084000.0,22239000.0,0.0513125198,-1039000.0,23278000.0,0.0537098267,0.0378,0.0377,615832000,618018000,https://www.sec.gov/Archives/edgar/data/879101/000143774922025020/0001437749-22-025020-index.htm,https://www.sec.gov/Archives/edgar/data/879101/000143774922025020/kim20220930_10q.htm,0.7037682354927968,0.0377992699307603,0.4277513997323945,0.4277513997323945,1.822940347367464,15.999684979020252,15.999684979020252,15.756024370282804,11.979622689304875,11337467120.0,18538980120.0,121.76161096314117,26.15918007028101,43.03901754972041,43.03901754972041,1.1684419601890703,1.1684419601890703,42.77538484966648,67.91133720163523,70.37722643808627,70.37722643808627,0.0020531922830396,0.023234731109853,0.7549207137044546,0.4088647142605406,26.380328073028853,261.4555013143072,2.7547288656448625,4.67302336307676,0.0125577431443082,6.1162041412492485,0.0684743760426208,0.0,0.0,0.0,0.0,0.0,0.014284626548501,3.660633812562936,0.00843459974848,0.0012993168120979,-10.940338841599656,1387186000.0,9853118000.0,-6669939000.0,1522615000.0,265013500.0,0.0,1.0,56.04444362406351,0.0,6.883997001636862e-07,1.6058683819524469,0.0,130738000.0,0.0023990360158399,0.0,2022-10-27,0.39,bmo,420203376.0,2025-04-25,2022-09-30,0.0512820512820511,21.0884375,3639590.140625
2022-06-30,KIM,USD,879101,2022-07-29,2022-07-29 16:43:20,2022,Q2,427198000.0,129929000.0,297269000.0,0.6958576585,0,27981000.0,0.0,27981000.0,124611000.0,152592000.0,282521000.0,0.0,56466000.0,124611000.0,275930000.0,0.645906582,133202000.0,0.3118038942,-311348000.0,-178146000.0,-0.4170103793,96000.0,-178242000.0,-0.4172350994,-0.3,-0.29,601352380,615642000,https://www.sec.gov/Archives/edgar/data/879101/000143774922018149/0001437749-22-018149-index.htm,https://www.sec.gov/Archives/edgar/data/879101/000143774922018149/kim20220630_10q.htm,0.71039545898197,-0.2964019199524911,0.4120412727060297,0.4120412727060297,2.2790364611178555,16.604252900770096,16.604252900770096,16.26509402024816,12.606593491822547,11888736552.6,19116477552.6,-16.674993201097383,27.82956978403457,47.98063036298037,47.98063036298037,1.2154863645662692,1.2154863645662692,44.74851837461785,69.2801708860943,77.15038845678862,77.15038845678862,-0.0149925098610263,0.0208417436877101,0.7692974365847931,0.413491439433476,26.194110825209293,306.1667292527225,2.3589770835547057,-1.8954156371675324,0.0109390093240444,-0.7296316244207314,0.0654989021484183,0.0,0.0,0.0,0.0,0.0,0.015170951174865,,0.0073258575319621,-0.0097948247922565,-11.053341136689273,1625318000.0,9985007000.0,-6581918000.0,1769410000.0,256913500.0,0.0,312002500.5,54.805031858763385,0.0,6.926860054337369e-07,1.6421849773199046,0.0,129929000.0,-0.0182231913067028,0.0,2022-07-28,0.38,bmo,415745353.0,2025-04-25,2022-06-30,0.0526315789473684,22.975,4896977.322580645
2022-03-31,KIM,USD,879101,2022-04-29,2022-04-29 13:28:46,2022,Q1,427249000.0,127620000.0,299629000.0,0.7012983061,0,29948000.0,0.0,29948000.0,130294000.0,160242000.0,287862000.0,0.0,57019000.0,130294000.0,269681000.0,0.6312033498,143308000.0,0.3354203287,63555000.0,206863000.0,0.4841743339,-153000.0,229588000.0,0.5373634578,0.37,0.37,614767000,616758000,https://www.sec.gov/Archives/edgar/data/879101/000143774922010192/0001437749-22-010192-index.htm,https://www.sec.gov/Archives/edgar/data/879101/000143774922010192/kim20220331_10q.htm,0.6949771214134786,0.37345530908458,0.3164629851634847,0.3164629851634847,2.7737191488807955,16.638241805431978,16.638241805431978,16.284267047515563,12.474778249320474,15184744900.0,22426489900.0,16.53477631670645,35.54073830482927,78.05020226058977,78.05020226058977,1.516801457991835,1.516801457991835,52.490444448085306,83.15932490609275,115.27306413228408,115.27306413228408,0.0151196481410761,0.012812266605809,0.7603676145211832,0.41049584759276,26.85300410484981,365.053671263511,2.513337659376699,0.8245118855394369,0.0081501533818984,0.5390438524661567,0.070094956336937,0.0,0.0,0.0,0.0,0.0,0.0175845935274278,11.697543957067642,0.0075994149686239,0.012380995882079,-9.93462604531473,1953512000.0,10228642000.0,-6356061000.0,2099296000.0,254182000.0,110154000.0,606672500.0,53.43916545152827,0.0,440.0599435825106,1.6841580372663951,0.0,0.2045175920064743,0.0229335043447077,0.0,2022-04-28,0.15,bmo,417134393.0,2025-04-25,2022-03-31,1.4666666666666668,24.13790322580645,5613140.387096774
2021-12-31,KIM,USD,879101,2022-03-01,2022-02-28 18:39:36,2021,Q4,424654000.0,133601000.0,291053000.0,0.6853885752,3100000,28985000.0,0.0,28985000.0,7976000.0,162618000.0,296219000.0,0.0,57479000.0,133633000.0,262068000.0,0.6171330071,125792000.0,0.2962223363,-86850000.0,38942000.0,0.0917028922,483000.0,78034000.0,0.1837590132,0.13,0.13,614150000,616612000,https://www.sec.gov/Archives/edgar/data/879101/000143774922004700/0001437749-22-004700-index.htm,https://www.sec.gov/Archives/edgar/data/879101/000143774922004700/kim20211231_10k.htm,0.6914499715053326,0.1270601644549377,0.3282667100871123,0.3282667100871123,2.5179548970121304,16.484021818773915,15.740889033623708,16.11884555890255,12.467573068468615,15138797500.0,22403615500.0,48.500645551938895,35.64972306866296,75.09137918206393,75.09137918206393,1.5292658466093207,1.5292658466093207,52.757340093346585,85.4877951524032,111.12628903053,111.12628903053,0.0051545705661232,0.0133171079142844,0.7676717219618302,0.4116907239582822,27.72111818306699,335.6464778233321,2.188486229753475,2.4601276403616885,0.0073437801119937,1.424712304892739,0.0682555680624696,0.0073000607553443,0.0247245289462451,0.0,0.0,0.0,0.0121958111780414,6.78832978497677,0.0067320319933214,0.0043345469961234,-10.263709598632255,1795713000.0,9667267000.0,-6534458000.0,2399566000.0,244879500.0,110154000.0,290385500.0,53.97554244161129,148.40996699126504,397.0075074288366,1.6674218716256275,0.6064282731448699,0.2266959649777717,0.0078827087207099,0.0,2022-02-10,0.37,bmo,392634425.0,2025-04-25,2021-12-31,0.0540540540540541,23.12390625,3800954.328125
2021-09-30,KIM,USD,879101,2021-11-05,2021-11-05 15:12:44,2021,Q3,368607000.0,106335000.0,262272000.0,0.7115220275,0,25904000.0,0.0,25904000.0,6696000.0,140142000.0,246477000.0,0.0,52126000.0,114238000.0,236368000.0,0.6412466394,76257000.0,0.206878871,411697000.0,487954000.0,1.3237784415,314000.0,497307000.0,1.3491523493,0.91,0.91,546842000,548766000,https://www.sec.gov/Archives/edgar/data/879101/000143774921025490/0001437749-21-025490-index.htm,https://www.sec.gov/Archives/edgar/data/879101/000143774921025490/kim20210930_10q.htm,0.6740649035736099,0.90941624820332,0.2260232388880151,0.2260232388880151,3.168366731158178,18.59990271412949,18.59990271412949,18.13011802312185,14.069552082685677,11346971500.0,18505196500.0,5.704208617614472,30.78338582826696,91.80471929384542,91.80471929384542,1.1445044082745042,1.1445044082745042,50.20305230231656,78.28977061192717,149.7196296086538,149.7196296086538,0.0438272890700395,0.0108926862114706,0.7707743655382977,0.4110533534805183,30.284238983280307,366.6936265374581,1.4629359628592258,0.242729829302205,0.0097703603115597,0.2229286939455909,0.0702753881505234,0.0,0.0,0.0,0.0,0.0,0.0154636238595577,19.260738252247616,0.0041004731125619,0.026750568206238,-11.91329488225118,1962312000.0,10171208000.0,-6451635000.0,2111515000.0,217601500.0,0.0,-7994000.0,57.39820459188241,0.0,-7.252644942869234,1.5679932959563043,0.0,-12.409265958688296,0.0501605255433812,0.0,2021-11-05,0.3,bmo,357680000.0,2025-04-25,2021-09-30,0.0666666666666667,21.37859375,5790856.421875
2021-06-30,KIM,USD,879101,2021-07-30,2021-07-30 13:58:49,2021,Q2,289016000.0,89484000.0,199532000.0,0.6903839234,0,24754000.0,0.0,24754000.0,1782000.0,97327000.0,186811000.0,0.0,46812000.0,72573000.0,174778000.0,0.604734686,117769000.0,0.4074826307,-20733000.0,97036000.0,0.3357461179,1275000.0,109671000.0,0.3794634207,0.25,0.25,431011000,432489000,https://www.sec.gov/Archives/edgar/data/879101/000143774921017996/0001437749-21-017996-index.htm,https://www.sec.gov/Archives/edgar/data/879101/000143774921017996/kim20210630_10q.htm,0.670553651762948,0.2544505824677328,0.3371143659906592,0.3371143659906592,2.371628566324293,13.428889285888296,13.428889285888296,13.241585481577037,12.428473983262608,8986579350.0,14066514350.0,20.48531368821293,31.093708825808957,61.84844700619408,61.84844700619408,1.5745848583622044,1.5745848583622044,48.67036548149584,80.48217939328748,96.81014693737096,96.81014693737096,0.0122038648665579,0.0161685547237726,0.9303919265063552,0.4593851398945334,29.06507111879069,227.78960119269476,2.515786550457148,1.240629109103639,0.0089080613303659,0.7299377228255418,0.0856492374124616,0.0,0.0,0.0,0.0,0.0,0.0201165333407147,8.706888400463734,0.0100593773650886,0.0094879955068474,-10.678019238488114,1216953000.0,5787999000.0,-4548604000.0,1316877000.0,200388000.0,0.0,-8707000.0,62.317968555374094,0.0,-7.461780877028296,1.4442062552155943,0.0,-12.061463809138695,0.0192160208323806,0.0,2021-07-29,0.12,bmo,272000000.0,2025-04-25,2021-06-30,1.1666666666666667,20.73952380952381,4801255.206349206
2021-03-31,KIM,USD,879101,2021-04-30,2021-04-30 15:19:37,2021,Q1,282308000.0,88491000.0,193817000.0,0.6865444833,0,24478000.0,0.0,24478000.0,3357000.0,99354000.0,187845000.0,0.0,47716000.0,74876000.0,169339000.0,0.5998377658,104468000.0,0.3700497329,16726000.0,121194000.0,0.4292970798,1308000.0,130796000.0,0.4633095768,0.3,0.3,430524000,432264000,https://www.sec.gov/Archives/edgar/data/879101/000143774921010421/0001437749-21-010421-index.htm,https://www.sec.gov/Archives/edgar/data/879101/000143774921010421/kim20210331_10q.htm,0.6557311555221079,0.3038065241426727,0.3446288708643421,0.3446288708643421,2.37348208229971,13.347267515864388,13.347267515864388,13.154465256292331,12.74035826109578,8072325000.0,13255787000.0,15.42922757576684,28.59403559233177,54.40635299350951,54.40635299350952,1.4253715095739896,1.4253715095739896,46.95505263754481,78.27958710043168,89.34216929184275,89.34216929184275,0.0162030146209425,0.0183802064460982,0.960094206341765,0.4647394895408883,30.60997171354502,227.8225866567275,2.189370441780534,1.0491143715750395,0.009915235077874,0.6119376739349828,0.0867067174858665,0.0,0.0,0.0,0.0,0.0,0.0228721821556597,9.482577616110971,0.0088368000044234,0.0111794290846528,-11.11680010870474,1217130000.0,5746319000.0,-4730888000.0,1318563000.0,209951500.0,73228500.0,-7437500.0,63.96896297660711,0.0,-10.165440553276603,1.4069322967282152,0.0,-8.85352676338169,0.0230953154099022,0.0,2021-04-29,0.1,bmo,282307999.0,2025-04-25,2021-03-31,2.0,17.6472131147541,5128711.016393443
2020-12-31,KIM,USD,879101,2021-02-23,2021-02-23 15:39:04,2020,Q4,269441000.0,91615000.0,177826000.0,0.6599812204,3200000,20901000.0,0.0,20901000.0,3725000.0,95196000.0,186811000.0,0.0,45887000.0,74295000.0,156925000.0,0.5824095071,80302000.0,0.2980318511,107946000.0,188248000.0,0.6986613025,496000.0,190693000.0,0.7077356453,0.46,0.45,430103000,431708000,https://www.sec.gov/Archives/edgar/data/879101/000143774921003766/0001437749-21-003766-index.htm,https://www.sec.gov/Archives/edgar/data/879101/000143774921003766/kim20201231_10k.htm,0.6264569184590668,0.4433658914260072,0.2882356086797814,0.1696175102242951,2.325354624357421,13.220177492368109,12.943611181507686,13.038839533786094,12.782951990569702,6455846030.0,11614757030.0,8.46366414865779,23.960147230748102,52.075453372159615,88.49322207448631,1.1511760660223065,1.1511760660223065,43.10686580735671,74.01470148159949,93.68930661203024,159.2087649582608,0.0295380340723522,0.0113003004812988,0.9721926218838512,0.4694218381199084,32.87501035526525,227.24375698844577,1.7499945518338529,0.6143291096586208,0.0117031911307835,0.3962075167940092,0.0775717132878812,0.0118764404823319,0.0102416824214012,0.411531729194731,0.1893475751648784,0.6866949323642237,0.0203458271012949,11.404910172544064,0.0068989153118209,0.0165884247690366,-11.081815286105886,1214024000.0,5567086000.0,-4709070000.0,1435345000.0,229556000.0,73228500.0,-2440000.0,73.23428876822754,143.8752387709436,-4.793974785788353,1.228932533021966,0.6255419679496371,-18.77356557377049,0.0340034778614433,0.1186180984554862,2021-02-11,0.3,bmo,606242249.0,2025-04-25,2020-12-31,0.0333333333333333,13.23015625,4661641.765625
2020-09-30,KIM,USD,879101,2020-11-05,2020-11-05 12:58:40,2020,Q3,259792000.0,86014000.0,173778000.0,0.6689120527,0,28795000.0,0.0,28795000.0,-900000.0,100499000.0,186513000.0,0.0,46942000.0,71704000.0,144083000.0,0.5546090719,72882000.0,0.2805398165,-132311000.0,-59429000.0,-0.2287560818,388000.0,-38394000.0,-0.1477874607,-0.0893,-0.0893,429994000,429994000,https://www.sec.gov/Archives/edgar/data/879101/000143774920022728/0001437749-20-022728-index.htm,https://www.sec.gov/Archives/edgar/data/879101/000143774920022728/kim20200930_10q.htm,0.6041758722214728,-0.0892896179946697,0.5313911356902654,0.418338395419471,2.0506518695609706,12.919645390400795,12.919645390400795,12.73263812983437,12.775092210588983,4841732440.0,9963026440.0,-31.526621607542843,18.636957412083515,21.189664719140463,26.91600896138045,0.8843414762268496,0.8843414762268496,38.35001247151568,69.14782757160803,43.60282036806057,55.38614788501415,-0.0079298062162228,0.0371526106056368,0.9947603251020372,0.472594607934335,35.5440544686049,209.02571748043235,1.552596821609646,-6.104758342461728,0.0102450931799114,-1.291972704068344,0.1108386709367494,0.0,0.0,0.212748637825773,0.1871189259099587,0.6779538101082226,0.0258706965572457,,0.0063685163691077,-0.0033316001677167,-11.412149936975863,1116266000.0,5555370000.0,-4847190000.0,1211073000.0,245007000.0,0.0,0.0,83.09632321241608,0.0,0.0,1.083080412233599,0.0,0.0,-0.0070126565354473,0.1130527402707944,2020-11-05,0.26,bmo,857313600.0,2025-04-25,2020-09-30,-0.0384615384615384,11.805625,5069537.375
2020-06-30,KIM,USD,879101,2020-08-07,2020-08-07 11:35:24,2020,Q2,238916000.0,80445000.0,158471000.0,0.6632917008,0,22504000.0,0.0,22504000.0,49000.0,96063000.0,176508000.0,0.0,48015000.0,73559000.0,135967000.0,0.5690995999,64120000.0,0.2683788444,669109000.0,733229000.0,3.0689824039,51000.0,736286000.0,3.0817776959,1.71,1.71,429967000,431170000,https://www.sec.gov/Archives/edgar/data/879101/000143774920017012/0001437749-20-017012-index.htm,https://www.sec.gov/Archives/edgar/data/879101/000143774920017012/kim20200630_10q.htm,0.5556612484213905,1.712424441875772,0.1911728109366532,0.1911728109366532,1.9425630339072533,13.1087199715327,13.1087199715327,12.92311037823833,12.7655308430647,5520776280.0,10759831280.0,1.87453526211282,23.107603844028866,67.1643626365605,67.1643626365605,0.9935688564280716,0.9935688564280716,45.03604312812872,79.13560849323733,130.90137570257184,130.90137570257184,0.1333663895541878,0.0148888482037891,0.9791651631752372,0.4706536435648189,38.53181286635728,202.2713380544167,1.335416015828387,0.1098730414185997,0.0230875140624245,0.1731134368981618,0.0941921009894691,0.0,0.0,0.0,0.0,0.0,0.0233429322439685,22.31415754015732,0.0055489171338917,0.0636927258461743,-11.398089853407354,1080022000.0,5636317000.0,-4838265000.0,1176459000.0,235182500.0,0.0,-650000.0,94.23186391869946,0.0,0.0,0.9550909454327404,0.0,0.0,0.1325086911552951,0.0,2020-08-07,0.23,bmo,9780187.13,2025-04-25,2020-06-30,0.0434782608695651,11.124761904761906,8544356.333333334
2020-03-31,KIM,USD,879101,2020-05-08,2020-05-08 16:39:17,2020,Q1,289744000.0,84895000.0,204849000.0,0.7069999724,0,21017000.0,0.0,21017000.0,-3422000.0,90414000.0,175309000.0,0.0,46060000.0,69397000.0,183832000.0,0.6344635264,115308000.0,0.3979651002,-24876000.0,65826000.0,0.227186758,43000.0,83060000.0,0.2866668507,0.19,0.19,429735000,430505000,https://www.sec.gov/Archives/edgar/data/879101/000143774920010088/0001437749-20-010088-index.htm,https://www.sec.gov/Archives/edgar/data/879101/000143774920010088/kim20200331_10q.htm,0.6742387750590481,0.1932819062910863,0.3612668272307352,0.3612668272307352,1.0513362886430009,11.38006445832897,11.38006445832897,11.191992739711685,13.604060642023573,4155537450.0,9503822450.0,12.507637400674213,14.342100095256502,26.76691927162172,26.76691927162172,0.8640105676345452,0.8640105676345452,32.800756702468384,51.69841186518125,61.2166419751496,61.2166419751496,0.019987787620588,0.0373595478004896,1.2059405882953458,0.5130484079180309,29.093329779363767,5.313474022123299,2.50343030829353,1.7175651904545908,0.0306229943854795,1.5320852395858415,0.0725364459660942,0.0,0.0,0.0,0.0,0.0,0.0203800596388536,6.976547718490008,0.0103082718503406,0.0073471044217609,-13.493000919171116,545538000.0,4890412000.0,-5742711000.0,643328000.0,219452000.0,85041000.0,-650000.0,68.40296951791926,0.0,-1.3781730372813477,1.3157323524737188,0.0,-65.30384615384615,0.017269659727823,0.0,2020-05-08,0.36,bmo,274494315.0,2025-04-25,2020-03-31,0.0277777777777778,17.176774193548386,5437853.838709678
2019-12-31,KIM,USD,879101,2020-02-25,2020-02-25 16:21:29,2019,Q4,296130000.0,90757000.0,205373000.0,0.6935231148,1700000,24646000.0,0.0,24646000.0,2927000.0,93085000.0,183842000.0,312006000.0,45757000.0,68439000.0,180727000.0,0.6102961537,136616000.0,0.4613379259,-42830000.0,93786000.0,0.316705501,263000.0,92152000.0,0.3111876541,0.22,0.22,422467000,423857000,https://www.sec.gov/Archives/edgar/data/879101/000143774920003500/0001437749-20-003500-index.htm,https://www.sec.gov/Archives/edgar/data/879101/000143774920003500/kim20191231_10k.htm,0.7009541573661374,0.2181282798419758,0.2394719587565419,0.3011170103226998,0.3155276033394324,11.709435293170827,11.365114908383378,11.515436708666002,12.910440342085892,8749291570.0,14033822570.0,23.73603277736783,29.545441427751324,86.48194180035387,68.77725033801842,1.798455458004001,1.798455458004001,47.39074923175632,77.65205293066337,138.71662831499768,110.3183863943653,0.0105325098909693,0.0145396914689859,1.1117364989808611,0.4917751778594886,29.240406801418715,2.713432693982926,2.985685250344209,0.9193587961069764,0.0148909199056444,1.4138054518621408,0.0832269611319353,0.0057407219802113,0.0132265647511467,0.2574207514159475,0.087944483841556,0.3805286459474861,0.0174754330868199,7.517742614644061,0.0125310884701216,0.0084913912614561,-13.61928919891968,216362000.0,4801386000.0,-5708381000.0,460951000.0,205062500.0,85041000.0,-18450000.0,66.46408671867086,168.66335379089216,0.0,1.354114747426711,0.5336073188226855,0.0,0.018942249899895,0.0616450515661578,2020-01-30,0.36,bmo,228827727.0,2025-04-25,2019-12-31,0.0277777777777778,20.98015625,3530365.875
2019-09-30,KIM,USD,879101,2019-10-25,2019-10-25 15:19:26,2019,Q3,282871000.0,80113000.0,202758000.0,0.7167860968,0,23832000.0,0.0,23832000.0,4327000.0,92706000.0,172819000.0,0.0,43146000.0,68874000.0,178926000.0,0.6325356788,99468000.0,0.3516373188,-38819000.0,60649000.0,0.2144051529,-3866000.0,83990000.0,0.2969197974,0.2,0.2,419823000,421002000,https://www.sec.gov/Archives/edgar/data/879101/000143774919020639/0001437749-19-020639-index.htm,https://www.sec.gov/Archives/edgar/data/879101/000143774919020639/kim20190930_10q.htm,0.6737863337644674,0.2000605016876159,0.4023838617703175,0.253087610731189,0.3365942313784619,11.905407755173014,11.905407755173014,11.67606586585299,12.97545632326004,8765904240.0,14028843240.0,26.092106917490177,30.98905239490793,51.89074906766116,82.50107517976132,1.78827357090064,1.78827357090064,49.5944909163541,78.40583950907079,83.0453042088439,132.03368633061024,0.0095814416517057,0.0121210541537925,1.1024847400416289,0.4875223396096988,29.41405385466617,2.636593424878965,2.3053817271589487,1.976876177547892,0.0155208175078125,1.6198833194427908,0.084250418035076,0.0,0.0,0.3710294204700172,0.2215780338033944,0.9100386212503992,0.0167602900261956,7.249702813519629,0.0096550020246112,0.0075768161873774,-13.86424755194451,206543000.0,4998164000.0,-5754221000.0,304753000.0,186902500.0,0.0,-39800000.0,60.90847064562999,0.0,-41.45394630085005,1.477626987609436,0.0,-2.1710840108401084,0.0171342388768719,0.1492962510391283,2019-10-24,0.36,bmo,343486214.0,2025-04-25,2019-09-30,0.0277777777777778,19.02875,3766691.875
2019-06-30,KIM,USD,879101,2019-07-26,2019-07-26 13:12:46,2019,Q2,284873000.0,83146000.0,201727000.0,0.7081295876,0,22633000.0,0.0,22633000.0,1938000.0,91638000.0,174784000.0,0.0,44097000.0,69005000.0,179094000.0,0.6286801487,107400000.0,0.3770101063,-42159000.0,65241000.0,0.229017843,-344000.0,85833000.0,0.3013026858,0.2,0.2,419697000,420646000,https://www.sec.gov/Archives/edgar/data/879101/000143774919014720/0001437749-19-014720-index.htm,https://www.sec.gov/Archives/edgar/data/879101/000143774919014720/kim20190630_10q.htm,0.6787587235553268,0.2045118263890378,0.3771077706059371,0.3771077706059371,0.2716030850828097,12.845340805390556,12.845340805390556,12.61362840334813,12.015411118020856,7533561150.0,12418305150.0,21.942496330082832,26.445332305974944,47.59912523456602,47.59912523456603,1.4230639611386835,1.4230639611386835,43.592425923130655,69.33959345371704,78.46229031218606,78.46229031218606,0.0113934165119241,0.0210087894487987,0.9442439622040604,0.452746935644666,27.274749572850013,2.27165414686494,2.4355398326416764,1.561058123822581,0.0176151752614366,1.5460836741113555,0.0794494388727608,0.0,0.0,0.0,0.0,0.0,0.0168741860407971,7.618517841327853,0.0098956838142593,0.0077740923908125,-12.914874897842967,165900000.0,5391151000.0,-5353392000.0,265897000.0,183009500.0,0.0,-21349999.5,57.61588497330389,0.0,-46.21990234046135,1.562069211324293,0.0,-1.9472131147540983,0.0162135604323616,0.0,2019-07-25,0.36,bmo,242142050.0,2025-04-25,2019-06-30,0.0,18.10253968253968,3712629.777777778
2019-03-31,KIM,USD,879101,2019-05-03,2019-05-03 11:33:44,2019,Q1,295010000.0,82935000.0,212075000.0,0.7188739365,0,25831000.0,0.0,25831000.0,2622000.0,97392000.0,180327000.0,0.0,44395000.0,71561000.0,186244000.0,0.6313141927,134103000.0,0.4545710315,-41773000.0,92330000.0,0.3129724416,630000.0,101010000.0,0.342395173,0.24,0.24,419464000,420763000,https://www.sec.gov/Archives/edgar/data/879101/000143774919008640/0001437749-19-008640-index.htm,https://www.sec.gov/Archives/edgar/data/879101/000143774919008640/kim20190331_10q.htm,0.7033023096141743,0.2408073160032803,0.3701342665878359,0.3407324585661702,0.3425156866858658,12.922544008544238,12.922544008544238,12.682559170751244,11.944486296797818,7625855520.0,12448069520.0,18.874011286011285,25.849481441307077,49.117311314070776,53.355644708763336,1.433464630855187,1.433464630855187,42.19541547744144,66.83742574257425,80.17667057414111,87.09511645968165,0.0132457269528757,0.018742159437083,0.9334589878675766,0.448581507109176,25.89191598118597,2.5092990095366594,3.020678004279761,1.3306535936509023,0.0173778534949217,1.311959211959212,0.0875597437375004,0.0,0.0,0.0794355202308415,0.0418053625300837,0.1723424770475538,0.0185654723568692,8.28952310233414,0.0121746744769897,0.009124496395729,-12.79787419063376,196879000.0,5420542000.0,-5322335000.0,301056000.0,184089000.0,87451500.0,-8599999.5,56.02691434188672,0.0,1.0851871947911014e-06,1.6063708140484618,0.0,82935000.0,0.0189872810969125,0.0294018080216657,2019-05-02,0.36,bmo,196673333.0,2025-04-25,2019-03-31,0.0277777777777778,17.163278688524592,3849921.983606557
2018-12-31,KIM,USD,879101,2019-02-15,2019-02-15 15:48:43,2018,Q4,284201000.0,80806000.0,203395000.0,0.7156730624,5300000,20022000.0,0.0,20022000.0,-1634000.0,95970000.0,176776000.0,399346000.0,42881000.0,74266000.0,180191000.0,0.634026622,111452000.0,0.3921590705,135946000.0,66937000.0,0.2355269686,2583000.0,69467000.0,0.2444291188,0.17,0.17,419258000,419886000,https://www.sec.gov/Archives/edgar/data/879101/000143774919002746/0001437749-19-002746-index.htm,https://www.sec.gov/Archives/edgar/data/879101/000143774919002746/kim20181231_10k.htm,0.6778666119668557,0.1656903386458934,0.2900481326534019,0.2952573355785697,0.3670365264347967,12.962746089520056,12.524180814677358,12.722008882358834,11.727272944106016,6142129700.0,10872420700.0,22.104487382498164,21.61192149218335,50.50885818839686,49.61773420901696,1.1515476946659458,1.1515476946659458,38.25609586173166,60.33831156939026,89.40767813823444,87.83026520934817,0.0113099207266821,0.0201540843398341,0.9137703597657508,0.4431155276340791,26.25153864510436,2.70884064424007,2.599099834425503,1.3827077671779595,0.0215762294957724,1.907725970604748,0.0704501391620719,0.0186487732273989,0.0167170041185187,0.0179597878376711,0.0076847020242715,0.0294078043788543,0.0132511849008272,6.886803619925375,0.0098585729104388,0.0064230730965634,-12.595313625500289,222597000.0,5250863000.0,-5211506000.0,9680068000.0,183984000.0,87451500.0,-24200000.0,58.43582534896077,194.8032324332351,-19.156993292577283,1.5401510881817393,0.4620046540082217,-4.698023255813953,0.0130239131396654,0.0052092029251677,2019-01-31,0.35,bmo,250765588.0,2025-04-25,2018-12-31,0.0,15.69936507936508,4114227.904761905
2018-09-30,KIM,USD,879101,2018-10-26,2018-10-26 13:42:10,2018,Q3,283080000.0,79829000.0,203251000.0,0.7179984457,0,21348000.0,0.0,21348000.0,5219000.0,97709000.0,177538000.0,50582000.0,44081000.0,74972000.0,177178000.0,0.6258937403,102206000.0,0.3610498799,-23374000.0,50582000.0,0.1786844708,-315000.0,81102000.0,0.2864985163,0.19,0.19,419230000,419764000,https://www.sec.gov/Archives/edgar/data/879101/000143774918018863/0001437749-18-018863-index.htm,https://www.sec.gov/Archives/edgar/data/879101/000143774918018863/kim20180930_10q.htm,0.6752379362163967,0.193454666889297,0.3920163156262672,0.3964768742694941,0.3778641795673019,13.062450206330654,13.062450206330654,12.828876750232569,11.7633637859886,6841833600.0,11582921600.0,21.090212325220097,24.169258160237387,41.630920320058415,41.162552116235,1.272130079486822,1.272130079486822,40.91748480994771,65.37449118965108,70.47930633727829,69.68637968895708,0.0118538398829226,0.0242939261194542,0.908748012829452,0.4399356191864618,26.758897831559224,2.8486523418008183,2.318595313173476,1.631620749565649,0.0193692228936991,1.6340040936105151,0.0754133107248834,0.0,0.0,0.0113785025403876,0.0066059064575385,0.0249426452542282,0.0142433234421364,7.472659283100094,0.0093669799058604,0.0073002247351618,-12.768547098251556,240811000.0,5476171000.0,-5262276000.0,9824479000.0,181945500.0,0.0,-23450000.0,58.321322594319625,0.0,-35.175186962131555,1.5431748800697775,0.0,-2.558621794871795,0.0150796262724864,0.0044605586432268,2018-10-25,0.36,bmo,193700000.0,2025-04-25,2018-09-30,0.0,16.781269841269843,3224916.603174603
2018-06-30,KIM,USD,879101,2018-07-27,2018-07-27 11:42:29,2018,Q2,293403000.0,81341000.0,212062000.0,0.7227669792,0,24029000.0,0.0,24029000.0,3277000.0,104840000.0,186181000.0,41192000.0,46434000.0,79760000.0,164109000.0,0.5593296592,84349000.0,0.2874851314,-43157000.0,41192000.0,0.1403939292,-720000.0,150271000.0,0.5121658606,0.36,0.36,420731000,421928000,https://www.sec.gov/Archives/edgar/data/879101/000143774918013867/0001437749-18-013867-index.htm,https://www.sec.gov/Archives/edgar/data/879101/000143774918013867/kim20180630_10q.htm,0.6973648245553572,0.357166455526215,0.3795940874335383,0.3795940874335383,0.7575101430605303,13.084676432209656,13.084676432209656,12.861448288811616,12.157768265233605,7148219689.999999,11911358690.0,11.892214216315857,24.36314451454143,44.758336766704026,44.75833676670402,1.3210020845614936,1.3210020845614936,40.59726277509092,72.58199544205375,74.58257114591095,74.58257114591095,0.0210221574765282,0.0223422064410558,0.9367065776415996,0.4488853531811583,29.024239986838012,4.070918610185626,1.8165352974113795,0.9631986200990296,0.0188116770093281,0.8948499710522988,0.0818975947757862,0.0,0.0,0.0,0.0,0.0,0.0178628030388237,10.166501498086369,0.0076892160553246,0.0133079957345974,-12.693283237983415,400024000.0,5505129000.0,-5256368000.0,10056728000.0,182492000.0,0.0,-10600000.0,55.352501508164536,0.0,-17.371313359806248,1.6259427767094667,0.0,-5.180955414012739,0.0277703138484738,0.0,2018-07-26,0.16,bmo,272314656.0,2025-04-25,2018-06-30,1.2499999999999998,15.10015625,4316618.46875
2018-03-31,KIM,USD,879101,2018-04-27,2018-04-27 10:10:42,2018,Q1,304078000.0,86583000.0,217495000.0,0.7152605581,0,22398000.0,0.0,22398000.0,6179000.0,105911000.0,192494000.0,60174000.0,49943000.0,81382000.0,192966000.0,0.6345937555,103938000.0,0.3418136136,-43764000.0,60174000.0,0.1978900151,52000.0,128902000.0,0.4239109702,0.3,0.3,423404000,424521000,https://www.sec.gov/Archives/edgar/data/879101/000143774918007904/0001437749-18-007904-index.htm,https://www.sec.gov/Archives/edgar/data/879101/000143774918007904/kim20180331_10q.htm,0.7181746039243843,0.3044420931309104,0.4541265552521941,0.4541265552521941,0.5430746993415272,13.03376444247102,13.03376444247102,12.811796770932729,12.156864365948362,6097017600.0,10976026600.0,11.824908845479513,20.05083432540335,31.70922253600237,31.70922253600237,1.1239641291118958,1.1239641291118958,36.0960891613336,56.88062456598572,57.083855231200495,57.083855231200495,0.0211418120229798,0.0315365663369579,0.9396736992415614,0.4482146496874654,25.284293606127505,3.296666641454061,2.081132491039785,1.335437763053715,0.021361427593714,1.010387736419916,0.0736587322989496,0.0,0.0,0.0,0.0,0.0,0.0170416800952387,9.368037685582207,0.0092389211629502,0.0113345330693281,-12.96247614571426,303640000.0,5518548000.0,-5418105000.0,10132221000.0,187145000.0,92851000.0,-13950000.0,54.61746657107716,0.0,-5.717057621011053,1.6478245083535197,0.0,-15.742363636363637,0.023762638338256,0.0,2018-04-26,0.15,bmo,152050000.0,2025-04-25,2018-03-31,1.0,15.400983606557377,5753069.131147541
2017-12-31,KIM,USD,879101,2018-02-23,2018-02-23 16:28:35,2017,Q4,315225000.0,84575000.0,230650000.0,0.7316995797,4600000,32060000.0,0.0,32060000.0,-1254000.0,118513000.0,203088000.0,2809000.0,52126000.0,85024000.0,197161000.0,0.6254611785,79086000.0,0.2508874613,-53380000.0,25706000.0,0.0815481006,1344000.0,72886000.0,0.2312189706,0.17,0.17,423734000,424088000,https://www.sec.gov/Archives/edgar/data/879101/000143774918003230/0001437749-18-003230-index.htm,https://www.sec.gov/Archives/edgar/data/879101/000143774918003230/kim20171231_10k.htm,0.7439218943960126,0.1720088546116195,0.2840579231310208,0.2840579231310208,0.5941888071290008,13.070204420697891,12.413322980926711,12.730260021617337,13.053125309746209,7690772099.999999,12931186100.0,26.3794559311802,24.397722579110155,63.89541893407552,63.89541893407552,1.4257367853586156,1.4257367853586156,41.02208295661829,65.58693707173326,107.43310846176216,107.43310846176216,0.009477071879428,0.0156505742771912,1.0156987707637994,0.4657475871165309,26.579364073016468,3.595048567793192,1.5172083029582166,1.4233261594494242,0.0162519443268901,1.7148697966687705,0.1017051312554524,0.0145927512094535,0.0236611257351624,0.0,0.0,0.0,0.0118233008168768,7.019162522523325,0.0064419574912096,0.006345979058774,-13.78822622211104,334481000.0,5259947000.0,-5762063000.0,10512810000.0,185884500.0,92851000.0,-18650000.0,54.17758743754461,197.61371563700857,-23.83683121489802,1.6612035392633735,0.4554339748629524,-3.775669642857143,0.0135118099959883,0.0,2018-02-15,0.38,bmo,278117647.0,2025-04-25,2017-12-31,0.0,18.72,3744453.523809524
2017-09-30,KIM,USD,879101,2017-10-27,2017-10-27 14:06:52,2017,Q3,294845000.0,74324000.0,220521000.0,0.7479217894,0,28588000.0,0.0,28588000.0,1101000.0,117732000.0,192056000.0,51935000.0,47258000.0,88443000.0,191232000.0,0.6485848497,99845000.0,0.3386355543,-47910000.0,51935000.0,0.1761433974,-697000.0,101431000.0,0.3440146518,0.24,0.24,423688000,424311000,https://www.sec.gov/Archives/edgar/data/879101/000143774917017736/0001437749-17-017736-index.htm,https://www.sec.gov/Archives/edgar/data/879101/000143774917017736/kim20170930_10q.htm,0.6959012292063972,0.2394002190290969,0.457369573837352,0.457369573837352,0.4027303109835539,12.802541020751118,12.802541020751118,12.304648703763146,13.213801193330942,8283100400.0,13677783400.0,20.415603710897063,28.093067204802523,42.74442621089678,42.74442621089678,1.5888304063504877,1.5888304063504877,46.38974172870491,71.52455342202141,70.5833534590416,70.5833534590416,0.0122455355002095,0.023394863111885,1.0648220754020654,0.4743767454455945,28.210147883199465,3.0435791352316053,2.1127639764695925,1.585569810826733,0.0155001139428419,1.2657767349232485,0.0969594193559327,0.0,0.0,0.0,0.0,0.0,0.0137733385338058,8.141194683953472,0.0087386851557644,0.0086676560498113,-14.110069201865524,251912000.0,5424283000.0,-5902776000.0,10384830000.0,179459500.0,0.0,-7450000.0,55.55827638250607,0.0,-18.04262418599645,1.6199206645715667,0.0,-4.988187919463087,0.0194560791447772,0.0,2017-10-25,0.37,amc,252602782.0,2025-04-25,2017-09-30,0.027027027027027,19.613333333333333,4181311.158730159
2017-06-30,KIM,USD,879101,2017-07-28,2017-07-28 14:48:03,2017,Q2,297176000.0,76947000.0,220229000.0,0.7410726304,0,27233000.0,0.0,27233000.0,1439000.0,124599000.0,201546000.0,21260000.0,46090000.0,95270000.0,190900000.0,0.642380273,65911000.0,0.2217911271,-44651000.0,21260000.0,0.0715400975,-1034000.0,131214000.0,0.4415363286,0.31,0.31,423650000,424944000,https://www.sec.gov/Archives/edgar/data/879101/000143774917013272/0001437749-17-013272-index.htm,https://www.sec.gov/Archives/edgar/data/879101/000143774917013272/kim20170630_10q.htm,0.701465832644872,0.3097226484126047,0.3375002950548802,0.3375002950548802,0.3719721468193084,13.03355128053818,13.03355128053818,12.348219048743069,12.831983949014516,7773977500.000001,13021058500.0,14.811638811407322,26.15950648773791,54.37032283783973,54.37032283783974,1.4860442568734524,1.4860442568734524,43.81598278461249,68.20879256155055,91.0678162286162,91.0678162286162,0.0168786184421038,0.0183923866514921,1.0303665057577214,0.4663463202264689,27.486018858040858,2.8632568435742987,1.4300499023649382,0.9244087564813738,0.0162694064910787,0.9639062904872956,0.0916392979244622,0.0,0.0,0.0,0.0,0.0,0.0139445984870918,9.276409321849847,0.006045024780792,0.0113523418628312,-13.564002714504898,232309000.0,5521664000.0,-5679668000.0,10194302000.0,176480500.0,0.0,0.5,53.57643282095459,0.0,0.0,1.6798430813930485,0.0,0.0,0.0250823739998466,0.0,2017-07-26,0.14,amc,236414119.0,2025-04-25,2017-06-30,1.214285714285714,19.615079365079364,5892388.158730159
2017-03-31,KIM,USD,879101,2017-04-28,2017-04-28 13:55:19,2017,Q1,293588000.0,75282000.0,218306000.0,0.7435794379,0,30574000.0,0.0,30574000.0,1273000.0,124052000.0,199334000.0,47428000.0,46482000.0,92074000.0,186328000.0,0.6346580923,92637000.0,0.3155340137,-45209000.0,47428000.0,0.1615461122,-493000.0,64647000.0,0.2201963296,0.15,0.15,423381000,424146000,https://www.sec.gov/Archives/edgar/data/879101/000143774917007424/0001437749-17-007424-index.htm,https://www.sec.gov/Archives/edgar/data/879101/000143774917007424/kim20170331_10q.htm,0.6934368807291778,0.1526922559113422,0.3709472083064662,0.3709472083064662,0.4137077478677597,12.888100788651355,12.888100788651355,12.30885419988143,12.21444750709172,9352486290.0,14309915290.0,36.16751856234628,31.855819345477336,59.55025271884472,59.55025271884471,1.7946430789807215,1.7946430789807215,48.74148565336458,76.7995968936499,91.11577878664392,91.11577878664392,0.0069122795795084,0.0167925399867119,0.9834107767011716,0.4556091838328568,26.60592610879739,2.998034969521976,1.9929650187169228,2.007952438790513,0.0135060342333845,1.9539189753584856,0.1041391337520607,0.0,0.0,0.0,0.0,0.0,0.0328044742973146,6.5029225043770245,0.0084144309887908,0.0057472076742518,-12.95439686594344,249115000.0,5456577000.0,-5418047000.0,9986016000.0,178938500.0,72875500.0,0.5,53.96971265855552,0.0,1.1955049015700965e-06,1.667601985754371,0.0,75282000.0,0.0124050747073446,0.0,2017-04-26,0.37,amc,274026666.0,2025-04-25,2017-03-31,0.0,24.02806451612903,3607901.1129032257
2016-12-31,KIM,USD,879101,2017-02-27,2017-02-24 20:16:56,2016,Q4,297026000.0,81912000.0,215114000.0,0.724226162,8000000,27462000.0,0.0,27462000.0,1196000.0,118157000.0,200069000.0,651000.0,43067000.0,90884000.0,187841000.0,0.6324059173,71817000.0,0.2417869143,-40818000.0,30999000.0,0.1043646011,-747000.0,66193000.0,0.2228525449,0.16,0.16,423087000,424249000,https://www.sec.gov/Archives/edgar/data/879101/000143774917003269/0001437749-17-003269-index.htm,https://www.sec.gov/Archives/edgar/data/879101/000143774917003269/kim20161231_10k.htm,0.7020447331163567,0.156452455405153,0.3487935105545668,0.2259322550681065,0.3559244316180833,12.975645670984928,12.279129351646352,12.423305372181137,12.076558721964986,10644868920.0,15568750920.0,40.203907210732254,35.83817214654609,72.1343695873145,111.36081473809747,2.0252259158290906,2.0252259158290906,52.41544820992102,82.88260241374354,105.50078552551332,162.87178357342373,0.006218301089235,0.0089798193588277,0.9638953612147624,0.4511217566292095,26.213031233862683,2.8558911634555924,1.6675644925348876,1.8289418238603967,0.0112667427754479,1.811868324445183,0.0924565526250227,0.0269336691064081,0.026239648816626,0.3522463915429965,0.1750048817275255,0.5719488578847762,0.0127227919441395,6.613038195022751,0.0066222820285524,0.0060528096739613,-12.890537289020934,231090000.0,5195140000.0,-5385166000.0,9912142000.0,176648500.0,72875500.0,-6700000.0,55.09305582676264,160.1424699677703,0.0,1.6335997096076953,0.5619995746169838,0.0,0.012593464518347,0.1228612554864602,2017-02-02,0.38,amc,259875000.0,2025-04-25,2016-12-31,0.0,26.346507936507937,3974887.301587302
2016-09-30,KIM,USD,879101,2016-10-28,2016-10-28 14:23:27,2016,Q3,285076000.0,73021000.0,212055000.0,0.7438542704,0,27983000.0,0.0,27983000.0,3473000.0,125902000.0,198923000.0,477000.0,46552000.0,96827000.0,182980000.0,0.641863924,76080000.0,0.2668762014,-87868000.0,-11788000.0,-0.0413503767,61426000.0,-43545000.0,-0.1527487407,-0.1,-0.1,420073000,420073000,https://www.sec.gov/Archives/edgar/data/879101/000143774916040513/0001437749-16-040513-index.htm,https://www.sec.gov/Archives/edgar/data/879101/000143774916040513/kim20160817_10q.htm,0.6786344278256399,-0.1036605542370016,0.544379191235809,0.3220487867584919,0.425368923972738,13.137759389439454,13.137759389439454,12.62032313431237,12.01360953929436,12161113350.0,16990609350.0,-69.81922924560799,42.65919737192889,53.17984314257102,89.8932124271902,2.2939190773404365,2.2939190773404365,59.600279749961416,92.85500792436332,74.2989489633941,125.592156869992,-0.003580675448601,0.0111243104234366,0.9431446864512908,0.4461891387388764,26.393573068094877,3.1632779169770435,1.6343014263619178,-5.503971310291711,0.0097568369428938,-2.724859340911701,0.0981597889685557,0.0,0.0,0.4084109166123693,0.3276143905484853,0.9645553409689446,0.0131193085352677,,0.0426159943402895,-0.0038858293454762,-12.823229533914343,255561000.0,5518818000.0,-5313587000.0,9937646000.0,172088000.0,0.0,-11200000.0,54.13524814435449,0.0,-16.515796825570725,1.662502770099257,0.0,-5.449328358208955,-0.0082137797213105,0.222330404477317,2016-10-27,0.17,amc,264586160.0,2025-04-25,2016-09-30,1.2352941176470589,30.458125,2466335.171875
2016-06-30,KIM,USD,879101,2016-07-29,2016-07-29 15:12:16,2016,Q2,291488000.0,71742000.0,219746000.0,0.7538766604,0,29928000.0,0.0,29928000.0,-2070000.0,113866000.0,185608000.0,644000.0,50479000.0,82753000.0,188633000.0,0.6471381326,53667000.0,0.1841139258,138433000.0,2176000.0,0.0074651444,-246000.0,190787000.0,0.6545278022,0.46,0.46,417748000,419302000,https://www.sec.gov/Archives/edgar/data/879101/000143774916035953/0001437749-16-035953-index.htm,https://www.sec.gov/Archives/edgar/data/879101/000143774916035953/kim20160630_10q.htm,0.6977603722818542,0.4567035629135268,0.1888483008895315,0.321456954910616,0.8254282486092094,13.241138198148166,13.241138198148166,12.720891542269502,12.541762019207752,13108932240.0,17959934240.0,17.177444270311916,44.97245938083214,166.1651169334905,97.61804658644108,2.466808233977096,2.466808233977096,61.61466077505764,95.21098768508162,227.65504607623177,133.7419146908138,0.0145539695001123,0.0102440074859979,0.9764194570434616,0.4554617486415543,25.716613742028173,4.632482435797598,1.0631549753362786,0.3851234585981664,0.0090341454080168,0.6207341171044148,0.1026731803710615,0.0,0.0,0.7021967017784031,0.1900489900098803,0.6694258818411417,0.0126077231309693,11.433185078655823,0.0052976573941514,0.016746819291965,-12.90520960004596,424481000.0,5531459000.0,-5319635000.0,9889775000.0,185353500.0,0.0,-4500000.0,53.323567350971565,0.0,-11.290457472610186,1.6878090583780152,0.0,-7.971333333333333,0.0359018517999287,0.1326086540210845,2016-07-27,0.16,amc,101391304.0,2025-04-25,2016-06-30,1.875,28.79359375,2769320.890625
2016-03-31,KIM,USD,879101,2016-04-29,2016-04-29 12:06:44,2016,Q1,297202000.0,71843000.0,225359000.0,0.7582687869,0,31929000.0,0.0,31929000.0,-580000.0,120260000.0,192103000.0,46638000.0,52451000.0,84856000.0,189955000.0,0.6391444203,99259000.0,0.333978237,-52621000.0,46638000.0,0.1569235739,12112000.0,128529000.0,0.4324634424,0.31,0.31,412630000,414145000,https://www.sec.gov/Archives/edgar/data/879101/000143774916030329/0001437749-16-030329-index.htm,https://www.sec.gov/Archives/edgar/data/879101/000143774916030329/kim20160330_10q.htm,0.7202627050868817,0.3114872888544216,0.3319099435329471,0.3319099435329471,0.5518648668298476,13.096628941182171,13.096628941182171,12.559966555994476,12.63823037588154,11875491400.0,16815953400.0,23.09885590022485,39.95764294991285,86.7102675311779,86.71026753117789,2.291407375305806,2.291407375305806,56.58088909226721,88.52598457529415,122.78361955664592,122.78361955664592,0.01082304686777,0.011532659608511,0.9961106537061668,0.4589115772887011,26.008591508515178,3.65015304678859,1.8924138719948145,0.9634340222575516,0.0098547500948044,0.9105338094904653,0.1074319822881407,0.0,0.0,0.0,0.0,0.0,0.0265038593279991,9.38222113569867,0.0066004655290252,0.0114254489655012,-13.254196859171657,309090000.0,5404062000.0,-5419578000.0,9655445000.0,198540500.0,75029500.0,0.0,59.96073377702707,0.0,0.0,1.5009822984268073,0.0,0.0,0.0248000094160886,0.0,2016-04-27,0.14,amc,236434804.0,2025-04-25,2016-03-31,1.214285714285714,26.99852459016393,3234815.672131148
2015-12-31,KIM,USD,879101,2016-02-26,2016-02-26 16:52:36,2015,Q4,300870000.0,80729000.0,220141000.0,0.7316814571,10700000,33413000.0,0.0,33413000.0,2134000.0,120259000.0,200988000.0,1050000.0,56152000.0,86095000.0,172129000.0,0.5721042311,82407000.0,0.2738957025,344601000.0,29882000.0,0.0993186426,48297000.0,358064000.0,1.19009539,0.87,0.87,411667000,413346000,https://www.sec.gov/Archives/edgar/data/879101/000143774916026173/0001437749-16-026173-index.htm,https://www.sec.gov/Archives/edgar/data/879101/000143774916026173/kim20151231_10k.htm,0.730857707807524,0.8697903888336933,-0.0572865932902078,0.5836124829048721,0.4787826082731917,12.798354009429952,11.966349015102011,12.258208697806722,13.196253282386008,10892708820.0,16079484820.0,7.605280634188301,36.20403769069698,-461.8881745325023,45.3383037119049,2.1585535580524344,2.1585535580524344,53.44329717153588,93.41531537393466,-681.8252478480262,66.92702231804674,0.0328718967813187,0.0220564052496172,1.065396429066841,0.4739270943641452,30.133074612645167,3.439556527929711,1.4675701666904115,-0.0622717586761409,0.0105655996044517,0.3214174002412976,0.1110546083025891,0.035563532422641,0.0301925103209392,-11.187592757494803,0.8769136171768538,3.064486904001394,0.0104796091335128,15.48859652994977,-0.0045225722066343,0.0325463552688675,-13.916842982313376,280993000.0,4926151000.0,-5679336000.0,9683047000.0,185917000.0,75029500.0,-11700000.0,59.550104696380494,167.29192731236606,0.0,1.5113323554823284,0.5379817271873063,0.0,0.0709557497572478,0.64089907619508,2016-02-02,0.35,amc,34586206.0,2025-04-25,2015-12-31,0.0571428571428572,26.03984375,3116207.03125
2015-09-30,KIM,USD,879101,2015-11-05,2015-11-05 16:25:28,2015,Q3,288382000.0,74399000.0,213983000.0,0.7420123309,0,27310000.0,0.0,27310000.0,615000.0,132938000.0,207337000.0,5692000.0,54031000.0,103708000.0,185198000.0,0.6421968084,74987000.0,0.2600266313,-47279000.0,27708000.0,0.0960808927,2844000.0,62594000.0,0.2170523819,0.15,0.15,411487000,412686000,https://www.sec.gov/Archives/edgar/data/879101/000143774915019848/0001437749-15-019848-index.htm,https://www.sec.gov/Archives/edgar/data/879101/000143774915019848/kim20151103_10q.htm,0.7008289447783284,0.1521165917756818,0.4321861930024521,0.4321861930024521,0.4692784948248669,12.59431525175765,12.59431525175765,11.975381968324635,13.494027757863554,10052627410.0,15370300410.0,40.150123853724,34.85872006574613,56.526562846169845,56.52656284616985,2.040018436540757,2.040018436540757,53.29840423466097,82.9938790375706,86.42817610310449,86.42817610310449,0.0062266308545101,0.0176907979125031,1.1158492558618458,0.4817411694286587,28.71344722945172,3.5169268030139937,1.3878514186300457,2.193268708993143,0.011312664377362,1.816819503466786,0.0947007788280822,0.0,0.0,0.0,0.0,0.0,0.0109507528209111,6.4021263288265216,0.0059535653888655,0.0054839747453649,-14.388343981705376,280587000.0,5182397000.0,-5839520000.0,9694834000.0,175263000.0,0.0,-11699999.5,53.91536226255453,0.0,-28.30683208107636,1.6692830433322914,0.0,-3.1794444444444445,0.0127024417407341,0.0,2015-11-04,0.37,amc,288400000.0,2025-04-25,2015-09-30,-0.027027027027027,24.0125,3539517.0
2015-06-30,KIM,USD,879101,2015-08-03,2015-08-03 15:09:14,2015,Q2,294061000.0,75821000.0,218240000.0,0.7421589398,0,29307000.0,0.0,29307000.0,470000.0,110569000.0,186390000.0,32102000.0,56130000.0,80155000.0,188742000.0,0.6418464196,92212000.0,0.3135811957,23843000.0,69570000.0,0.236583566,-3628000.0,111969000.0,0.3807679359,0.27,0.27,411317000,413086000,https://www.sec.gov/Archives/edgar/data/879101/000121390015005627/0001213900-15-005627-index.htm,https://www.sec.gov/Archives/edgar/data/879101/000121390015005627/f10q0615_kimcorealtycorp.htm,0.7149254711086583,0.272220695959564,0.298808461600177,0.3299863608846705,0.4135083159704072,12.70791141625559,12.70791141625559,12.091856159604392,13.599977632823345,9271085180.0,14663025180.0,20.70011605890916,31.52776185893403,75.43293747203124,68.30585342852301,1.8640645160252585,1.8640645160252585,49.86388939709788,77.68819436055568,119.3037319881209,108.03163052847954,0.012077226972474,0.0146400337570838,1.1134364621422048,0.4829183912801125,28.56778035625351,3.32727109595801,1.6428291466239089,0.9631373962651536,0.0122556311148033,1.0147719458064286,0.0996629950928548,0.0,0.0,0.1043407509865343,0.0436099992858624,0.1599900193375335,0.0127864626727107,8.605940026065433,0.0085436813863977,0.0097641956644735,-14.43391593223718,259386000.0,5226980000.0,-5869483000.0,9686068000.0,178067500.0,0.0,1.0,54.40748688197347,0.0,1.1870062383772306e-06,1.654184105125782,0.0,75821000.0,0.0225127302513719,0.0311778992844934,2015-07-28,0.42,amc,217851851.0,2025-04-25,2015-06-30,0.0476190476190476,24.42047619047619,2548454.333333333
2015-03-31,KIM,USD,879101,2015-05-07,2015-05-07 16:18:47,2015,Q1,283456000.0,73528000.0,209928000.0,0.740601716,0,32705000.0,0.0,32705000.0,-985000.0,109571000.0,183099000.0,217000.0,52578000.0,74569000.0,176062000.0,0.6211263829,93966000.0,0.3315011854,-52210000.0,41756000.0,0.1473103409,12717000.0,294428000.0,1.0387079476,0.72,0.71,410433000,415396000,https://www.sec.gov/Archives/edgar/data/879101/000139843215000220/0001398432-15-000220-index.htm,https://www.sec.gov/Archives/edgar/data/879101/000139843215000220/kim20150331_10q.htm,0.6906267283576125,0.7173594715824507,0.5275891558427319,-0.6184882794512138,0.7948434945533132,12.9094371066654,12.9094371066654,12.214354108953229,14.06765294213672,11020126050.0,16520400050.0,9.357233389827057,38.87773075891849,50.89187240232752,-43.412302046894204,2.1982333048882805,2.1982333048882805,58.28206158980583,93.83285461939543,76.29260205966565,-65.0798905250386,0.0267172987553985,-0.0230349452309576,1.1412432522788956,0.4875835699130587,31.240551623859776,5.190648095764074,1.787173342462627,0.6923984536626389,0.0102902634221683,0.3851535859361202,0.1153794592458794,0.0,0.0,2.172291493488501,1.6594744863400317,6.3080904933685575,0.0296130616391962,14.04089949788444,0.0056225431168555,0.0250921092821066,-14.558828723567547,466658000.0,5298459000.0,-5857414000.0,9958542000.0,212383000.0,9182999.5,0.5,56.6332340821856,0.0,1.224023501251224e-06,1.589172885118884,0.0,73528000.0,0.0587308559407672,1.1460774352939456,2015-05-06,0.35,amc,47915492.0,2025-04-25,2015-03-31,0.0285714285714286,26.84622950819672,2924110.426229508
2014-12-31,KIM,USD,879101,2015-02-27,2015-02-27 17:04:31,2014,Q4,264512000.0,71095000.0,193417000.0,0.731222024,9200000,27675000.0,0.0,27675000.0,-4238000.0,101230000.0,172325000.0,323000.0,49823000.0,72767000.0,158822000.0,0.6004340068,80767000.0,0.3053434249,1435000.0,27614000.0,0.1043960198,7727000.0,52780000.0,0.1995372611,0.13,0.13,409740000,411000000,https://www.sec.gov/Archives/edgar/data/879101/000139843215000073/0001398432-15-000073-index.htm,https://www.sec.gov/Archives/edgar/data/879101/000139843215000073/kim20141231_10k.htm,0.6455605994045004,0.1288133938595206,0.2912529897007859,0.2912529897007859,0.6773978620588667,12.18637428613267,11.514784985600624,11.653206911700105,11.397766876555863,10300863600.0,14733839600.0,48.79151004168246,38.942897108637794,86.31671051970034,86.31671051970035,2.157346058513629,2.157346058513629,55.7019704210017,92.7695130397552,123.46310144296034,123.46310144296034,0.0051238422378488,0.0115852422315348,0.9676452447597116,0.4491950399621689,27.91159914873254,4.714251009960141,1.6210786183088133,2.3509781131183387,0.0103995164055953,2.0296324365289884,0.1046266331962255,0.0347810307282845,0.0267532837733994,0.0,0.0,0.0,0.0129067868376481,5.811583730961343,0.0057168553111725,0.0052724370516667,-11.788272441060183,412813000.0,4718068000.0,-4768527000.0,8425171000.0,203778500.0,9182999.5,-25900000.0,83.83706599322527,23.24973500246149,0.0,1.0735108502875417,3.871011862736135,0.0,0.0110539008562689,0.0,2015-02-05,0.35,amc,406333333.0,2025-04-25,2014-12-31,0.0,24.47171875,3327047.546875
2014-09-30,KIM,USD,879101,2014-11-03,2014-11-03 15:04:24,2014,Q3,262046000.0,67255000.0,194791000.0,0.743346588,0,28674000.0,0.0,28674000.0,-1238000.0,98854000.0,166109000.0,269000.0,51578000.0,69188000.0,160292000.0,0.61169413,89796000.0,0.3426726605,-51941000.0,37666000.0,0.1437381223,5366000.0,179704000.0,0.6857727269,0.44,0.44,409326000,411101000,https://www.sec.gov/Archives/edgar/data/879101/000139843214000384/0001398432-14-000384-index.htm,https://www.sec.gov/Archives/edgar/data/879101/000139843214000384/kim20140930_10q.htm,0.6401889936138921,0.4390241518984867,0.4492946942046193,0.4492946942046193,0.5651070296047649,12.037129329678544,12.037129329678544,11.51276732970786,11.601742865100189,8968332660.0,13511459660.0,12.476534551262075,34.22426848721217,48.76532103008026,48.76532103008026,1.903104559705887,1.903104559705887,51.56140395197789,84.29278853592194,73.46858026839507,73.46858026839507,0.02003761533083,0.0205063758194714,0.9967834312118368,0.4563509870729357,28.34281810695481,3.9595929733544417,1.7409748342316491,0.9320811518987984,0.0119364439365031,0.5957018207719361,0.1094235363256832,0.0,0.0,0.0,0.0,0.0,0.0123985865077123,10.66412750959571,0.0075579850373803,0.0174584976447097,-12.312483204096493,310337000.0,4927110000.0,-4950906000.0,8273338000.0,173386500.0,0.0,-25899999.5,55.349900399166565,0.0,-69.31826629990336,1.6260191861403095,0.0,-1.2983590733590733,0.0381336771017352,0.0,2014-10-28,0.13,amc,75399999.0,2025-04-25,2014-09-30,2.3846153846153846,22.91625,2332887.75
2014-06-30,KIM,USD,879101,2014-08-01,2014-08-01 12:46:57,2014,Q2,260249000.0,67413000.0,192836000.0,0.7409673044,0,28827000.0,0.0,28827000.0,-322000.0,96691000.0,164104000.0,411000.0,52821000.0,65963000.0,132391000.0,0.5087089672,7772000.0,0.0298637074,-52198000.0,-44532000.0,-0.1711130494,-586000.0,74438000.0,0.286026075,0.18,0.18,408902000,413344000,https://www.sec.gov/Archives/edgar/data/879101/000139843214000289/0001398432-14-000289-index.htm,https://www.sec.gov/Archives/edgar/data/879101/000139843214000289/kim20140630_10q.htm,0.636458124440575,0.182043619253513,0.3535908359460213,0.3535908359460213,0.6534621987664526,11.836777516373116,11.836777516373116,11.314760015847318,11.697648825390925,9396567960.0,13934755960.0,31.558370590289908,36.1060674968972,64.99037210203065,64.99037210203065,2.030975466365569,2.030975466365569,53.54393661454992,105.25455627648404,96.37827117800032,96.37827117800032,0.007921828514078,0.0153868945146223,1.022423026013762,0.4642000311666738,34.27867453225672,4.321350180367606,0.1471384487230457,1.5724197933659598,0.0113804317124313,1.4365915258335795,0.1107669962228481,0.0,0.0,0.0,0.0,0.0,0.0118232923085199,6.807719658304836,0.0007604642562679,0.0073047382372302,-12.090615231767025,348031000.0,4840082000.0,-4897473000.0,8180688000.0,172071500.0,0.0,-17949999.5,64.18987200719312,0.0,1.3350540696898224e-06,1.402090348301592,0.0,67413000.0,0.0160890393608476,0.0,2014-07-29,0.34,amc,177666666.0,2025-04-25,2014-06-30,0.0,22.70380952380952,2531387.476190476
2014-03-31,KIM,USD,879101,2014-05-08,2014-05-08 11:44:18,2014,Q1,246878000.0,64284000.0,182594000.0,0.7396122781,0,37219000.0,0.0,37219000.0,-2218000.0,100167000.0,164451000.0,50000.0,50636000.0,61231000.0,135662000.0,0.5495102844,78595000.0,0.318355625,-54842000.0,27490000.0,0.1113505456,7730000.0,72005000.0,0.2916622785,0.18,0.18,408367000,409444000,https://www.sec.gov/Archives/edgar/data/879101/000139843214000193/0001398432-14-000193-index.htm,https://www.sec.gov/Archives/edgar/data/879101/000139843214000193/kim20140331_10q.htm,0.6045493391973397,0.1763242377567237,0.4444849853195777,0.3389181789909566,0.8135402713735439,11.836531845129503,11.836531845129503,11.306523298895357,10.850489877977408,8935069960.0,13046504960.0,31.02239413929588,36.19224864102917,49.22550979819627,64.55835465994234,1.9351660472090184,1.9351660472090184,52.8459601908635,96.16919225722752,71.87642185408208,94.2646110272176,0.0080586945958283,0.0154898619282886,0.9486995504428972,0.4454424414337761,30.306460173077205,4.912830801566829,1.5521565684493246,1.8935218026288336,0.0119486473500426,1.4827025900979098,0.1507586743249702,0.0,0.0,0.2375036498763174,0.1746206628375148,0.6990886387960951,0.032967700645663,6.697485894200758,0.0058068112566091,0.0073222715729394,-11.183271420070673,409556000.0,4833649000.0,-4485822000.0,7798585000.0,161427000.0,62145000.0,-53100000.0,57.79178379604501,0.0,-50.26134030240807,1.557314796124344,0.0,-1.7906406685236769,0.0155949121666737,0.105566806328621,2014-05-07,0.34,amc,177488888.0,2025-04-25,2014-03-31,0.0,21.295245901639344,3241010.344262295
2013-12-31,KIM,USD,879101,2014-02-26,2014-02-26 16:23:59,2013,Q4,247620000.0,68672000.0,178948000.0,0.7226718359,7600000,31663000.0,0.0,31663000.0,2417000.0,98205000.0,166877000.0,7435000.0,51317000.0,65492000.0,157728000.0,0.6369760116,77898000.0,0.314586867,-26333000.0,38074000.0,0.1537597932,6788000.0,46686000.0,0.1885388902,0.11,0.11,408139000,408995000,https://www.sec.gov/Archives/edgar/data/879101/000139843214000081/0001398432-14-000081-index.htm,https://www.sec.gov/Archives/edgar/data/879101/000139843214000081/kim20131231_10k.htm,0.6067050686163292,0.114387500336895,0.0886805720600089,-0.174122051555965,0.5182891122877255,11.897120833833572,11.40578577396426,11.350096413231766,10.468781469058335,8060745250.0,12133378250.0,43.16468132844964,32.55288446005977,222.7094338840692,-113.42618481411644,1.7400733245733275,1.7400733245733275,48.999992932719486,76.92596273331304,335.2317580261922,-170.733940984437,0.0057917721689567,-0.0088163064078969,0.9112739634622704,0.4368338812640798,25.82060889632785,3.886301868014087,1.5179764990159206,0.5993872650492672,0.0124802356208937,2.154821573919376,0.1278693158872466,0.0306921896454244,0.0207513118776277,2.963474609051224,0.4331637186010823,1.6145104237224357,0.0153339794846942,5.4048086033714124,0.006696213518012,0.0049334800224493,-11.046046812483002,301607000.0,4655146000.0,-4401848000.0,7492201000.0,162226000.0,62145000.0,-35149999.5,59.7259510540344,162.89171714818266,-92.13362068965516,1.506882660078137,0.5525142811167431,-0.9768421052631578,0.0100781082532077,0.2628026236159739,2014-02-05,0.34,amc,242390909.0,2025-04-25,2013-12-31,-0.0294117647058823,20.66546875,3560218.78125
2013-09-30,KIM,USD,879101,2013-11-01,2013-11-01 17:21:23,2013,Q3,241497000.0,61766000.0,179731000.0,0.7442369885,0,30961000.0,0.0,30961000.0,2878000.0,96237000.0,158003000.0,481000.0,53991000.0,63158000.0,85958000.0,0.355938169,8729000.0,0.0361453765,8223000.0,-40308000.0,-0.1669089057,24238000.0,55763000.0,0.2309055599,0.14,0.14,408060000,408866000,https://www.sec.gov/Archives/edgar/data/879101/000139843213000713/0001398432-13-000713-index.htm,https://www.sec.gov/Archives/edgar/data/879101/000139843213000713/kim20130930_10q.htm,0.5918173797970887,0.136653923442631,0.657533205901093,0.657533205901093,1.201749742684899,12.071888937901289,12.071888937901289,11.512000686173602,10.86762485908935,8234650800.0,12213572800.0,36.918076502340256,34.098356501323,30.690465240223173,30.690465240223173,1.7529533354039,1.7529533354039,50.57442866785095,142.08768002978198,45.51986970441239,45.51986970441239,0.0067717504183662,0.0325834096085774,0.9325323831149908,0.440130335547422,46.28914120849717,7.080155388777025,0.1616750939971476,4.691771000909282,0.0122154542363836,1.803884296038592,0.1282044911530992,0.0,0.0,0.0,0.0,0.0,0.0,5.94946227485286,0.0014183949822529,0.0056025879026982,-10.823269861049846,597886000.0,4926055000.0,-4330804000.0,7781453000.0,160262000.0,0.0,-10699999.5,59.67502701896918,0.0,1.4571123271702878e-06,1.508168567253288,0.0,61766000.0,0.0118705624823978,0.0,2013-10-29,0.33,amc,243649999.0,2025-04-25,2013-09-30,0.0,21.3271875,3063254.25
2013-06-30,KIM,USD,879101,2013-08-02,2013-08-02 17:20:13,2013,Q2,246128000.0,63683000.0,182445000.0,0.7412606449,0,31420000.0,0.0,31420000.0,-2526000.0,98095000.0,161778000.0,6500000.0,55423000.0,63409000.0,121517000.0,0.4937146525,48984000.0,0.1990183969,-22700000.0,-480000.0,-0.0019502048,-11830000.0,51139000.0,0.2077740038,0.13,0.13,407640000,408831000,https://www.sec.gov/Archives/edgar/data/879101/000139843213000558/0001398432-13-000558-index.htm,https://www.sec.gov/Archives/edgar/data/879101/000139843213000558/kim20130723_10q.htm,0.6037876557747032,0.1254513786674516,0.2836890393484447,0.2836890393484447,0.5579898930428809,12.14740211951722,12.14740211951722,11.58442007653812,11.088698361299183,8584898399.999999,12893222400.0,41.9684506932087,34.87981213027368,74.23621317330058,74.23621317330058,1.817958936300379,1.817958936300379,52.38421634271599,106.10221121324588,111.49159395726502,111.49159395726502,0.0059568555872484,0.01347051468891,0.9454713863429752,0.4469927379275566,35.454496078737954,4.698096129202856,0.8838207964202588,2.1708026730740357,0.0118137682328308,1.98322219832222,0.1276571540011701,0.0,0.0,0.0,0.0,0.0,0.0170642917506338,5.71828934800031,-0.1171132981366805,0.0051198026204411,-11.52891399273869,363619000.0,4951767000.0,-4574759000.0,7744720000.0,162454000.0,0.0,-10699999.5,58.65167717610349,0.0,-30.24355008400986,1.5344829736031622,0.0,-2.975841121495327,0.0108293188470891,0.0,2013-07-30,0.33,amc,283600000.0,2025-04-25,2013-06-30,0.0606060606060604,22.8853125,3751150.390625
2013-03-31,KIM,USD,879101,2013-05-06,2013-05-06 11:47:29,2013,Q1,241178000.0,62029000.0,179149000.0,0.7428082163,0,34119000.0,0.0,34119000.0,-3485000.0,98817000.0,160846000.0,2663000.0,53624000.0,62738000.0,137743000.0,0.5711258904,77134000.0,0.3198218743,4700000.0,24077000.0,0.0998308303,15133000.0,52807000.0,0.2189544652,0.13,0.13,406662000,407666000,https://www.sec.gov/Archives/edgar/data/879101/000139843213000343/0001398432-13-000343-index.htm,https://www.sec.gov/Archives/edgar/data/879101/000139843213000343/kim_10q-033113.htm,0.5930674614298853,0.129854768825216,0.3685739016677241,0.1520796140283577,0.5992199910490776,12.398778346636764,12.398778346636764,11.773253955373258,11.077250886485585,9088895700.0,13373074700.0,43.02883945310281,37.68542611680999,60.639127998131904,146.96249818093622,1.8983706700558824,1.8983706700558824,55.44898249425735,97.08714562627502,89.22223504686927,216.23534157975584,0.0058100567707031,0.0068044570035059,0.9296824072343184,0.4423718933971785,31.102698503735212,4.846413731897212,1.4384230941369536,2.1257871447211665,0.010754221769758,1.850966727895923,0.1414681272752904,0.0,0.0,0.5873836608066184,0.3650415875411522,1.4025138196358309,0.0451948353498246,5.86500608189369,0.0028760678926815,0.0052482474618198,-11.44109973270185,381395000.0,5042112000.0,-4539172000.0,7785865000.0,168025000.0,55940500.0,-1699999.5,61.38992777118975,0.0,1.4509342404359251e-06,1.4660385386906571,0.0,62029000.0,0.0110296413648625,0.2164942876393663,2013-05-01,0.32,amc,166725000.0,2025-04-25,2013-03-31,0.03125,21.17866666666667,3039060.25
2012-12-31,KIM,USD,879101,2013-02-27,2013-02-27 14:21:58,2012,Q4,239542000.0,70841000.0,168701000.0,0.7042648053,5500000,29166000.0,0.0,29166000.0,-1802000.0,93316000.0,164157000.0,1060000.0,56043000.0,64070000.0,121522000.0,0.5073097828,56922000.0,0.2376284743,-28096000.0,2321000.0,0.0096893238,-802000.0,88381000.0,0.368958262,0.22,0.22,406345000,406837000,https://www.sec.gov/Archives/edgar/data/879101/000139843213000115/0001398432-13-000115-index.htm,https://www.sec.gov/Archives/edgar/data/879101/000139843213000115/kimco_10k-123112.htm,0.5895039929124266,0.2175023686768632,0.1758702580319679,1.2199879412814234,0.4390751701140656,12.338175688146771,11.915955653447194,11.72688232905536,10.462439552596932,7850585400.0,11904027400.0,22.206654710854146,32.77331490928522,109.85370816075228,15.836222102086596,1.6474967052522898,1.6474967052522898,49.69494869375725,97.95779694211748,166.5737630135453,24.01283626769087,0.0112578865774773,0.0631463737723304,0.8804147184984344,0.4306950132571151,33.35562285018351,4.250326363994281,1.015684385204218,0.779706508101031,0.0124360152811024,1.1046491893053938,0.1217573536164847,0.0229604829215753,0.0176132223952286,5.936863315795366,1.7711800018368389,6.549631047577881,0.011688973123711,7.575556440598856,0.0079415775067632,0.0092359476823655,-10.88208295906188,313715000.0,4841989000.0,-4317018000.0,7445840000.0,155049000.0,55940500.0,-1700000.0,64.45049302418782,142.13929786423117,-4.319532474132211,1.3964206599043956,0.6331816841107963,-20.83558823529412,0.0185473310444979,1.0441176832494554,2013-02-05,0.31,amc,193667924.0,2025-04-25,2012-12-31,0.0,19.533870967741933,3193947.0322580645
2012-09-30,KIM,USD,879101,2012-11-06,2012-11-05 18:06:46,2012,Q3,231878000.0,60665000.0,171213000.0,0.7383753526,0,29957000.0,0.0,29957000.0,66219000.0,95588000.0,156253000.0,598000.0,57116000.0,65631000.0,137747000.0,0.594049457,75037000.0,0.3236055167,-56966000.0,18071000.0,0.0779332235,5183000.0,54941000.0,0.2369392525,0.14,0.14,405810000,406747000,https://www.sec.gov/Archives/edgar/data/879101/000139843212000794/0001398432-12-000794-index.htm,https://www.sec.gov/Archives/edgar/data/879101/000139843212000794/kimco_10q-093012.htm,0.571395480643651,0.1353860180872822,0.3256647199428304,0.0952539365713018,1.1466942657894088,13.1545255168675,13.1545255168675,12.500226707079667,10.535243094058796,8043154200.0,11831816200.0,36.59905262008336,34.68700868560191,60.86013862195251,208.07538998835852,1.5855712431819082,1.5855712431819082,51.02604041780592,85.8952732182915,89.52780913754748,306.08760056913724,0.0068307779055137,0.0048059503820031,0.8315447126263894,0.4169830968361332,27.504497375623423,4.382710046374582,1.3137649695356817,2.31510904791101,0.0125305318652227,1.8344223803716715,0.1291929376654965,0.0,0.0,0.7075091935410645,0.403242222203055,1.4003115031524718,0.0,6.170738057870052,0.0053632402550277,0.0054311121339156,-10.370566274857692,466107000.0,5338238000.0,-4173840000.0,7676426000.0,183097500.0,0.0,0.0,53.77922873235064,0.0,0.0,1.673508566809567,0.0,0.0,0.0108306850155449,0.2304107833715285,2012-10-30,0.31,amc,167175000.0,2025-04-25,2012-09-30,0.0,19.898571428571422,3232535.1904761903
2012-06-30,KIM,USD,879101,2012-08-03,2012-08-03 12:42:17,2012,Q2,235419000.0,61544000.0,173875000.0,0.7385767504,0,30973000.0,0.0,30973000.0,87619000.0,94097000.0,155641000.0,349000.0,57387000.0,63124000.0,145167000.0,0.6166324723,55283000.0,0.234828115,-53487000.0,1157000.0,0.0049146416,-4656000.0,69112000.0,0.2935701876,0.17,0.17,405560000,406476000,https://www.sec.gov/Archives/edgar/data/879101/000139843212000588/0001398432-12-000588-index.htm,https://www.sec.gov/Archives/edgar/data/879101/000139843212000588/krc_10q-063012.htm,0.5804788440674623,0.1704112831640201,0.2923315908866752,-0.1725441365026136,1.031087878489003,13.068714863398757,13.068714863398757,12.364651346286616,10.378244895946343,7717806800.0,11485691800.0,27.9177523440213,32.78327917457809,65.09730933382818,-110.29062120410993,1.539064828197937,1.539064828197937,48.78829576202431,79.12054254754868,96.87825199480424,-164.13524157937607,0.0089548756260651,-0.0090669540989287,0.8279039956862032,0.4139167110581769,25.95552019398348,4.649926197933542,0.963336644187708,1.6378355229530164,0.0119397909779239,1.3333285102442411,0.1315654216524579,0.0,0.0,1.5902343156935843,0.8008486995527124,2.8434078363948965,0.0,6.885434793128151,0.0280808466516349,0.0068904796386785,-10.21064022586054,506920000.0,5300148000.0,-4084118000.0,7724593000.0,234078500.0,0.0,0.0,87.02496400035682,0.0,0.0,1.0341860066685118,0.0,0.0,0.0137821341169638,0.4648757273892889,2012-07-31,0.06,amc,194220672.0,2025-04-25,2012-06-30,4.166666666666667,18.61047619047619,3023473.4444444445
2012-03-31,KIM,USD,879101,2012-05-10,2012-05-10 15:58:50,2012,Q1,231356000.0,61271000.0,170085000.0,0.7351657186,0,34431000.0,0.0,34431000.0,68173000.0,98529000.0,159800000.0,164000.0,57519000.0,64098000.0,133045000.0,0.5750661318,67481000.0,0.2916760317,-17276000.0,9268000.0,0.0400594754,3433000.0,53638000.0,0.2318418368,0.13,0.13,406272000,407279000,https://www.sec.gov/Archives/edgar/data/879101/000143774912004817/0001437749-12-004817-index.htm,https://www.sec.gov/Archives/edgar/data/879101/000143774912004817/kimco_10q-033112.htm,0.5694608538122243,0.1320248503465658,0.3861304741650914,0.0360349716446124,0.6816689311594203,13.23903197857593,13.23903197857593,12.521566832073091,9.672433738972904,7824798720.000001,11454618720.0,36.47040680114844,33.821464409827286,49.87951298494333,534.480786885246,1.5381461647967964,1.5381461647967964,49.51079168035409,86.09582261640799,73.0179553017071,782.4193114754098,0.0068548728113481,0.0018709746440608,0.7611552374388706,0.3940461392154837,27.282648727874022,3.852320863577145,1.1731949442792815,2.6522283086494896,0.0117776831453116,1.7181475819381782,0.1488225937516208,0.0,0.0,0.9066766959470658,0.6147841421877972,2.192093704245974,0.0,6.098856836322024,0.0043834109218595,0.0054584689563443,-9.822444076874604,383138000.0,5378648000.0,-3930454000.0,7535115000.0,195163500.0,62772000.0,0.0,93.56489565863863,0.0,0.0,0.9618992183602196,0.0,0.0,0.010543796324945,0.3500955025204789,2012-05-02,0.07,amc,193812500.0,2025-04-25,2012-03-31,3.428571428571428,18.412419354838708,3919804.467741936
2011-12-31,KIM,USD,879101,2012-02-27,2012-02-27 16:59:45,2011,Q4,260811000.0,65117000.0,195694000.0,0.7503287821,0,55520000.0,0.0,55520000.0,0.0,116058000.0,181175000.0,2393000.0,57279000.0,62327000.0,140764000.0,0.5397164997,70049000.0,0.2685814632,-48891000.0,21158000.0,0.081123879,5338000.0,46397000.0,0.1778951041,0.11,0.11,406272000,406272000,https://www.sec.gov/Archives/edgar/data/879101/000139843212000184/0001398432-12-000184-index.htm,https://www.sec.gov/Archives/edgar/data/879101/000139843212000184/i11664.htm,0.6419615430056711,0.1142018155324511,0.1986304741650913,-0.2564981096408317,0.3604038673597983,12.246024830655324,12.246024830655324,11.535094714870825,10.157077032136106,6597857279.999999,10554232280.0,35.55109856240705,25.297465521009464,81.75986121093459,-63.31430677107323,1.4078774731744248,1.4078774731744248,40.46697524260863,74.97820664374414,130.7867887679992,-101.28044180869033,0.0070321314983036,-0.0157942185739428,0.8683145178395463,0.4232409618955338,28.106440567190475,1.5983735692613796,1.2229438363099914,1.6088438764728163,0.0133513042585849,1.8986141345345604,0.2128744569822591,0.0,0.0,2.291333118540732,0.7089654960872049,2.966707847321385,0.0,5.444253582676249,0.0056125008963961,0.0048257239365975,-10.782238869525836,169016000.0,4975217000.0,-4187824000.0,7253911000.0,189486500.0,62772000.0,0.0,51.69502053210946,173.5178217669733,0.0,1.7409800610118351,0.5186787102529791,0.0,0.009900379524862,0.4551285838059231,2012-02-08,0.08,amc,191085714.0,2025-04-25,2011-12-31,2.75,15.93777777777778,4119204.492063492
2011-09-30,KIM,USD,879101,2011-11-04,2011-11-04 16:46:01,2011,Q3,226765000.0,62450000.0,164315000.0,0.724604767,0,22132000.0,8728000.0,30860000.0,0.0,91232000.0,153682000.0,375000.0,56474000.0,60372000.0,125329000.0,0.5526822922,71655000.0,0.315987917,-59010000.0,12645000.0,0.0557625736,4417000.0,54981000.0,0.2424580513,0.14,0.13,406564000,407292000,https://www.sec.gov/Archives/edgar/data/879101/000139843211000871/0001398432-11-000871-index.htm,https://www.sec.gov/Archives/edgar/data/879101/000139843211000871/i11582.htm,0.5577596639151523,0.1352333211991224,0.3740616483505672,0.1275248177408723,0.5407463523578083,12.401235721805175,12.401235721805175,11.684411310396396,9.838005824421248,6110656920.0,9873763920.0,27.785311834997543,26.94709024761317,40.18054260915307,117.85941173066908,1.286329246782575,1.286329246782575,43.54183370449584,78.78275514844928,64.92480220936349,190.44040966690457,0.0089975596273534,0.0084846851457666,0.8300889113709174,0.4115948028458906,30.02582802064965,3.452679010826772,1.268813967489464,2.5954432972096595,0.0144164532804437,1.6022625998072062,0.0975988357991753,0.0,0.0,0.6590807469752762,0.4420126562741164,1.656032118428444,0.0,5.96261178718132,0.0049336351021033,0.0057388139784444,-10.199950069361773,318966000.0,5041896000.0,-4089641000.0,7328718000.0,236378500.0,0.0,0.0,90.95292483407934,0.0,0.0,0.9895228786120104,0.0,0.0,0.0115738240983348,0.2465368306096949,2011-11-02,0.07,amc,165666666.0,2025-04-25,2011-09-30,3.285714285714285,17.42703125,5011177.484375
2011-06-30,KIM,USD,879101,2011-08-05,2011-08-05 16:39:38,2011,Q2,229613000.0,61232000.0,168381000.0,0.7333252037,0,21197000.0,8437000.0,29634000.0,0.0,91155000.0,152387000.0,8932000.0,55804000.0,61521000.0,142839000.0,0.6220858575,76628000.0,0.3337267489,-48806000.0,27822000.0,0.1211690976,5588000.0,38709000.0,0.1685836603,0.0952,0.095,406559000,407562000,https://www.sec.gov/Archives/edgar/data/879101/000139843211000642/0001398432-11-000642-index.htm,https://www.sec.gov/Archives/edgar/data/879101/000139843211000642/i11440.htm,0.5647716567583057,0.0952112731485467,0.2484092099793634,0.1229292673388118,0.858780644383718,12.928863953325347,12.928863953325347,12.140530648688136,10.046605781694662,7578259760.0,11481839760.0,48.94378413288899,33.00448911864746,75.03747546859684,151.6319132418264,1.5353529873930325,1.5353529873930325,50.0051815881505,80.38308697204545,113.6894612497896,229.73787986714152,0.0051079009199864,0.0065949177756873,0.8162202112628403,0.4096791956375284,27.328530723401872,1.8024617571224228,1.3731632141065158,2.4445224379145083,0.0116225891945408,2.275413986411429,0.0923162016087939,0.0,0.0,0.5051340191894488,0.222178186775139,0.8234335151886883,0.0,5.099813334291007,0.0065952474648224,0.0039362916449517,-9.951054459500345,440387000.0,5256346000.0,-3588347000.0,7902331000.0,191539000.0,0.0,0.0,95.47887096984928,0.0,0.0,0.9426169275547948,0.0,0.0,0.0078424309368087,0.1254799426405515,2011-07-26,0.06,amc,180685714.0,2025-04-25,2011-06-30,4.0,18.48444444444445,4120599.777777778
2011-03-31,KIM,USD,879101,2011-05-06,2011-05-06 17:28:40,2011,Q1,235513000.0,68513000.0,167000000.0,0.7090903687,0,29756000.0,0.0,29756000.0,0.0,95999000.0,164512000.0,4861000.0,55557000.0,66243000.0,138819000.0,0.5894324305,68223000.0,0.2896782768,-48812000.0,17387000.0,0.0738260733,4219000.0,28963000.0,0.1229783494,0.0713,0.0711,406440000,407361000,https://www.sec.gov/Archives/edgar/data/879101/000139843211000418/0001398432-11-000418-index.htm,https://www.sec.gov/Archives/edgar/data/879101/000139843211000418/i11338.htm,0.57945330184037,0.071260210609192,0.2825558508020864,0.1717375258340714,0.8841895482728078,12.830243086310402,12.830243086310402,12.062589804153134,10.269496112587344,7454109600.0,11424448600.0,64.34165659634706,31.65052290107128,64.90752163842497,106.79087119095716,1.520403188516413,1.520403188516413,48.50878125623639,82.29744199281079,99.47970777241775,163.67170384378448,0.0038855076668043,0.00936409628321,0.8400189772246788,0.4162012370090502,28.60083273903428,4.164429418148426,1.227982072466116,3.5863468865155204,0.0120069337322327,3.0901840278976627,0.126345467129203,0.0,0.0,0.3921997178732519,0.1912463430893411,0.6790236989688235,0.0,4.397796098452667,0.0052855825619427,0.0029269871183461,-10.374098882983958,379067000.0,5214724000.0,-4181577000.0,7429661000.0,135011500.0,92367500.0,0.0,53.304191276065445,0.0,0.0,1.6884225770143455,0.0,0.0,0.0059075382456143,0.1108183249680149,2011-05-04,0.07,amc,521266666.0,2025-04-25,2011-03-31,3.285714285714285,18.155967741935484,4100561.0967741935
2010-12-31,KIM,USD,879101,2011-02-28,2011-02-28 15:35:01,2010,Q4,263917000.0,64475000.0,199442000.0,0.7556997086,0,26166000.0,0.0,26166000.0,0.0,88457000.0,152932000.0,5423000.0,54781000.0,62603000.0,134967000.0,0.5113994172,69614000.0,0.2637723224,-52031000.0,17583000.0,0.0666232187,9757000.0,37089000.0,0.140532819,0.0913,0.0913,406181000,406440000,https://www.sec.gov/Archives/edgar/data/879101/000139843211000206/0001398432-11-000206-index.htm,https://www.sec.gov/Archives/edgar/data/879101/000139843211000206/i11038.htm,0.6497522040666599,0.09131150890859,0.2996964407493211,0.0895118186227322,0.8595798424840158,12.94089580753408,12.94089580753408,12.151828864471751,10.053436768337267,7327505240.0,11231085240.0,49.39136428590688,27.76443063538916,60.19424172971552,201.5376324330271,1.4845502023768182,1.4845502023768182,42.55536869546107,83.21356509368957,92.26150479335584,308.9027240222234,0.0050616135758641,0.0049618524735439,0.8162202112628403,0.4096791956375284,28.922477346314285,2.289237029352892,1.270769062266114,2.607999828605708,0.0104772357692643,2.0699398743562782,0.0991448068900449,0.0,0.0,0.7013250527803107,0.3234842772538336,1.363720588470201,0.0,4.996602962644936,0.0032410138356653,0.0037715549567184,-10.169067484692786,352957000.0,5256346000.0,-3950800000.0,7396337000.0,128539000.0,92367500.0,0.0,44.51490430703593,257.8697169445522,0.0,2.021794753937611,0.3490134517010853,0.0,0.0075142194584024,0.2101846221265889,2011-02-09,0.05,amc,428250000.0,2025-04-25,2010-12-31,4.8,17.0484375,4499088.9375
2010-09-30,KIM,USD,879101,2010-11-08,2010-11-08 17:28:33,2010,Q3,237404000.0,61660000.0,175744000.0,0.7402739634,0,28463000.0,0.0,28463000.0,0.0,89386000.0,151046000.0,4552000.0,57795000.0,60923000.0,125943000.0,0.5305007498,71042000.0,0.2992451686,-52043000.0,18129000.0,0.0763634985,-377000.0,30333000.0,0.1277695405,0.0747,0.0747,405854000,406253000,https://www.sec.gov/Archives/edgar/data/879101/000139843210000687/0001398432-10-000687-index.htm,https://www.sec.gov/Archives/edgar/data/879101/000139843210000687/i11037.htm,0.5849492674705682,0.0747386991381137,0.3165424019474984,0.1819324190472435,0.9733697339437336,12.7277740271132,12.7277740271132,12.1776008121147,10.09050545269974,6388141960.0,10267502960.0,52.65010022088155,26.908316456336035,49.72477590098856,86.5156418104499,1.2925370311318878,1.2925370311318878,43.24907314114337,81.52499908688851,79.92140546431074,139.05445651290665,0.0047483290430821,0.0115586034972835,0.816918059667428,0.4113784409773776,30.80251383562405,1.7255685691268514,1.229206678778441,3.89444646538135,0.012015074254862,2.5303794547192826,0.1198926724065306,0.0,0.0,0.4252510313691912,0.2301224916176644,0.8831126844802224,0.0,4.525274132548825,0.0077993525967899,0.0030906286896908,-10.247373439709849,374672000.0,5165618000.0,-3757834000.0,7845901000.0,121290000.0,0.0,0.0,47.97214874222844,0.0,0.0,1.876088571383414,0.0,0.0,0.0061373911241827,0.1346099829002547,2010-11-03,0.05,amc,264750000.0,2025-04-25,2010-09-30,4.6000000000000005,14.9475,5183806.09375
2010-06-30,KIM,USD,879101,2010-08-09,2010-08-09 16:51:04,2010,Q2,213955000.0,63673000.0,150282000.0,0.7024000374,0,26446000.0,0.0,26446000.0,0.0,86678000.0,150351000.0,7552000.0,59624000.0,60232000.0,138616000.0,0.6478745531,77392000.0,0.3617209226,-51514000.0,23141000.0,0.1081582576,-4136000.0,24611000.0,0.1150288612,0.0607,0.0606,405705000,406009000,https://www.sec.gov/Archives/edgar/data/879101/000139843210000503/0001398432-10-000503-index.htm,https://www.sec.gov/Archives/edgar/data/879101/000139843210000503/i10983.htm,0.5273659432346163,0.060662303890758,0.2133274177049826,0.106942236354001,0.8476454566741844,12.417431384873243,12.417431384873243,11.855010413970742,10.64785003882131,5452675200.0,9577654200.0,55.38859859412457,25.485149681007687,63.00174700744096,125.6753221010902,1.133697865348258,1.133697865348258,44.76480661821411,69.09486783632481,110.66291768729492,220.74939958973889,0.0045135642775861,0.0079570116334822,0.8857762030689634,0.4310694103525374,29.758317943094596,1.6936368002603868,1.2980008050449483,3.1729295743666825,0.0140723584636033,3.1177928568526267,0.1236054310485849,0.0,0.0,0.4986943661320885,0.2017293356079549,0.7008817654796122,0.0,4.022552112541102,0.009726296096136,0.0024902339945727,-10.880493215513736,349500000.0,5037814000.0,-3991827000.0,7035086000.0,115217500.0,0.0,0.0,48.811292094131936,0.0,0.0,1.8438356400489493,0.0,0.0,0.0051170181866115,0.1063851813509816,2010-07-27,0.07,amc,381675000.0,2025-04-25,2010-06-30,2.714285714285714,15.092380952380951,6767251.396825396
2010-03-31,KIM,USD,879101,2010-05-07,2010-05-07 14:45:24,2010,Q1,227004000.0,67872000.0,159132000.0,0.7010096738,0,28184000.0,0.0,28184000.0,0.0,93135000.0,161007000.0,6096000.0,58737000.0,61577000.0,142848000.0,0.6292752551,159132000.0,0.7010096738,-26213000.0,32247000.0,0.1420547656,-1915000.0,39014000.0,0.171864813,0.1,0.1,405564000,405713000,https://www.sec.gov/Archives/edgar/data/879101/000139843210000348/0001398432-10-000348-index.htm,https://www.sec.gov/Archives/edgar/data/879101/000139843210000348/i10884.htm,0.5597242358789242,0.0961969011056208,0.3530540186012565,0.2512427138503417,0.8684745194346638,12.599173003521022,12.599173003521022,11.913155506899034,11.300813188547307,6343020960.0,10730049960.0,40.64579996924181,27.942331236453985,44.29917003058959,62.25056146032681,1.3128343696128797,1.3128343696128797,47.2681096368346,75.11515709005376,74.93784280586091,105.30497041071692,0.0061506970016381,0.0160641121387686,0.9364425100283617,0.4408752557743692,30.711168514784948,1.6472804612912373,2.7092292762653862,2.617181502467556,0.0120929759626712,1.9661147280463425,0.1241564025303518,0.0,0.0,0.2883731649742293,0.1818954732075205,0.6704172755317421,0.0,5.077912410473776,0.0173197603546233,0.003801621501583,-11.624977192255724,342379000.0,5109771000.0,-4281363000.0,7932760000.0,114003500.0,94245500.0,80497500.0,45.35483956229847,0.0,0.0,1.9843527365228109,0.0,0.0,0.0080748464208254,0.1018113047509147,2010-05-05,0.06,amc,197602348.0,2025-04-25,2010-03-31,4.500000000000001,14.04983606557377,5904124.065573771
2009-12-31,KIM,USD,879101,2010-03-01,2010-03-01 12:17:27,2009,Q4,227248000.0,64595000.0,162653000.0,0.7157510737,0,26642000.0,0.0,26642000.0,0.0,86365000.0,150960000.0,10728000.0,57856000.0,59723000.0,132353000.0,0.5824165669,76288000.0,0.3357037246,-61514000.0,14774000.0,0.0650126734,-33139000.0,40355000.0,0.1775813208,0.13,0.13,405564000,405564000,https://www.sec.gov/Archives/edgar/data/879101/000139843210000145/0001398432-10-000145-index.htm,https://www.sec.gov/Archives/edgar/data/879101/000139843210000145/i10784.htm,0.5603258671874229,0.0995034076002801,0.2012851239261867,-0.596007042045152,0.8177525618644653,12.619409020524504,12.619409020524504,11.965985639751064,11.076523064177294,5487280920.0,9799605920.0,33.99381068021311,24.1466632049567,67.21808217164416,-22.70107405706626,1.1307050173161894,1.1307050173161894,43.12295782581145,74.04143404380709,120.04319180733518,-40.54131417058651,0.0073542799408928,-0.0440507791607651,0.9137456565284826,0.4363603174704702,32.58199663022372,1.6383620520469444,1.3185840707964602,1.5551999390371682,0.0062735989831553,0.8530541444678479,0.1172375554460325,0.0,0.0,3.961008893353259,1.422908012391748,5.4142122800261205,0.0,5.175883286469382,0.0256309241277197,0.0039710869835827,-11.211229300431004,325271000.0,5117978000.0,-4209416000.0,7864464000.0,187100000.0,94245500.0,80497500.0,44.99445539674716,262.6238872977785,224.3138013778156,2.000246457178066,0.3426954072077712,0.4012236404857294,0.0083155212279153,0.7972921659713387,2010-02-03,0.05,amc,168731636.0,2025-04-25,2009-12-31,5.2,12.7925,7867499.421875
2009-09-30,KIM,USD,879101,2009-11-04,2009-11-04 17:20:25,2009,Q3,205806000.0,58224000.0,147582000.0,0.7170927961,0,27965000.0,0.0,27965000.0,0.0,83561000.0,141785000.0,9236000.0,54551000.0,56639000.0,143699000.0,0.6982255133,64021000.0,0.3110745071,-10546000.0,32982000.0,0.1602577184,-1148000.0,40108000.0,0.1948825593,0.11,0.11,376559000,378127000,https://www.sec.gov/Archives/edgar/data/879101/000139843209000460/0001398432-09-000460-index.htm,https://www.sec.gov/Archives/edgar/data/879101/000139843209000460/i10659.htm,0.5465438350962266,0.1065118613550599,0.3292870439957616,0.1730963806468574,0.9543896175632504,12.92067909676837,12.92067909676837,12.05146869414886,10.693402627476704,4910329360.0,8741718360.0,30.60691981649546,23.859019464932995,39.60070776476661,75.33375308755619,1.082025795439446,1.082025795439446,42.47552724410368,60.83353648946757,70.50000290331946,134.11451742072077,0.0081680875272285,0.0132742623195442,0.8752904581642185,0.4276624101896191,26.662600296453004,2.154897812860019,1.1735990174332276,2.8410127162332457,0.0070062510022749,0.8577590505634786,0.1358803922140268,0.0,0.0,0.4743298170908739,0.2857788402670476,1.0384187573933157,0.0,5.374155576479958,0.0074963553519583,0.0043182410585827,-10.271475386327245,520278000.0,4865398000.0,-3451868000.0,7105568000.0,181670000.0,0.0,0.0,113.95731902859974,0.0,0.0,0.7897693695076557,0.0,0.0,0.0088380814038684,0.1561906633489041,2009-11-05,0.09,bmo,257528571.0,2025-04-25,2009-09-30,2.333333333333333,11.27921875,9501947.1875
2009-06-30,KIM,USD,879101,2009-08-06,2009-08-06 16:10:13,2009,Q2,189285000.0,54916000.0,134369000.0,0.709876641,0,26604000.0,0.0,26604000.0,0.0,81830000.0,136746000.0,8960000.0,50956000.0,55226000.0,116725000.0,0.6166627044,66585000.0,0.3517711388,-171982000.0,30481000.0,0.1610323058,-682000.0,-134651000.0,-0.711366458,-0.37,-0.37,368254000,368254000,https://www.sec.gov/Archives/edgar/data/879101/000114544309001878/0001145443-09-001878-index.htm,https://www.sec.gov/Archives/edgar/data/879101/000114544309001878/i10578.htm,0.5140066367235658,-0.3656470805476655,0.2255155409038327,0.0540523660299684,1.181315070576287,12.706061577063656,12.706061577063656,12.087757363124366,11.3769952261211,3700952700.000001,7650695700.0,-6.871379900632005,19.55227672557255,44.56455621515528,185.93080633006784,0.8314197330481774,0.8314197330481774,40.418922260084,65.54461940458343,92.12488952039207,384.3604973624717,-0.0363827940843448,0.0053783448786038,0.9297525590464948,0.4431906417698978,33.838020989505246,2.070745063992788,1.3067155977706255,-0.62977848893203,0.0354230412077409,-0.9736206934965206,0.140549964339488,0.0,0.0,0.7603164473129673,0.3335816361571175,1.1423454065202443,0.0,,0.0076324917715305,-0.0144191472002486,-11.261798921396643,448927000.0,4679058000.0,-3791096000.0,7555616000.0,105945500.0,0.0,0.0,48.85490133925034,0.0,0.0,1.842189781021898,0.0,0.0,-0.0302493729451527,0.1714631748738642,2009-07-30,0.14,bmo,69335000.0,2025-04-25,2009-06-30,1.214285714285714,10.737619047619049,12831698.047619049
2009-03-31,KIM,USD,879101,2009-05-05,2009-05-05 16:46:38,2009,Q1,215866000.0,58809000.0,157057000.0,0.7275671018,0,29923000.0,0.0,29923000.0,0.0,86063000.0,144872000.0,7921000.0,46516000.0,56140000.0,127134000.0,0.5889486997,70994000.0,0.3288799533,-22931000.0,20263000.0,0.0938684184,-1653000.0,38424000.0,0.1779993144,0.14,0.14,271083000,271158000,https://www.sec.gov/Archives/edgar/data/879101/000139843209000164/0001398432-09-000164-index.htm,https://www.sec.gov/Archives/edgar/data/879101/000139843209000164/i10501.htm,0.7963096173496678,0.1417425659299919,0.4238738688888643,0.1565240166295931,1.4855892844626923,15.072933382026909,15.072933382026909,14.2466292611488,17.331857770498335,2065652460.0,6567526460.0,13.43985829169269,9.569142245652396,17.977045907488794,48.68262496759445,0.5348633603304386,0.5348633603304386,30.424089296137417,51.658301162552895,57.15614168225926,154.78132638872523,0.0186013866049858,0.0205412095314426,1.2045140119714584,0.4952487333877073,35.41046454921579,1.5598771864118928,1.5262275346117464,2.749449655436447,0.0634651774868266,3.4118519675203,0.1386184021568936,0.0,0.0,0.6307297332579087,0.3357360584807241,1.2909511934449591,0.0,6.7405830767740005,0.0086727846115445,0.0040907193455019,-17.78930899392437,301972000.0,4086016000.0,-4465627000.0,7458700000.0,103421500.0,75620500.0,61240500.0,45.50364578025257,0.0,0.0,1.9778634976773164,0.0,0.0,0.0099492001463483,0.2673498522592711,2009-04-30,0.14,bmo,283220000.0,2025-04-25,2009-03-31,-0.2857142857142857,11.894262295081967,9765279.114754098
2008-12-31,KIM,USD,879101,2009-02-27,2009-02-27 17:10:33,2008,Q4,195323000.0,57610000.0,137713000.0,0.7050526564,0,36437000.0,0.0,36437000.0,0.0,118435000.0,176045000.0,56119000.0,52255000.0,52915000.0,135984000.0,0.6962006523,19278000.0,0.098698054,11536000.0,30814000.0,0.1577591989,-17065000.0,-51523000.0,-0.263783579,-0.19,-0.19,268386000,271083000,https://www.sec.gov/Archives/edgar/data/879101/000139843209000090/0001398432-09-000090-index.htm,https://www.sec.gov/Archives/edgar/data/879101/000139843209000090/i10418.htm,0.7277689596327678,-0.1919735008532486,0.3289888444255661,-0.1975550140469324,1.4693426631791524,14.81204682807598,14.81204682807598,14.81204682807598,17.17265803730448,4906096080.0,9326565080.0,-23.805368864390665,25.11786159336074,55.56419407447677,-92.53118726542311,1.2341305838535817,1.2341305838535817,47.74944619937232,68.58575332392046,105.62839856845156,-175.90322853209105,-0.0105018326506153,-0.0108071670704011,1.1462262655879514,0.484896745788908,32.50727291446052,1.5929469240164258,0.368921634293369,-1.7137200861751063,0.0262864807164559,-2.5030374784077014,0.1865474112111733,0.0,0.0,1.600491528495062,0.7235041444171961,2.6706415950108666,0.0,,0.0033742821838148,-0.0054828343113074,-18.23095466976668,308282000.0,3975346000.0,-4593604000.0,6967534000.0,103706000.0,649793000.0,61240500.0,45.018661396763314,236.27304287450096,191.34334316958865,1.9991709483940965,0.3809152280135677,0.4703586678750173,-0.0129606328606365,0.5265438584724985,2009-02-05,0.07,bmo,52200000.0,2025-04-25,2008-12-31,-5.0,20.0178125,8345028.671875
2008-09-30,KIM,USD,879101,2008-11-10,2008-11-10 11:24:03,2008,Q3,190503000.0,54156000.0,136347000.0,0.7157210123,0,30992000.0,0.0,30992000.0,0.0,1381000.0,1381000.0,1190000.0,52775000.0,52939000.0,149728000.0,0.7859613759,136347000.0,0.7157210123,25914000.0,17283000.0,0.0907229807,12336000.0,96762000.0,0.507929009,0.38,0.37,256164000,258933000,https://www.sec.gov/Archives/edgar/data/879101/000139843208000327/0001398432-08-000327-index.htm,https://www.sec.gov/Archives/edgar/data/879101/000139843208000327/i10328.htm,0.7436759263596758,0.3777345762870661,0.811987632922659,0.2417865117658999,1.8458448493933577,18.69113536640589,18.69113536640589,16.611639418497525,12.88433971986696,9462698160.0,12586336160.0,24.448384076393623,49.6721739815121,45.49330371823347,152.7794074624215,2.2237419841214634,2.2237419841214634,66.06896563308715,84.06133896131652,60.51064970529129,203.21191145841743,0.0102256246964554,0.0065453847256605,0.7632190320597542,0.33287296413466,20.862083244282967,0.5271936651583711,2.5835528185693986,1.9155860900316808,0.0119863275867186,1.1721853620222815,0.1626851020718834,0.0,0.0,0.7022288247228392,0.7667333322834811,2.754903809883063,0.0,11.882036356893668,0.0048203688697018,0.0099175312212311,-17.22937063756031,-522451000.0,4787996000.0,-4386117000.0,6248560000.0,106934000.0,1131515000.0,0.0,51.83067983181368,1908.395191668513,0.0,1.7364232977850698,0.0471600433667582,0.0,0.0227391509513773,0.5702011211567589,2008-11-05,0.38,bmo,226770588.0,2025-04-25,2008-09-30,-0.1052631578947368,35.90234375,3912996.859375
2008-06-30,KIM,USD,879101,2008-08-11,2008-08-11 10:42:36,2008,Q2,184135000.0,50455000.0,133680000.0,0.7259890841,0,25690000.0,0.0,25690000.0,0.0,49212000.0,99667000.0,15716000.0,53637000.0,51330000.0,135929000.0,0.7382029489,30831000.0,0.1674369349,1470000.0,30831000.0,0.1674369349,-1138000.0,82552000.0,0.4483232411,0.33,0.32,253740000,257318000,https://www.sec.gov/Archives/edgar/data/879101/000139843208000208/0001398432-08-000208-index.htm,https://www.sec.gov/Archives/edgar/data/879101/000139843208000208/i25043.htm,0.7256837707889966,0.3253409001339954,0.4634704815953338,-0.3188539449830535,2.006057381571688,17.125967525813824,17.125967525813824,15.21983920548593,18.89192480491842,8759104800.0,13375921800.0,26.52602238589011,47.568929318163306,74.481550326953,-108.26273453143152,2.2680922928251044,2.2680922928251044,72.64193010562902,98.40373871653584,113.7398644569349,-165.32669764912367,0.0094247074198724,-0.0092367886727419,1.2273808469549303,0.4940461188925112,33.96491550736046,0.6181199596774194,0.5748084344762011,1.2461165151418825,0.0129235809577252,1.3712447911619343,0.1395172020528416,0.0,0.0,1.687970340388262,1.0780514296575885,3.867270601987142,0.0,10.555179496705302,0.0039635456456789,0.0086043238832942,-18.371433356979587,-378825000.0,4345543000.0,-4635528000.0,6256640000.0,101742000.0,557342500.0,0.0,50.90949575040052,1988.3391140620352,0.0,1.767843084544634,0.0452639086378663,0.0,0.0213761062611441,0.7823244265783873,2008-07-30,0.33,bmo,200268750.0,2025-04-25,2008-06-30,-0.0303030303030303,39.1428125,1685238.5
2008-03-31,KIM,USD,879101,2008-05-08,2008-05-08 15:10:11,2008,Q1,228115000.0,54333000.0,173782000.0,0.7618175043,0,24750000.0,0.0,24750000.0,0.0,73431000.0,127764000.0,22026000.0,53998000.0,49253000.0,152160000.0,0.6670319795,100351000.0,0.4399140784,-51405000.0,50235000.0,0.2202178726,9410000.0,86645000.0,0.3798303487,0.34,0.34,252932000,255916000,https://www.sec.gov/Archives/edgar/data/879101/000139843208000160/0001398432-08-000160-index.htm,https://www.sec.gov/Archives/edgar/data/879101/000139843208000160/i25002.htm,0.9018827194661015,0.3425624278462195,0.6076732086094286,-0.0616766561763636,2.168393085888697,17.175561020353296,17.175561020353296,15.34209589929309,18.15929973273449,9907346440.0,14295455440.0,28.58603046915575,43.43136768735068,64.45898789850358,-635.0863102564102,2.5531061894747262,2.5531061894747262,62.66775722771409,93.95015404837014,93.00881873780092,-916.3753487179488,0.0087455304530564,-0.0015745891288323,1.1697105558629324,0.4812622851728229,28.838781545741323,1.7937637020905606,1.858420682247491,1.5609290422171895,0.0114498872818259,1.3092273068267066,0.1084979067575565,0.0,0.0,1.1014964216005203,0.7421695197597703,3.437354069802854,0.0,10.874354069966907,0.0091804978558294,0.0091866771604754,-17.65056813689055,435200000.0,4344249000.0,-4103870000.0,6902342000.0,93671500.0,80763000.0,-295543000.0,39.18786576945839,0.0,0.0,2.2966292813563416,0.0,0.0,0.022328267929938,0.6693498647857923,2008-05-01,0.33,bmo,200400000.0,2025-04-25,2008-03-31,0.0,34.77622950819672,2639280.3606557376
2007-12-31,KIM,USD,879101,2008-02-28,2008-02-28 17:17:11,2007,Q4,179726000.0,0.0,179726000.0,1.0,0,26840000.0,0.0,26840000.0,0.0,132245000.0,132245000.0,0.0,0.0,53386000.0,100867000.0,0.5612265337,47481000.0,0.2641854823,-46437000.0,1044000.0,0.0058088423,-11750000.0,72108000.0,0.4012107319,0.33,0.33,252741000,252932000,https://www.sec.gov/Archives/edgar/data/879101/000139843208000075/0001398432-08-000075-index.htm,https://www.sec.gov/Archives/edgar/data/879101/000139843208000075/kimco_10k.htm,0.7111074182661301,0.2853039277362992,0.4180643425483004,-0.6791221052381687,1.1889127604939445,17.182542602901783,17.182542602901783,15.409347909520022,12.391202851931425,9199772400.0,12244038400.0,31.895810450990183,51.18776582130577,87.06793738524729,-53.5986087321285,2.3622024899257275,2.3622024899257275,68.12613867776504,121.38795046943004,115.87929813935,-71.33474557509234,0.0078380199927554,-0.0186572006933562,0.8041354458793183,0.3442326158277987,30.180990809680075,0.1778277608915907,0.0,1.2724382519057311,0.0113020187325503,1.4419481888278691,0.149338437399152,0.0,0.0,2.6244439817531373,1.5429264547143986,5.194320608399206,0.0,9.945743730607925,0.0717399641941436,0.007925858249936,-18.53330583482696,-811484000.0,4342733000.0,-4579567000.0,5536107000.0,86145500.0,479904000.0,-295543000.0,44.07559284688915,0.0,0.0,2.0419464421645817,0.0,0.0,0.0185149903429746,1.0971864477864692,2008-02-06,0.26,bmo,175685714.0,2025-04-25,2007-12-31,0.0769230769230769,40.1325,1770952.59375
2007-09-30,KIM,USD,879101,2007-11-05,2007-11-05 14:47:46,2007,Q3,173712000.0,45308000.0,128404000.0,0.7391774892,0,29552000.0,0.0,29552000.0,0.0,123490000.0,123490000.0,16083000.0,58830000.0,48563000.0,129710000.0,0.7466956802,50222000.0,0.289110712,1641000.0,22805000.0,0.1312805103,348000.0,75096000.0,0.4323017408,0.3,0.29,252327000,256497000,https://www.sec.gov/Archives/edgar/data/879101/000139843207000137/0001398432-07-000137-index.htm,https://www.sec.gov/Archives/edgar/data/879101/000139843207000137/kimco10q_093007.htm,0.6884400004755734,0.2976138106504655,0.6639123042718378,-0.7751251352411751,1.0257483345024512,15.544579058126956,15.544579058126956,13.812461607358705,14.57244765720672,11521250820.0,15094003820.0,38.35507490412272,66.3238626001658,68.77414337135795,-58.90661768540532,3.3057105458794,3.3057105458794,86.89096792392006,116.36731030760927,90.1010835527062,-77.1736269141294,0.0065180422831902,-0.0169760213587642,1.038142093968967,0.4066125309578892,27.54416004934084,0.3441303911735205,0.8536800951895291,2.147620634839239,0.0081325371232565,1.2476962820922552,0.1701206594823616,0.0,0.0,2.1675113268028867,2.090287372202266,7.477050429339209,0.0,9.617303936247348,0.0066762713610818,0.0084392908460395,-18.444445104963005,-653902000.0,3922317000.0,-4632963000.0,5501153000.0,175354000.0,787725000.0,0.0,43.66226858248135,1585.71069126865,0.0,2.061276312979092,0.056756885411421,0.0,0.0215467611140297,1.4390374395130128,2007-10-26,0.28,bmo,177848275.0,2025-04-25,2007-09-30,0.0357142857142855,40.78952380952381,2041082.365079365
2007-06-30,KIM,USD,879101,2007-08-08,2007-08-08 10:52:48,2007,Q2,170785000.0,45314000.0,125471000.0,0.7346722487,0,24810000.0,0.0,24810000.0,0.0,70438000.0,70438000.0,8315000.0,52521000.0,47103000.0,125777000.0,0.7364639752,100347000.0,0.5875633106,-74194000.0,26541000.0,0.1554059197,-2974000.0,125113000.0,0.7325760459,0.5,0.49,252074000,257398000,https://www.sec.gov/Archives/edgar/data/879101/000139843207000050/0001398432-07-000050-index.htm,https://www.sec.gov/Archives/edgar/data/879101/000139843207000050/kimco_10q063007.htm,0.6775192998881281,0.4963344097368233,0.7788506549663987,-2.118754810095448,1.3413124717344906,15.55573760086324,15.55573760086324,13.88482350420908,13.75218388251069,9596457180.0,12900973180.0,19.175579636009047,56.19028123078725,48.87971751354876,-17.968100800811857,2.7418425584206645,2.7418425584206645,75.53926386977778,102.57020902072716,65.7113258424677,-24.155371318690165,0.0130374155433891,-0.0556541846623443,0.9754411639075736,0.3958200631865743,26.272816174658324,0.4587516059957173,1.9106071856971496,1.6445222519119138,0.0097543289407977,0.7481796456003773,0.1452703691776209,0.0,0.0,3.720360824742268,4.276786603038909,15.506676857100397,0.0,12.45227299575807,0.0155477471135001,0.0145054346250833,-16.52735902949134,-505526000.0,3921197000.0,-4275579000.0,5442206000.0,175553000.0,828715500.0,0.0,140.40495359662734,1543.5653440437834,0.0,0.6410030251394342,0.0583065694933399,0.0,0.0357465407886793,2.897605465061847,2007-07-27,0.35,bmo,167539473.0,2025-04-25,2007-06-30,0.0857142857142858,45.52492063492064,1446627.5873015872
2007-03-31,KIM,USD,879101,2007-05-08,2007-05-08 16:37:50,2007,Q1,158277000.0,42336000.0,115941000.0,0.7325195701,0,22698000.0,0.0,22698000.0,0.0,42583000.0,42583000.0,6243000.0,46099000.0,42218000.0,161619000.0,1.0211148809,115694000.0,0.7309590149,-87828000.0,27668000.0,0.1748074578,-30114000.0,150855000.0,0.9531075267,0.6,0.59,251365000,257422000,https://www.sec.gov/Archives/edgar/data/879101/000139843207000002/0001398432-07-000002-index.htm,https://www.sec.gov/Archives/edgar/data/879101/000139843207000002/e27213_10q.htm,0.6296700017902254,0.6001432180295586,0.7816362659877071,-0.6000716090147793,1.3521373301772324,15.407037574841366,15.407037574841366,13.707206651681815,11.12068903785332,12251530100.0,14880739100.0,20.30348695767459,77.40562494866595,62.356369734725874,-81.22363942533994,3.555793768821586,3.555793768821586,94.01706565072624,92.07295614995762,75.7382026303467,-98.65443558278142,0.0123131558889938,-0.0123116866847513,0.797922921179784,0.3442922314958703,16.26794498171626,0.4665406593406593,2.5096856764788824,1.7520755490953193,0.007609008771892,0.6179576414437705,0.1434068121078868,0.0,0.0,1.7677120869724547,2.194336511306128,8.226656876213937,0.0,13.60483222895715,0.037258006172853,0.0188917515348021,-14.755662085015814,-485448000.0,3872790000.0,-3687889000.0,4911957000.0,84045000.0,941414500.0,0.0,48.146477378267214,1871.307397959184,0.0,1.8692956349206349,0.0480947171470344,0.0,0.043783042984613,1.3817078750024865,2007-05-03,0.39,bmo,178681578.0,2025-04-25,2007-03-31,-0.0256410256410256,49.22868852459016,1345187.6065573771
2006-12-31,KIM,USD,879101,2007-02-28,2007-02-28 16:19:10,2006,Q4,147802000.0,0.0,147802000.0,1.0,0,21760000.0,0.0,21760000.0,0.0,41561000.0,41561000.0,0.0,172888000.0,42274000.0,148515000.0,1.0048240213,106241000.0,0.7188062408,-75773000.0,30468000.0,0.2061406476,-3612000.0,128989000.0,0.8727148482,0.52,0.52,247841000,251365000,https://www.sec.gov/Archives/edgar/data/879101/000095012307002925/0000950123-07-002925-index.htm,https://www.sec.gov/Archives/edgar/data/879101/000095012307002925/y30877e10vk.htm,0.5963581489745442,0.5204506114807478,0.3820836746139662,-0.8008360198675764,2.2099813993649158,15.300942943257976,15.300942943257976,13.585157419474582,11.786722132334845,11140452950.0,13543732950.0,21.59186626378993,75.37416915873939,117.6443878305314,-56.12884396412737,3.3087581256558223,3.3087581256558223,91.6343009566853,91.19437733562266,143.0232845104334,-68.23726798669891,0.0115784340707619,-0.0178161517211919,0.8162692209795248,0.349249867840514,16.182069151264184,0.468287431693989,0.6145076581370599,0.7179432747784289,0.0080608930716771,0.6961989006814534,0.1472239888499479,0.0,0.0,3.0959702627354906,1.9835726174206032,6.935137436722335,0.0,12.612853699128706,0.0190815854648133,0.0163914614805928,-13.987966075023907,-486517000.0,3792201000.0,-3648596000.0,4708132000.0,79590500.0,840737000.0,0.0,50.79511779272269,0.0,0.0,1.7718238269917763,0.0,0.0,0.0383102378140036,1.1829196944815423,2007-02-13,0.38,bmo,192072727.0,2025-04-25,2006-12-31,-0.131578947368421,44.72253968253968,967698.4126984128
2006-09-30,KIM,USD,879101,2006-11-07,2006-11-07 17:03:14,2006,Q3,153789000.0,0.0,153789000.0,1.0,0,22624000.0,0.0,22624000.0,0.0,41463000.0,41463000.0,0.0,0.0,36966000.0,87526000.0,0.569130432,112326000.0,0.73039034,-18247000.0,34092000.0,0.2216803543,-2454000.0,88518000.0,0.5755808283,0.37,0.36,241002000,246146000,https://www.sec.gov/Archives/edgar/data/879101/000112528206006811/0001125282-06-006811-index.htm,https://www.sec.gov/Archives/edgar/data/879101/000112528206006811/b415534_10q.htm,0.6381233350760575,0.3672915577464087,0.5009833943286778,-0.4820125974058306,1.2225583190180995,13.629861992846532,13.629861992846532,12.104152662633505,10.721537580600993,10331755740.0,12812872740.0,29.179815800176232,67.18137018902522,85.57169855389355,-88.93958421569134,3.5417596914770537,3.5417596914770537,83.31462419288766,146.3893327696913,106.1212935447001,-110.29795929962296,0.0085675660775929,-0.011243587529877,0.8857734927368557,0.3627150992039929,28.3471996892352,0.4337259953161592,0.0,1.3206812439155118,0.007967958406264,0.9300142343930048,0.147110651607072,0.0,0.0,1.9621328827709583,1.5404482765347327,6.408699886382081,0.0,10.001472114135376,0.0210669570127308,0.0124256612265971,-14.470920365806093,-483598000.0,3284824000.0,-3468580000.0,4391130000.0,141664000.0,714362500.0,0.0,44.337826502545695,0.0,0.0,2.029869461346568,0.0,0.0,0.0303442601876847,0.9829959917345084,2006-10-30,0.37,bmo,167980000.0,2025-04-25,2006-09-30,-0.0540540540540541,39.85920634920635,723982.5396825396
2006-06-30,KIM,USD,879101,2006-07-28,2006-07-28 16:42:05,2006,Q2,151502000.0,0.0,151502000.0,1.0,0,16567000.0,0.0,16567000.0,0.0,40668000.0,40668000.0,0.0,0.0,35840000.0,126096000.0,0.8323058441,110834000.0,0.7315679001,-45687000.0,46560000.0,0.3073226756,-3257000.0,105835000.0,0.698571636,0.44,0.43,240554000,246048000,https://www.sec.gov/Archives/edgar/data/879101/000112528206004402/0001125282-06-004402-index.htm,https://www.sec.gov/Archives/edgar/data/879101/000112528206004402/b414218_10q.txt,0.6298045345327868,0.4399635840601278,0.4448398280635533,-0.3482502889164179,1.3544775809173824,13.311268987420704,13.311268987420704,12.02756969329132,9.93139586122035,8777815460.0,11044506460.0,20.73467061936033,57.938611107444125,82.02952545604067,-104.78096116887302,3.033863110379915,3.033863110379915,72.90007036210743,87.58807939982236,103.21196975927032,-131.83849760662744,0.0120571001386716,-0.0095437185233329,0.8257192528894541,0.3533111500550884,17.975915175739118,0.7306712328767123,0.0,0.9840359008313102,0.0093711243275556,0.7772287050597628,0.1093516917268419,0.0,0.0,1.782866701555024,1.2592639041068765,5.323130580357143,0.0,10.911603230980862,0.020896140384827,0.0156517816869643,-12.79659556689974,-196610000.0,3202079000.0,-3026381000.0,4468655000.0,213482000.0,706168500.0,0.0,123.30431281435229,0.0,0.0,0.72990147664587,0.0,0.0,0.0365795913288724,0.7930901169799712,2006-07-25,0.38,bmo,159475789.0,2025-04-25,2006-06-30,-0.0526315789473684,36.54380952380952,990060.2857142856
2006-03-31,KIM,USD,879101,2006-05-09,2006-05-09 17:24:36,2006,Q1,142705000.0,0.0,142705000.0,1.0,0,16733000.0,0.0,16733000.0,0.0,38311000.0,38311000.0,0.0,0.0,29687000.0,129847000.0,0.9098980414,104394000.0,0.731537087,-46291000.0,53869000.0,0.3774850215,-1653000.0,93286000.0,0.6536981886,0.41,0.4,228674000,233620000,https://www.sec.gov/Archives/edgar/data/879101/000112528206002645/0001125282-06-002645-index.htm,https://www.sec.gov/Archives/edgar/data/879101/000112528206002645/b413129_10q.txt,0.6240543306191346,0.4079431854955089,0.582169376492299,-1.3648075426152515,1.5981484558804238,13.570252849033997,13.570252849033997,12.5168449408328,9.675231989644647,9293311360.0,11346907360.0,24.905428896083013,65.12253501979609,69.8078628677879,-29.777092176766125,3.2468245945448326,3.2468245945448326,79.51303290003854,87.38675025221993,85.23370435749322,-36.35710601866092,0.010037972084043,-0.033582862761202,0.7729768991610525,0.3470107631848387,15.8155059416082,0.915264475743349,0.0,1.3839284786111543,0.008411318309688,0.8379499603370281,0.1172558775095476,0.0,0.0,3.344347878341734,3.1198836761150623,14.997237848216391,0.0,10.718611661223912,0.0196035732413755,0.014631243600811,-11.993666748296702,-54146000.0,3103164000.0,-2687790000.0,4343800000.0,141864000.0,623874000.0,0.0,138.36873270032586,0.0,0.0,0.6504359637008373,0.0,0.0,0.0325915346418253,1.9469769191075503,2006-04-25,0.37,bmo,130239999.0,2025-04-25,2006-03-31,0.0810810810810811,35.97129032258064,1351440.338709677
2005-12-31,KIM,USD,879101,2006-03-07,2006-03-07 15:26:56,2005,Q4,134368000.0,0.0,134368000.0,1.0,0,17966000.0,0.0,17966000.0,0.0,35173000.0,35173000.0,0.0,0.0,27479000.0,126674000.0,0.9427393427,99195000.0,0.7382338057,-46314000.0,52881000.0,0.3935535246,3643000.0,104757000.0,0.7796275899,0.47,0.47,227634000,228674000,https://www.sec.gov/Archives/edgar/data/879101/000112528206001456/0001125282-06-001456-index.htm,https://www.sec.gov/Archives/edgar/data/879101/000112528206001456/b412114_10k.htm,0.5902808894980539,0.4601992672447877,0.3974142702759693,-1.0711273359867155,1.2420156918562253,11.026727114578666,11.026727114578666,10.487071351379846,9.433586371104491,7302498720.0,9373630720.0,17.42723331137776,54.34700762086211,80.72181197148068,-29.94975379883113,3.059004647258268,3.059004647258268,69.7608859252203,73.99806369104947,103.61610258110872,-38.4440919511945,0.0143453636921691,-0.0333892561093115,0.8995444061571355,0.3879938987857557,16.35009552078564,0.3083377192982456,0.0,0.8402295968123937,0.0106681292235817,0.7436639079011427,0.1337074303405572,0.0,0.0,3.695241253523462,2.4878691355084546,12.165289857709524,0.0,10.420566558858413,0.0204178395831227,0.0189275320002977,-11.833057671525344,-315398000.0,2510058000.0,-2883976000.0,3504881000.0,136698500.0,552941000.0,0.0,43.08771433674684,0.0,0.0,2.088762455502184,0.0,0.0,0.0438825342009555,1.4685416062626848,2006-02-13,0.33,bmo,103253333.0,2025-04-25,2005-12-31,0.3636363636363636,30.635079365079363,719271.4285714285
2005-09-30,KIM,USD,879101,2005-11-04,2005-11-04 16:46:37,2005,Q3,130441000.0,0.0,130441000.0,1.0,0,14084000.0,0.0,14084000.0,0.0,33346000.0,33346000.0,0.0,0.0,26671000.0,122377000.0,0.9381789468,97095000.0,0.7443595189,-56065000.0,40074000.0,0.3072193559,-860000.0,82434000.0,0.6319638764,0.36,0.36,227017000,231733000,https://www.sec.gov/Archives/edgar/data/879101/000112528205005697/0001125282-05-005697-index.htm,https://www.sec.gov/Archives/edgar/data/879101/000112528205005697/b409570_10q.txt,0.5745869252082443,0.363118180576785,0.5563768352149839,-0.3134082469594788,1.211081108463243,10.875608434610625,10.875608434610625,10.328627371518431,8.089592409379033,7132874140.0,8899409140.0,21.632075781837592,54.68276186168459,56.4725164876056,-100.25262674106452,3.0420305496393256,3.0420305496393256,68.22555132205365,72.72125595495886,70.4585584330243,-125.0812961531434,0.0115569121762184,-0.009974800985343,0.7832204724207962,0.3553223426015715,14.43518798467032,1.0364111349036402,0.0,1.4799751593550805,0.0101013979198012,0.8740568212145474,0.1079721866591025,0.0,0.0,1.5633021131053702,1.5137571775745355,7.403396947995951,0.0,9.186214047556833,0.0220957284096047,0.0159493823711283,-9.989520608588784,17004000.0,2468948000.0,-2215524000.0,3569647000.0,205588000.0,260327000.0,0.0,144.25004408123212,0.0,0.0,0.6239166204297166,0.0,0.0,0.0351564798995553,0.8697850821744627,2005-10-25,0.33,bmo,134393757.0,2025-04-25,2005-09-30,-0.0303030303030303,31.22796875,745610.9375
2005-06-30,KIM,USD,879101,2005-08-05,2005-08-04 18:20:06,2005,Q2,128137000.0,0.0,128137000.0,1.0,0,12750000.0,0.0,12750000.0,0.0,33162000.0,33162000.0,0.0,0.0,27709000.0,121208000.0,0.9459250646,94975000.0,0.7411988731,-29657000.0,63842000.0,0.4982323607,-2296000.0,80928000.0,0.6315740184,0.36,0.35,226435000,230545000,https://www.sec.gov/Archives/edgar/data/879101/000112528205004101/0001125282-05-004101-index.htm,https://www.sec.gov/Archives/edgar/data/879101/000112528205004101/b408115_10q.txt,0.5658886656214808,0.3574005785324707,0.3636937752555921,-0.6505796365402875,1.0504648133018306,10.721385828162608,10.721385828162608,10.217391304347826,7.76508048667388,6670775100.0,8381684100.0,20.607129485468565,52.05971031005876,81.00221121270629,-45.28269614564808,2.8833191489361703,2.8833191489361703,65.41189586146078,69.15124496732889,101.7775199446286,-56.89672468332949,0.0121317236433289,-0.0220834907175929,0.759986600823401,0.3523744935190073,14.115479176291991,1.075721271393643,0.0,0.9822989849350524,0.0107771584144697,0.8883451957295374,0.0995028758282151,0.0,0.0,2.788811579420301,1.7923550574775435,8.288534411202136,0.0,9.064396569739063,0.0223246932359403,0.0162186146119039,-9.595168591428004,30970000.0,2427697000.0,-2122155000.0,3566979000.0,200331500.0,261404500.0,0.0,141.95525102039224,0.0,0.0,0.6340026124646229,0.0,0.0,0.034979631090412,1.0142734117958796,2005-07-26,0.32,bmo,124132718.0,2025-04-25,2005-06-30,0.03125,28.24109375,568534.375
2005-03-31,KIM,USD,879101,2005-04-29,2005-04-29 16:55:25,2005,Q1,132043000.0,0.0,132043000.0,1.0,0,12004000.0,0.0,12004000.0,0.0,36969000.0,36969000.0,0.0,0.0,26183000.0,119504000.0,0.9050385102,95074000.0,0.7200230228,-34463000.0,58858000.0,0.4457487334,-2637000.0,83871000.0,0.6351794491,0.37,0.36,225461000,234311000,https://www.sec.gov/Archives/edgar/data/879101/000112528205002248/0001125282-05-002248-index.htm,https://www.sec.gov/Archives/edgar/data/879101/000112528205002248/b406356_10q.txt,0.5856578299572875,0.3719978178044096,0.4953051747308847,-0.0494586646914544,1.18917240675771,10.620949964738912,10.620949964738912,10.121799335583535,7.179702919795441,6076173950.0,7598775950.0,18.111665384936387,46.01663056731519,54.410899330181245,-544.8994664155681,2.662570073411388,2.662570073411388,57.54773785812198,63.58595486343553,68.0454899168995,-681.443453501928,0.0138032585456181,-0.0018352009161949,0.709330691288746,0.3345462819786294,12.741012853126255,1.1244987951807228,0.0,1.2868402857801338,0.0117667796525147,0.8524639028984989,0.0909097793900471,0.0,0.0,1.0998549323017408,0.9301742614148422,4.690944505977161,0.0,9.204290492186349,0.023260910019447,0.017333654085812,-8.99039634349178,51667000.0,2394610000.0,-1977345000.0,3470302000.0,125368500.0,565229000.0,0.0,135.33432290996114,0.0,0.0,0.6650197678225177,0.0,0.0,0.0367521431191229,0.5447638394223391,2005-04-25,0.3,bmo,107416666.0,2025-04-25,2005-03-31,0.2,27.27377049180328,696029.5081967213
2004-12-31,KIM,USD,879101,2005-03-07,2005-03-07 15:28:38,2004,Q4,124748000.0,0.0,124748000.0,1.0,0,12951000.0,0.0,12951000.0,0.0,32526000.0,32526000.0,0.0,0.0,25264000.0,117486000.0,0.9417866419,92222000.0,0.739266361,-42506000.0,49716000.0,0.3985314394,1476000.0,72897000.0,0.5843540578,0.33,0.33,226678378,226678378,https://www.sec.gov/Archives/edgar/data/879101/000112528205001161/0001125282-05-001161-index.htm,https://www.sec.gov/Archives/edgar/data/879101/000112528205001161/b405066_10k.htm,0.5503303892530941,0.3215877960799596,0.3136734991107092,-0.7723762696060936,0.714629253258553,10.337514414365538,10.337514414365538,9.865960837252858,7.09783180114338,6573672962.0,8144377962.0,22.54438784174932,52.69561806201302,92.45282142806914,-37.54646684677378,2.939399464317653,2.939399464317653,65.28664156539584,69.32211465195853,114.54338019492847,-46.51777155716497,0.0110892343475848,-0.0266336644691756,0.7194263101412985,0.3387497928771641,13.369295064943907,0.2294467005076142,0.0,0.9379476829316554,0.0101577916008289,0.9160047738590066,0.1038172956680668,0.0,0.0,3.4623574251438054,1.9734504761599383,9.7444585180494,0.0,8.449105487678866,0.0227249953291394,0.0153480390020458,-9.728226041920946,-303598000.0,2343291000.0,-2315904000.0,3153982000.0,116319000.0,303824500.0,0.0,37.64693622342642,0.0,0.0,2.39063278525162,0.0,0.0,0.0325956895009837,1.0860497687168027,2005-02-08,0.31,bmo,133196666.0,2025-04-25,2004-12-31,-0.032258064516129,27.61625,556612.5
2004-09-30,KIM,USD,879101,2004-11-05,2004-11-05 16:11:31,2004,Q3,123274000.0,0.0,123274000.0,1.0,0,11034000.0,0.0,11034000.0,0.0,31394000.0,31394000.0,0.0,0.0,24395000.0,114167000.0,0.9261239191,91880000.0,0.7453315379,-11237000.0,58572000.0,0.4751366874,-24000.0,75602000.0,0.6132842286,0.34,0.33,222358824,229096970,https://www.sec.gov/Archives/edgar/data/879101/000112528204005560/0001125282-04-005560-index.htm,https://www.sec.gov/Archives/edgar/data/879101/000112528204005560/b401977_10q.htm,0.5543922106729616,0.3399999992804423,0.4642766054564131,0.0894185337119789,0.8926382881031967,10.405892414685551,10.405892414685551,9.944534515077306,6.193817610764122,5703503835.599999,6946722835.599999,18.860294157561967,46.266883816538765,55.24723774264791,286.8532834884072,2.579306247176377,2.579306247176377,56.35188957606632,60.84702966356302,67.28973260877987,349.3800148669717,0.0132553605957287,0.0034861026788295,0.6228363531116945,0.3146476745657759,10.889477694955636,1.0920518731988471,0.0,1.3149240233852582,0.0116247839768525,0.8769873812862093,0.0895079254343981,0.0,0.0,0.8074024565074199,0.6761604231224752,3.4168067226890755,0.0,8.722137861748054,0.0236498010924023,0.0172720954746936,-7.777734964095691,31942000.0,2313842000.0,-1684334000.0,3237611000.0,114399000.0,0.0,0.0,131.747489332706,0.0,0.0,0.6831249722924148,0.0,0.0,0.0341896343931387,0.3748580717444341,2004-10-26,0.28,bmo,113264516.0,2025-04-25,2004-09-30,0.107142857142857,24.35171875,606396.875
2004-06-30,KIM,USD,879101,2004-08-03,2004-08-03 16:28:37,2004,Q2,131026000.0,0.0,131026000.0,1.0,0,10395000.0,0.0,10395000.0,0.0,33593000.0,33593000.0,0.0,0.0,26221000.0,121864000.0,0.930074947,97433000.0,0.7436157709,-38121000.0,57522000.0,0.4390121045,-3316000.0,68521000.0,0.5229572757,0.31,0.31,221035484,224659016,https://www.sec.gov/Archives/edgar/data/879101/000112528204003585/0001125282-04-003585-index.htm,https://www.sec.gov/Archives/edgar/data/879101/000112528204003585/b400007_10q.htm,0.5927826502282322,0.3099999998190336,0.3770254372370366,-0.0746215028533608,0.4567411447837941,10.257954781595158,10.257954781595158,9.817704201738032,6.163037605310467,5028557261.0,6335461261.0,18.346774204258548,38.37831621968159,60.34075622780071,-304.87190863344244,2.3172423544775933,2.3172423544775933,48.35270298261414,51.98796413214731,76.02310239272343,-384.1070244331272,0.013626373618419,-0.0032800660594883,0.6277473306049922,0.315212481789523,10.724282807063611,0.5895367412140575,0.0,1.1666806663866722,0.0131665995957722,0.9662585192860584,0.0793353990810984,0.0,0.0,1.197921666506672,0.7619098499534444,3.8072537279279968,0.0,8.275172914637348,0.027144612150669,0.0158551473405761,-8.67328387870972,-128475000.0,2267372000.0,-1869791000.0,3173118000.0,103956000.0,0.0,0.0,33.20547066994337,0.0,0.0,2.710396756443672,0.0,0.0,0.0315756100865367,0.4516469400903974,2004-07-27,0.28,bmo,131026000.0,2025-04-25,2004-06-30,0.0,22.11274193548387,938264.5161290322
2004-03-31,KIM,USD,879101,2004-05-05,2004-05-05 15:33:56,2004,Q1,139927000.0,0.0,139927000.0,1.0,0,10231000.0,0.0,10231000.0,0.0,36548000.0,36548000.0,0.0,0.0,26992000.0,130651000.0,0.9337082908,103379000.0,0.7388066635,-42405000.0,61254000.0,0.4377568303,-2103000.0,68480000.0,0.4893980433,0.31,0.31,220903226,224524590,https://www.sec.gov/Archives/edgar/data/879101/000112528204001944/0001125282-04-001944-index.htm,https://www.sec.gov/Archives/edgar/data/879101/000112528204001944/b331689_10q.txt,0.6334312202394002,0.3099999997283879,0.486642961022217,-0.0866080606717803,0.4616048477263976,10.334683840244145,10.334683840244145,9.77289937811954,7.70133614979439,5630823230.74,7276386230.74,20.556451630914133,40.24114881859827,52.37926373466293,-294.3144067917625,2.6082331367362013,2.6082331367362013,52.00130232721347,55.69330683071695,67.68668413075227,-380.3254354348735,0.0121616320018983,-0.0033977269781004,0.788029821225505,0.3568700820890341,12.595104515082166,0.7244875346260388,0.0,1.5058482399249185,0.011715693655567,0.963332359813084,0.0731166965632079,0.0,0.0,1.1779704374843023,0.9049933179443568,4.691501185536455,0.0,8.256268715506959,0.0251954617103825,0.0143650040978439,-10.24217047875978,-99460000.0,2282965000.0,-2222636000.0,3662706000.0,155834500.0,280468500.0,0.0,102.63423070601098,0.0,0.0,0.8769004198784233,0.0,0.0,0.0317203715841425,0.5732510216939973,2004-05-05,,amc,,2025-04-25,2004-03-31,,23.53903225806452,490722.5806451613
2003-12-31,KIM,USD,879101,2004-03-10,2004-03-10 16:36:01,2003,Q4,122030000.0,0.0,122030000.0,1.0,0,9931000.0,0.0,9931000.0,0.0,30720000.0,30720000.0,0.0,0.0,25156000.0,116466000.0,0.9544046546,85273000.0,0.6987871835,-68362000.0,16911000.0,0.1385806769,-5202000.0,81159000.0,0.6650741621,0.38,0.38,220903226,220903226,https://www.sec.gov/Archives/edgar/data/879101/000112528204000976/0001125282-04-000976-index.htm,https://www.sec.gov/Archives/edgar/data/879101/000112528204000976/b330628_10k.txt,0.5524138429739365,0.3673961737435197,0.3218287088301734,-3.304976632618303,0.4253672601413254,10.121006562393978,10.121006562393978,9.668695377042615,7.633433112470707,4943814197.88,6581776197.88,15.228792240786603,40.5131049568139,69.54009815143544,-6.771606122452334,2.314686638399959,2.314686638399959,53.935722345980494,56.512425925849605,92.57980670220697,-9.015143816951568,0.0164162722852332,-0.1476754527532753,0.7894998047612047,0.3662635685855004,14.063864132021363,0.70304,0.0,0.6029633776058895,0.0126396335903554,0.7699454157887603,0.0813816274686552,0.0,0.0,11.269365479020438,6.565377366221421,0.0,0.0,8.940102792970844,0.0274298740310125,0.0176282193997513,-9.77859304779913,-103936000.0,2235763000.0,-2122098000.0,3464573000.0,146211500.0,280468500.0,0.0,112.17659591903627,0.0,0.0,0.8023063925469596,0.0,0.0,0.0379985261109649,3.6268053414484767,2004-04-26,0.29,bmo,125451793.0,2025-04-25,2003-12-31,0.103448275862069,21.45890625,498756.1875
2003-09-30,KIM,USD,879101,2003-11-10,2003-11-10 17:28:02,2003,Q3,120259000.0,0.0,120259000.0,1.0,0,11234000.0,0.0,11234000.0,0.0,31113000.0,31113000.0,0.0,0.0,21593000.0,109510000.0,0.9106179163,90275000.0,0.7506714674,-29002000.0,58596000.0,0.4872483556,1171000.0,88595000.0,0.736701619,0.41,0.41,216085366,216085366,https://www.sec.gov/Archives/edgar/data/879101/000112528203006009/0001125282-03-006009-index.htm,https://www.sec.gov/Archives/edgar/data/879101/000112528203006009/b327871_10q.txt,0.5565346799097909,0.409999999722332,0.3821637787354836,0.1877822674951528,0.6980389407767669,9.73180201383929,9.73180201383929,9.73180201383929,6.072831419782495,4427589149.339999,5632879149.339999,12.493902447485748,36.81711264304542,53.6157562283846,109.1157342667028,2.105468234029197,2.105468234029197,46.83956418513375,51.437121261437305,68.21117884887381,138.81950734011878,0.0200097608454041,0.0091645811369035,0.6240192115649817,0.329408049530319,11.006209478586433,0.9705333333333334,0.0,1.7209544649369597,0.0133792901739381,0.6686381849991535,0.0934150458593535,0.0,0.0,0.5086340518285299,0.3492711564207252,1.916894852135816,0.0,9.475013114337504,0.0248710755464619,0.0222395931782347,-7.518704436467947,-8840000.0,2102900000.0,-1589601000.0,3000461000.0,135039000.0,0.0,0.0,105.01633973340871,0.0,0.0,0.8570094923177789,0.0,0.0,0.0421299158305197,0.1943815112403308,2003-11-10,,amc,,2025-04-25,2003-09-30,,20.27671875,491290.625
2003-06-30,KIM,USD,879101,2003-08-11,2003-08-11 13:26:01,2003,Q2,118335000.0,0.0,118335000.0,1.0,0,8900000.0,0.0,8900000.0,0.0,31829000.0,31829000.0,0.0,0.0,20573000.0,105067000.0,0.8878776355,89451000.0,0.755913297,-24835000.0,59546000.0,0.5031985465,1241000.0,49318000.0,0.416765961,0.24,0.23,209863830,214426087,https://www.sec.gov/Archives/edgar/data/879101/000112528203004717/0001125282-03-004717-index.htm,https://www.sec.gov/Archives/edgar/data/879101/000112528203004717/b326436_10q.txt,0.5638656265827227,0.2349999997617502,0.3342405406400903,-0.7308500945589338,0.5774172709990092,9.329287471785872,9.329287471785872,9.329287471785872,7.15821301841294,3976919578.5,5421220578.5,20.15957448852346,33.60729774369375,56.69569575165728,-25.928709787519804,2.0312376542484727,2.0312376542484727,45.81248640300841,51.59774789895971,77.2859160096942,-35.34525964115036,0.0124010553963984,-0.038567287311817,0.7672840010623736,0.3744081995208771,13.746476058134334,0.8866890459363957,0.0,1.0624006058311246,0.0159608457619204,1.2870554361490734,0.0752102083069252,0.0,0.0,3.1865991873975337,1.8889086069210288,10.805568983853814,0.0,7.023432740267187,0.0242248664897224,0.0122916049818409,-8.748327427360875,-32067000.0,1957880000.0,-1803519000.0,3058944000.0,128480500.0,0.0,0.0,98.68475091900116,0.0,0.0,0.9119950059343064,0.0,0.0,0.0251894906735857,1.065090635199024,2003-07-28,0.3,bmo,130168499.0,2025-04-25,2003-06-30,-0.0999999999999999,18.60761904761905,590847.619047619
2003-03-31,KIM,USD,879101,2003-05-06,2003-05-05 21:45:26,2003,Q1,124062000.0,0.0,124062000.0,1.0,0,8615000.0,0.0,8615000.0,0.0,34769000.0,34769000.0,0.0,0.0,19867000.0,106608000.0,0.8593122793,90461000.0,0.7291596137,-18610000.0,68104000.0,0.5489513308,1822000.0,66352000.0,0.5348293595,0.32,0.32,210641270,210641270,https://www.sec.gov/Archives/edgar/data/879101/000112528203003152/0001125282-03-003152-index.htm,https://www.sec.gov/Archives/edgar/data/879101/000112528203003152/b324625_10q.txt,0.5889729016540776,0.3149999997626296,0.4026466418475354,-0.1793190859512003,0.631974921153865,9.156287369516903,9.156287369516903,9.156287369516903,6.704526610573512,3698860701.2,5055457701.2,13.936507947009886,29.81461447663265,43.6114403423963,-97.92599547813194,1.9178078724856016,1.9178078724856016,40.74944544824362,47.42099749737356,59.60640579621289,-133.84140901196653,0.0179384965696258,-0.0102117930496127,0.7322319997179435,0.3625742734907565,12.725095677622692,0.9398086642599278,0.0,1.2795932530702152,0.0165185998975786,0.920846394984326,0.0694410859086585,0.0,0.0,1.4453510033720849,0.9881027228321324,6.161958379410878,0.0,8.055754879745836,0.0250842149623796,0.0170348933932792,-8.250267148503236,-16673000.0,1928692000.0,-1706045000.0,2964819000.0,138121500.0,184758000.0,0.0,92.28152053005756,0.0,0.0,0.9752765178016932,0.0,0.0,0.0344025899417843,0.5819657277987358,2003-04-28,0.28,bmo,106338857.0,2025-04-25,2003-03-31,0.1428571428571427,16.381311475409834,608209.8360655737
2002-12-31,KIM,USD,879101,2003-03-27,2003-03-27 16:00:13,2002,Q4,110200000.0,0.0,110200000.0,1.0,0,8781000.0,0.0,8781000.0,0.0,-26854000.0,-26854000.0,0.0,0.0,17852000.0,154906000.0,1.4056805808,161504000.0,1.465553539,-91828000.0,69676000.0,0.6322686025,2813000.0,58353000.0,0.5295190563,0.3,0.3,210641270,210641270,https://www.sec.gov/Archives/edgar/data/879101/000112528203002483/0001125282-03-002483-index.htm,https://www.sec.gov/Archives/edgar/data/879101/000112528203002483/b323865_10k.txt,0.5231643352701016,0.277025485081817,0.2287016214818682,-0.6809586744326028,0.488764618633376,9.500835235184445,9.500835235184445,9.054863750109368,6.182311756855625,3227024256.4,4493312256.4,13.82544280671088,29.28334170961887,66.9868446963092,-22.497694170303543,1.6919083956194216,1.6919083956194216,40.77415840653357,29.00670249312486,93.2725589820235,-31.32581503088442,0.0180826034648705,-0.0444489996365928,0.6827614337963895,0.3466308993797509,8.174557473564613,0.923040293040293,0.0,1.1834328248212838,0.0182769001140998,1.0107449488458178,0.0796823956442831,0.0,0.0,3.977498235562752,1.738765880217786,0.0,0.0,7.512631397272576,0.0459399115462679,0.0155323116694233,-7.315180923472404,-21010000.0,2001268000.0,-1503620000.0,2861403000.0,169833000.0,184758000.0,0.0,121.71724137931034,0.0,0.0,0.7394186639469659,0.0,0.0,0.0305941086168713,0.9096602959144712,2003-02-13,0.31,bmo,113754838.0,2025-04-25,2002-12-31,-0.032258064516129,15.35125,541868.75
2002-09-30,KIM,USD,879101,2002-11-12,2002-11-12 09:29:01,2002,Q3,111101000.0,0.0,111101000.0,1.0,0,7933000.0,0.0,7933000.0,0.0,49216000.0,49216000.0,0.0,0.0,18971000.0,80856000.0,0.7277702271,61885000.0,0.5570156884,821000.0,62706000.0,0.5644053609,2591000.0,56147000.0,0.5053689886,0.27,0.27,207951852,211875472,https://www.sec.gov/Archives/edgar/data/879101/000112528202003314/0001125282-02-003314-index.htm,https://www.sec.gov/Archives/edgar/data/879101/000112528202003314/b321227_10q.txt,0.534263094709058,0.2699999998076478,0.4155000264195772,0.0489344042966253,0.5230201075583593,9.175527804388103,9.175527804388103,9.175527804388103,6.041061851182744,3233651298.6000004,4446406298.6,14.398148158405617,29.10551028883629,37.42478703069303,317.7723367334906,1.694725396893612,1.694725396893612,40.02129862557493,54.991667886118535,51.46065342576733,436.9503045007862,0.017363344039077,0.0031469070287218,0.6583884851064008,0.3405757241148217,14.998948748392204,1.3189118942731275,0.0,1.4221241996806953,0.018228929020739,1.0498512832386415,0.0714034977182923,0.0,0.0,0.8822276746446924,0.6861144364137136,0.0,0.0,7.466011744696544,0.0178919088116839,0.0152217354681591,-7.351718608401718,72393000.0,1908068000.0,-1481146000.0,2879771000.0,188559000.0,0.0,0.0,154.42435261608807,0.0,0.0,0.5828096312227876,0.0,0.0,0.0294261001180251,0.3665656221229518,2002-11-12,,amc,,2025-04-25,2002-09-30,,15.57796875,560312.5
2002-06-30,KIM,USD,879101,2002-08-13,2002-08-13 16:49:03,2002,Q2,115478000.0,0.0,115478000.0,1.0,0,7660000.0,0.0,7660000.0,0.0,51312000.0,51312000.0,0.0,0.0,19138000.0,83291000.0,0.7212715842,64166000.0,0.5556556227,-1841000.0,62661000.0,0.5426228373,2150000.0,56446000.0,0.4888030621,0.27,0.27,208826000,211012000,https://www.sec.gov/Archives/edgar/data/879101/000112528202002466/0001125282-02-002466-index.htm,https://www.sec.gov/Archives/edgar/data/879101/000112528202002466/b319783_10q.txt,0.5529866970587953,0.2703015907980807,0.3179680691101683,0.0630620708149368,0.5503050386446132,9.124721059638167,9.124721059638167,9.124721059638167,5.62789116297779,3445629000.0,4593420000.0,15.260731495588704,29.837969136978472,51.89200301204819,261.64697395398287,1.808274454874601,1.808274454874601,39.77744678640087,55.14905572030592,69.17801204819277,348.8055281342547,0.016381914593823,0.0038219436857537,0.6167740499895302,0.3313805308686498,13.780492490185011,1.837841463414634,0.0,1.087544017688969,0.0170877363755645,1.043085426779577,0.0663329811739032,0.0,0.0,0.801671686746988,0.4609622612099274,0.0,0.0,7.449469706308045,0.0188758627794571,0.0159158523253876,-6.638368785496059,137406000.0,1905479000.0,-1339642000.0,2928013000.0,175370500.0,0.0,0.0,145.34300905800237,0.0,0.0,0.6192248294796449,0.0,0.0,0.0296229976819476,0.2549059982952314,2002-10-28,0.26,bmo,106827884.0,2025-04-25,2002-06-30,0.0384615384615384,16.120625,516434.375
2002-03-31,KIM,USD,879101,2002-05-10,2002-05-10 15:10:03,2002,Q1,115991000.0,0.0,115991000.0,1.0,0,7532000.0,0.0,7532000.0,0.0,50784000.0,50784000.0,0.0,0.0,18846000.0,84053000.0,0.7246510505,65207000.0,0.5621729272,1037000.0,66244000.0,0.571113276,5350000.0,56285000.0,0.4852531662,0.27,0.27,208462963,212396226,https://www.sec.gov/Archives/edgar/data/879101/000112528202001541/0001125282-02-001541-index.htm,https://www.sec.gov/Archives/edgar/data/879101/000112528202001541/b318317_10q.txt,0.5564105888680091,0.2699999999520298,0.3739417250823591,0.2160863462350384,0.5413335701267952,9.091883626349492,9.091883626349492,9.091883626349492,4.966109975132609,3383353889.49,4392137889.49,15.027777780447725,29.16910699528412,43.40248469577823,75.10886403876039,1.785108638320369,1.785108638320369,37.866195562500536,52.254385798127366,56.34341063833335,97.50339407472362,0.0166358595164528,0.0133140077778828,0.5462135437743791,0.3033305859488424,12.001760793784872,1.53945,0.0,1.2801425427792557,0.0173786136243829,1.0446477747179532,0.0649360726263244,0.0,0.0,0.422138981180968,0.283703045925977,0.0,0.0,7.431903727865428,0.0190045621876201,0.016491632002058,-6.14777911412494,97101000.0,1895321000.0,-1240521000.0,2852920000.0,106163500.0,180576000.0,0.0,127.44756058659722,0.0,0.0,0.7061727944086257,0.0,0.0,0.0296968165287041,0.1578553788473207,2002-04-25,0.25,bmo,106711719.0,2025-04-25,2002-03-31,0.08,15.818333333333332,842760.0
2001-12-31,KIM,USD,879101,2002-03-22,2002-03-22 00:00:00,2001,Q4,114852000.0,0.0,114852000.0,1.0,0,7497000.0,0.0,7497000.0,0.0,47478000.0,47478000.0,0.0,0.0,18580000.0,85954000.0,0.7483892314,67374000.0,0.5866158186,746000.0,68120000.0,0.5931111343,6238000.0,57012000.0,0.496395361,0.3,0.3,208462963,208462963,https://www.sec.gov/Archives/edgar/data/879101/000112528202000906/0001125282-02-000906-index.htm,https://www.sec.gov/Archives/edgar/data/879101/000112528202000906/b317285_10k405.txt,0.5509467885669456,0.2734874299949387,0.161793728318061,0.0210349116068162,0.8483233542065696,9.106936660014757,9.106936660014757,9.066761657801056,4.966109975132609,3408369445.05,4349772445.05,14.945842300962958,29.67618713692404,101.05459692392078,777.2792349030788,1.8032899305268968,1.8032899305268968,37.872848927750496,50.605817589059264,128.96621338502135,991.9663500684152,0.0167270599385283,0.0012865389361967,0.5477269793300192,0.3058545328956484,10.952404774646904,1.346814371257485,0.0,0.545037329110242,0.0154754350578407,0.9251736476531256,0.0652753108348135,0.0,0.0,0.8699893263757116,0.2554853202382196,0.0,0.0,7.469405615160745,0.0198363853313585,0.0168436403085696,-6.10861748137006,57918000.0,1898459000.0,-1261402000.0,2806404000.0,48965500.0,180576000.0,0.0,37.67161216173859,0.0,0.0,2.3890668552648,0.0,0.0,0.030163738754468,0.1407588167112447,2002-02-07,0.29,bmo,118812413.0,2025-04-25,2001-12-31,-0.0344827586206894,16.43765625,491835.78125
2001-09-30,KIM,USD,879101,2001-11-08,2001-11-08 00:00:00,2001,Q3,114295000.0,0.0,114295000.0,1.0,0,7056000.0,0.0,7056000.0,0.0,46483000.0,46483000.0,0.0,0.0,18490000.0,83896000.0,0.73403036,67812000.0,0.5933067938,1802000.0,69771000.0,0.6104466512,10521000.0,52707000.0,0.4611487817,0.28,0.27,192374000,202552000,https://www.sec.gov/Archives/edgar/data/879101/000112528201502505/0001125282-01-502505-index.htm,https://www.sec.gov/Archives/edgar/data/879101/000112528201502505/b314648_10q.txt,0.5941291442710553,0.2739819310301808,0.5492842068054935,0.2565523407529084,0.5959121294977492,9.13906764947446,9.13906764947446,9.13906764947446,5.3814444779440045,3087602700.0,4089198700.0,14.645126358927657,27.01432871079225,29.219846121815497,62.56033350893544,1.7561966510799327,1.7561966510799327,35.77758169648716,48.74128325545914,38.69855301510391,82.85445353973336,0.0170705252978305,0.0159845695173151,0.5888395495412996,0.3152208829838576,11.938542957947936,0.835,0.0,1.7834261603375527,0.017070201421964,0.9999810271880396,0.0617349840325473,0.0,0.0,0.5329333383805882,0.4927074675182641,0.0,0.0,7.505906777626241,0.0194179524577403,0.0160486327741416,-7.142624523064447,-32505000.0,1758119000.0,-1361591000.0,2721918000.0,48533500.0,0.0,0.0,39.25919769018767,0.0,0.0,2.292456425376577,0.0,0.0,0.0299791993602253,0.292731866052585,2001-10-24,0.26,bmo,110644444.0,2025-04-25,2001-09-30,0.0384615384615384,15.784745762711864,550510.1694915254
2001-06-30,KIM,USD,879101,2001-08-10,2001-08-10 00:00:00,2001,Q2,117867000.0,0.0,117867000.0,1.0,0,6636000.0,0.0,6636000.0,0.0,47239000.0,47239000.0,0.0,0.0,18930000.0,80712000.0,0.6847718191,70628000.0,0.5992177624,-10614000.0,60032000.0,0.5093198266,680000.0,52602000.0,0.4462826745,0.28,0.27,191374000,200988000,https://www.sec.gov/Archives/edgar/data/879101/000112528201501480/0001125282-01-501480-index.htm,https://www.sec.gov/Archives/edgar/data/879101/000112528201501480/b313033_10q.txt,0.6158987114237043,0.2748649241798781,0.3912025667018508,0.1760270465162456,0.7742222036431281,9.138874664269965,9.138874664269965,9.138874664269965,5.409564517646075,3019881720.0,3971838720.0,14.352504277403902,25.6210959810634,40.33715865680015,89.6453148098673,1.726689617671931,1.726689617671931,33.69763139810125,49.21001486767767,53.05263697806748,117.90419805859828,0.0174185630025271,0.0111550726562893,0.5919289536594389,0.3200242603274093,11.794491525423728,1.2604903225806452,0.0,1.261368422826142,0.0173218704737879,0.994448880270712,0.0563007457558095,0.0,0.0,0.5500360644351241,0.3493683558587221,0.0,0.0,7.517912746426989,0.02344737669633,0.0162607255655565,-6.805493431709636,40376000.0,1748943000.0,-1290592000.0,2747206000.0,48154500.0,0.0,0.0,36.04825778207641,0.0,0.0,2.4966532514297817,0.0,0.0,0.030076451891228,0.2151755201856051,2001-08-10,,amc,,2025-04-25,2001-06-30,,14.533809523809524,487633.3333333333
2001-03-31,KIM,USD,879101,2001-05-10,2001-05-10 00:00:00,2001,Q1,121601000.0,0.0,121601000.0,1.0,0,7791000.0,0.0,7791000.0,0.0,51417000.0,51417000.0,0.0,0.0,18210000.0,88394000.0,0.7269183642,70184000.0,0.5771663062,-12194000.0,57990000.0,0.4768875256,1937000.0,49484000.0,0.4069374429,0.26,0.26,190323077,192794805,https://www.sec.gov/Archives/edgar/data/879101/000112528201500320/0001125282-01-500320-index.htm,https://www.sec.gov/Archives/edgar/data/879101/000112528201500320/tenq.txt,0.6389188421958941,0.2599999998949155,0.3845145904193215,0.1536912940935691,0.1332628727939281,9.038310157207052,9.038310157207052,9.038310157207052,5.72841726387179,2727329693.41,3792216693.41,13.778846159415163,22.42851369158148,37.26776657388429,93.23885314724282,1.5854733629132445,1.5854733629132445,31.185736082844716,42.90129073704097,51.818981353474896,129.64400168917302,0.0181437543541462,0.0107251426443523,0.6337929506993086,0.3400330473760146,12.047050704798968,0.4773205128205128,0.0,1.305585784882165,0.0190747015755749,1.0513095141864035,0.0640701967911448,0.0,0.0,0.6002978874586647,0.361271700068256,0.0,0.0,7.271458890641621,0.0237380088124947,0.0154333366809031,-7.481592734022475,-81538000.0,1720199000.0,-1411645000.0,2635336000.0,46886000.0,154718500.0,0.0,36.33942155080961,0.0,0.0,2.476649218925029,0.0,0.0,0.02876643923174,0.2308232963257524,2001-07-30,0.26,bmo,109199999.0,2025-04-25,2001-03-31,0.0769230769230769,14.251451612903226,391277.4193548387
2000-12-31,KIM,USD,879101,2001-03-16,2001-03-16 00:00:00,2000,Q4,116458000.0,0.0,116458000.0,1.0,0,6624000.0,0.0,6624000.0,0.0,46368000.0,46368000.0,0.0,0.0,18277000.0,88367000.0,0.7587885761,70090000.0,0.6018478765,3679000.0,73769000.0,0.6334386646,16232000.0,47288000.0,0.4060519672,0.28,0.28,184218224,190323077,https://www.sec.gov/Archives/edgar/data/879101/000112528201000957/0001125282-01-000957-index.htm,https://www.sec.gov/Archives/edgar/data/879101/000112528201000957/0001125282-01-000957-0001.txt,0.6321741544962457,0.2566955590669466,0.2382229024203381,0.0203562922200357,0.1036650966736059,9.347891661359194,9.347891661359194,9.273159641360998,5.863969245518294,2713534439.52,3774687439.52,14.34578772373541,23.30054130690893,61.832845836162704,723.609183872,1.588455345284891,1.588455345284891,32.41243572378025,42.71603018683445,86.01315801572291,1006.5833172053332,0.0174267181987064,0.0013819614541775,0.6323593545573485,0.3406280231623902,12.008476014801904,0.4522695035460993,0.0,0.8148278807233837,0.0182190427657683,1.0454660801894773,0.056878874787477,0.0,0.0,0.9145493904523184,0.3446306823060674,0.0,0.0,7.318369026993969,0.0191286568599134,0.0149110094508707,-7.581737678678305,-77230000.0,1722052000.0,-1385526000.0,2642532000.0,43138000.0,154718500.0,0.0,34.52377681224132,0.0,0.0,2.6068990217804937,0.0,0.0,0.0276815636735088,0.2178666102003024,2001-03-16,,amc,,2025-04-25,2000-12-31,,13.656190476190476,318333.3333333333
2000-09-30,KIM,USD,879101,2000-11-13,2000-11-13 00:00:00,2000,Q3,115726000.0,0.0,115726000.0,1.0,0,6405000.0,0.0,6405000.0,0.0,45307000.0,45307000.0,0.0,0.0,18098000.0,88517000.0,0.7648842957,70419000.0,0.6084976583,5750000.0,76169000.0,0.6581839863,18907000.0,44942000.0,0.38834834,0.24,0.24,187258333,189895775,https://www.sec.gov/Archives/edgar/data/879101/000112528200000471/0001125282-00-000471-index.htm,https://www.sec.gov/Archives/edgar/data/879101/000112528200000471/0001125282-00-000471-0001.txt,0.6180018701757855,0.2400000004272173,0.4163232618331596,0.2818779765597934,0.2338480712631357,9.077577338040278,9.077577338040278,9.077577338040278,5.52845891242661,2636597328.64,3628057328.64,14.666666640558942,22.783102575393603,33.819873379168804,49.95069204001212,1.5510746398157016,1.5510746398157016,31.35040810742616,40.987124830710485,46.53742083940482,68.7340354774174,0.0170454545757966,0.0200197426533944,0.6090236091142053,0.3290706460083516,11.20078628963928,0.5404620253164557,0.0,1.513433763006678,0.0178134899439598,1.0450580748520315,0.0553462488982596,0.0,0.0,0.3229348383786557,0.2175483469574685,0.0,0.0,7.001351134793534,0.0186836332049429,0.0142855281071309,-7.322166805789092,-72607000.0,1699852000.0,-1360736000.0,2635279000.0,39351000.0,0.0,0.0,32.35461348357327,0.0,0.0,2.7816743984808787,0.0,0.0,0.0264387723166487,0.1344452852733662,2000-11-13,,amc,,2025-04-25,2000-09-30,,13.787301587301588,478552.38095238095
2000-06-30,KIM,USD,879101,2000-08-10,2000-08-10 00:00:00,2000,Q2,114867000.0,0.0,114867000.0,1.0,0,6440000.0,0.0,6440000.0,0.0,46102000.0,46102000.0,0.0,0.0,17679000.0,86444000.0,0.7525573054,68765000.0,0.5986488722,5490000.0,74255000.0,0.6464432779,17819000.0,44376000.0,0.3863250542,0.24,0.24,182367123,184900000,https://www.sec.gov/Archives/edgar/data/879101/000088981200003414/0000889812-00-003414-index.htm,https://www.sec.gov/Archives/edgar/data/879101/000088981200003414/0000889812-00-003414-0001.txt,0.6298668208962204,0.2433333337171744,0.3558700654613058,0.0552566703593827,0.1027707170661457,8.905409995418966,8.905409995418966,8.905409995418966,5.8796233792644745,2492958571.41,3546466571.41,14.044520525790968,21.70300061296978,38.412896522442566,247.39094685025304,1.5350219705810275,1.5350219705810275,30.87454683599293,41.02617383982694,54.64593555231976,351.9367442105785,0.0178005364826023,0.0040421851031004,0.660230509576652,0.3465707354992186,12.187173198833928,0.3649738562091503,0.0,1.2738782240018844,0.018752016393742,1.053452316567514,0.0560648402064996,0.0,0.0,0.8447279619100448,0.477265010838622,0.0,0.0,6.9826298628689845,0.0186245194396357,0.0143431316936473,-7.804393284199587,-97159000.0,1624054000.0,-1413990000.0,2615523000.0,38394000.0,0.0,0.0,29.06761733134843,0.0,0.0,3.096229008868164,0.0,0.0,0.0273242145889237,0.3006133951019231,2000-08-10,,amc,,2025-04-25,2000-06-30,,13.461904761904762,281399.9682539682
2000-03-31,KIM,USD,879101,2000-05-12,2000-05-12 00:00:00,2000,Q1,112356000.0,0.0,112356000.0,1.0,0,6221000.0,0.0,6221000.0,0.0,45317000.0,45317000.0,0.0,0.0,17074000.0,84113000.0,0.7486293567,67039000.0,0.5966659546,4991000.0,72030000.0,0.6410872584,18330000.0,42091000.0,0.374621738,0.23,0.23,183004348,183004348,https://www.sec.gov/Archives/edgar/data/879101/000088981200002201/0000889812-00-002201-index.html,https://www.sec.gov/Archives/edgar/data/879101/000088981200002201/,0.6139526258687581,0.2299999997814259,0.3486365252917379,0.1389038035314876,0.2107272336502081,8.784518059647413,8.784518059647413,8.784518059647413,5.913793917071303,2287554350.0,3331240350.0,13.586956534651112,20.35987708711595,35.85395990721294,89.99033634933123,1.422957971641044,1.422957971641044,29.64897602264232,39.60434593939106,52.21216184445629,131.0480074744296,0.018399999982514,0.011112304282519,0.673206415755114,0.3520421207947678,12.40814142879222,0.4984267515923566,0.0,1.309860600710341,0.0204336128669467,1.1105224394763726,0.0553686496493289,0.0,0.0,0.6015798877778126,0.3416105948947986,0.0,0.0,6.742394301394263,0.0179411965429053,0.0136916654251536,-7.640639499997016,-78747000.0,1607605000.0,-1388348000.0,2593382000.0,35689000.0,138637500.0,0.0,31.791893623838515,0.0,0.0,2.8309103277986343,0.0,0.0,0.0261824266533134,0.2097327217602502,2000-07-27,0.31,bmo,150220833.0,2025-04-25,2000-03-31,-0.2258064516129032,11.692380952380953,325742.8571428572
1999-12-31,KIM,USD,879101,2000-03-28,2000-03-28 00:00:00,1999,Q4,89980000.0,0.0,89980000.0,1.0,0,6033000.0,0.0,6033000.0,0.0,314830000.0,314830000.0,0.0,0.0,0.0,-224850000.0,-2.4988886419,-224850000.0,-2.4988886419,224850000.0,0.0,0.0,-49278000.0,49278000.0,0.5476550345,0.27,0.27,182101950,183004348,https://www.sec.gov/Archives/edgar/data/879101/000088981200001375/0000889812-00-001375-index.html,https://www.sec.gov/Archives/edgar/data/879101/000088981200001375/,0.4941188164102581,0.270606657424591,0.3149499497396925,-0.3450539656494617,0.1541773715218315,8.888229917362224,8.888229917362224,8.81613294091579,5.695985133602359,2055931015.5,3065105015.5,10.430268149579934,22.84875545121137,35.846965555419935,-32.71951962282167,1.2806068233843162,1.2806068233843162,34.06429223716381,-13.631776808983767,53.4428018673827,-48.78021827802976,0.0239687030491223,-0.0305627958945493,0.6460865746666791,0.3448905327922816,-4.488209917722926,0.3931907894736842,0.0,1.163866228337189,0.0209189898278471,0.8727626932911239,0.0670482329406534,0.0,0.0,2.095583491709239,1.335719048677484,0.0,0.0,7.3265507571722415,,0.0163851681609429,-7.3424213744004385,-92235000.0,1618564000.0,-1329147000.0,2535077000.0,15844500.0,138637500.0,0.0,31.69604356523672,0.0,0.0,2.839471109848843,0.0,0.0,0.0306944846723785,0.6600039153891543,2000-03-28,,amc,,2025-04-25,1999-12-31,,11.31953125,467704.6875
1999-09-30,KIM,USD,879101,1999-11-15,1999-11-15 00:00:00,1999,Q3,114800000.0,0.0,114800000.0,1.0,0,6000000.0,0.0,6000000.0,0.0,-43900000.0,-43900000.0,0.0,0.0,0.0,158700000.0,1.3824041812,158700000.0,1.3824041812,-158700000.0,0.0,0.0,-45600000.0,45600000.0,0.3972125436,0.21,0.21,182101950,182101950,https://www.sec.gov/Archives/edgar/data/879101/000088981299003399/0000889812-99-003399-index.html,https://www.sec.gov/Archives/edgar/data/879101/000088981299003399/,0.6304160938419385,0.250409180132338,0.3569429102763589,0.1954948862436673,0.181217169832613,8.813744169131631,8.813744169131631,8.813744169131631,6.265171789758429,2170655244.0,3278555244.0,11.90052217105263,18.908146724738675,33.39469606153846,60.97346191011236,1.352433173831776,1.352433173831776,28.558843588850173,20.658823213610585,50.439311446153845,92.09424842696627,0.0210074815547263,0.0164005777050056,0.7108411214953271,0.391563990802073,6.981096408317581,0.1964285714285714,0.0,1.4254385964912282,0.0198433169519019,0.9445833333333332,0.0522648083623693,0.0,0.0,0.4523076923076923,0.2560975609756097,0.0,0.0,7.046875559706557,,0.0156502042077084,-7.005416471377709,-135000000.0,1605000000.0,-1275700000.0,2404000000.0,0.0,0.0,0.0,0.0,0.0,0.0,0.0,0.0,0.0,0.028411214953271,0.1614480240326915,1999-11-15,,amc,,2025-04-25,1999-09-30,,12.27671875,201576.5625
1999-06-30,KIM,USD,879101,1999-08-16,1999-08-16 00:00:00,1999,Q2,112300000.0,0.0,112300000.0,1.0,0,5900000.0,0.0,5900000.0,0.0,-43900000.0,-43900000.0,0.0,0.0,0.0,156200000.0,1.3909171861,156200000.0,1.3909171861,-156123000.0,0.0,0.0,-42400000.0,42441000.0,0.3779252004,0.2,0.2,182295632,182295632,https://www.sec.gov/Archives/edgar/data/879101/000088981299002472/0000889812-99-002472-index.html,https://www.sec.gov/Archives/edgar/data/879101/000088981299002472/,0.6160323139283995,0.232814135667277,0.302256282256944,0.0778954484219347,0.1755390386973177,8.696862248460237,8.696862248460237,8.696862248460237,6.08955896430914,2415417124.0,3493517124.0,14.228087957399683,21.50861196794301,43.83697139745916,170.09979746478874,1.5235379866279803,1.5235379866279803,31.10879006233304,22.365666606914218,63.40321459165154,246.02233267605635,0.017570878163568,0.0058789017676931,0.7002018418064841,0.3897138845006143,6.902048655569782,0.2091503267973856,0.0,1.2995283018867925,0.0176892842132554,1.006738766758559,0.0525378450578806,0.0,0.0,0.7422867513611615,0.3642030276046304,0.0,0.0,6.749587433046143,,0.0148994207477619,-6.753315954383372,-121000000.0,1585400000.0,-1231100000.0,2364000000.0,0.0,0.0,0.0,0.0,0.0,0.0,0.0,0.0,0.0,0.026769900340608,0.2243608338350092,1999-08-16,,amc,,2025-04-25,1999-06-30,,12.917936507936508,353590.4761904762
1999-03-31,KIM,USD,879101,1999-03-31,1999-03-30 19:00:00,1999,Q1,116700000.0,0.0,116700000.0,1.0,0,6000000.0,0.0,6000000.0,0.0,-47900000.0,-47900000.0,0.0,0.0,0.0,164600000.0,1.410454156,164600000.0,1.410454156,-164600000.0,0.0,0.0,-39500000.0,39500000.0,0.3384747215,0.18,0.18,215346872,219334777,,,0.5419163924517093,0.1834250000157885,0.2772271519225968,-0.1815675316611982,0.1903905063455019,7.352324114556909,7.352324114556909,7.352324114556909,6.417553165109359,2646613056.88,3987613056.88,16.750715549873416,22.67877512322193,44.331876999664985,-67.6883134751918,1.671580279719573,1.671580279719573,34.16977769391602,24.226081755042525,66.79418855745394,-101.98498866700768,0.0149247355586483,-0.0147735989960291,0.87286048127329,0.4390925843553409,8.147023086269744,0.2252747252747252,0.0,1.5113924050632912,0.0154537135278156,1.0354430379746835,0.0514138817480719,0.0,0.0,1.6549413735343383,0.8466152527849186,0.0,0.0,5.508493545756895,,0.0125500413039334,-7.072775127191075,-141000000.0,1583300000.0,-1523100000.0,2724300000.0,15910470.0,250245115.5,0.0,0.0,0.0,0.0,0.0,0.0,0.0,0.0249478936398661,0.458794683583795,1999-03-30,,amc,,2025-04-25,1999-03-31,,12.83016393442623,415804.8524590164
1998-12-31,KIM,USD,879101,1999-03-30,1999-03-30 00:00:00,1998,Q4,96097629.0,0.0,96097629.0,1.0,0,6082817.0,0.0,6082817.0,0.0,240734342.0,240734342.0,0.0,0.0,0.0,-144636713.0,-1.5051017856,-144636713.0,-1.5051017856,144636713.0,0.0,0.0,-38065970.0,38065970.0,0.3961176815,0.18,0.18,215346872,215346872,https://www.sec.gov/Archives/edgar/data/879101/000088981299001002/0000889812-99-001002-index.html,https://www.sec.gov/Archives/edgar/data/879101/,0.4462457620466388,0.1767658366544558,0.1555902284013672,-0.4875259158628503,0.2039525514909731,7.4204659076729,7.4204659076729,7.360305897547469,3.9714995256583054,2849039116.56,3660368572.56,18.711194779484146,29.64734037881413,85.03104684615104,-27.13701891433774,1.7974796406774851,1.7974796406774851,38.09010285321399,-25.30732686492951,109.24559433333904,-34.864909579389504,0.0133609853858243,-0.036850031433322,0.5395834875533707,0.2803015366501243,-5.609429578228869,0.4303493409090909,0.0,0.8801969646089611,0.013516160861454,1.0116140741980304,0.0632983046855401,0.0,0.0,4.133396749088943,1.4411703123289337,0.0,0.0,5.410511914346538,,0.0124758256475621,-6.433425464382877,-100258516.0,1597974122.0,-1377462815.0,2667693546.0,15910470.0,250245115.5,0.0,29.801823726577062,0.0,0.0,3.0199494106710865,0.0,0.0,0.0240160992104086,0.6431161442642176,1998-12-31,,,,,,,12.78125,356198.4375
1998-09-30,KIM,USD,879101,1998-11-13,1998-11-13 00:00:00,1998,Q3,102700000.0,0.0,102700000.0,1.0,0,5500000.0,0.0,5500000.0,0.0,-41500000.0,-41500000.0,0.0,0.0,0.0,144200000.0,1.4040895813,144200000.0,1.4040895813,-144200000.0,0.0,0.0,-31200000.0,31200000.0,0.3037974684,0.14,0.14,154291786,157347069,https://www.sec.gov/Archives/edgar/data/879101/000088981298002679/0000889812-98-002679-index.html,https://www.sec.gov/Archives/edgar/data/879101/,0.6656219534590131,0.2022142643419786,0.3558193305248278,-1.480960237248145,0.2009180190577351,10.110065094456813,10.110065094456813,10.110065094456813,7.338044554102186,1954876928.62,3056076928.62,15.664077953685895,19.034828905744888,35.60795862695811,-8.555260081487965,1.253206570049362,1.253206570049362,29.757321602921127,21.19332128030513,55.66624642295082,-13.374516098993436,0.0159600840048917,-0.116887153689672,0.7258157574203474,0.3938634940513463,7.636615811373093,0.1693989071038251,0.0,1.520775623268698,0.0140162276196805,0.8782051282051282,0.053554040895813,0.0,0.0,5.162112932604736,2.759493670886076,0.0,0.0,6.782255225904933,,0.0108536839908161,-8.319950356916602,-152000000.0,1559900000.0,-1283700000.0,2498700000.0,0.0,0.0,0.0,0.0,0.0,0.0,0.0,0.0,0.0,0.02000128213347,1.8367795677729728,1998-11-13,,amc,,2025-04-25,1998-09-30,,12.58703125,413896.875
1998-06-30,KIM,USD,879101,1998-08-14,1998-08-14 00:00:00,1998,Q2,72900000.0,0.0,72900000.0,1.0,0,3800000.0,0.0,3800000.0,0.0,-29200000.0,-29200000.0,0.0,0.0,0.0,102100000.0,1.4005486968,102100000.0,1.4005486968,-102100000.0,0.0,0.0,-27500000.0,27500000.0,0.3772290809,0.17,0.17,161683864,164917541,https://www.sec.gov/Archives/edgar/data/879101/000088981298001974/0000889812-98-001974-index.html,https://www.sec.gov/Archives/edgar/data/879101/,0.4508798725888936,0.1700849999477993,0.2183272908420842,-0.2882167635479073,0.2102869090263701,9.189537924452374,9.189537924452374,9.189537924452374,5.7550579073246295,2210218420.88,3106718420.88,20.09289473527273,30.31849685706447,62.61241985495751,-47.42957984721031,1.4875611932157762,1.4875611932157762,42.61616489547325,30.428192173163566,88.00902042152975,-66.66777727210301,0.0124422092134454,-0.0210838890671475,0.6262619464261677,0.3679610882632078,8.780607247796278,0.3008849557522124,0.0,1.2836363636363637,0.0108586553135523,0.8727272727272727,0.0521262002743484,0.0,0.0,2.320113314447592,1.123456790123457,0.0,0.0,5.930224071779885,,0.0108747231888642,-6.240573270811984,-79000000.0,1485800000.0,-1009000000.0,2232100000.0,0.0,0.0,0.0,0.0,0.0,0.0,0.0,0.0,0.0,0.0185085475837932,0.5065440543899916,1998-08-14,,amc,,2025-04-25,1998-06-30,,12.568888888888887,411747.6190476191
1998-03-31,KIM,USD,879101,1998-05-15,1998-05-15 00:00:00,1998,Q1,67100000.0,0.0,67100000.0,1.0,0,3200000.0,0.0,3200000.0,0.0,-27400000.0,-27400000.0,0.0,0.0,0.0,94500000.0,1.4083457526,94500000.0,1.4083457526,-94500000.0,0.0,0.0,-25500000.0,25500000.0,0.3800298063,0.17,0.17,147041864,149925037,https://www.sec.gov/Archives/edgar/data/879101/000088981298001263/0000889812-98-001263-index.html,https://www.sec.gov/Archives/edgar/data/879101/,0.456332626468881,0.1734199996267729,0.2380274504681197,-0.4658537244876058,0.2312266661690306,5.068624538111132,5.068624538111132,5.068624538111132,4.430030892426663,1733623576.56,2351023576.56,16.996309574117646,25.83641693830104,49.53210218742857,-25.30837338043796,2.3260748377297733,2.3260748377297733,35.03760918867362,24.878556365714285,67.17210218742856,-34.32151206656934,0.0147090754560452,-0.0395126144603567,0.8740104655843285,0.4427979063285976,6.533333333333333,0.4533333333333333,0.0,1.3725490196078431,0.0138438357233366,0.9411764705882352,0.0476900149031296,0.0,0.0,2.9571428571428573,1.5424739195231,0.0,0.0,4.4471923135747575,,0.0173339677792128,-4.704782578109864,-41000000.0,745300000.0,-691800000.0,1270300000.0,8101727.0,77826158.5,0.0,0.0,0.0,0.0,0.0,0.0,0.0,0.0342144103045753,0.7038811749557256,1998-05-15,,amc,,2025-04-25,1998-03-31,,11.641147540983606,216708.19672131148
1997-12-31,KIM,USD,879101,1998-03-26,1998-03-26 00:00:00,1997,Q4,47429403.0,0.0,47429403.0,1.0,0,3151341.0,0.0,3151341.0,0.0,141866227.0,141866227.0,0.0,0.0,-3323813.0,-97760637.0,-2.061182111,-94436824.0,-1.9911029451,3323813.0,-91113011.0,-1.9210237793,-114649456.0,23536445.0,0.4962416457,0.16,0.16,147041864,147041864,https://www.sec.gov/Archives/edgar/data/879101/000088981298000713/0000889812-98-000713-index.html,https://www.sec.gov/Archives/edgar/data/879101/,0.3225571392375711,0.160066285612375,0.1693914938401488,-0.4586650438544495,0.2106759065567884,5.085974324971833,5.085974324971833,5.055153619380124,2.790021758701318,1727741902.0,2107013724.0,18.3517721346618,36.42765442356506,69.36593882977517,-25.61782319676554,2.32436061981452,2.32436061981452,44.42420926107798,-21.552782271662164,84.5930662000468,-31.24141689919525,0.0136226626053085,-0.0390353228812297,0.5519163152639143,0.3052704924855895,-3.879596467850347,0.683791768115942,0.0,1.0582584158312778,0.0127108747982428,0.9330683117182736,0.0664427717970643,0.0,0.0,3.7077218191799055,1.9471171500935824,0.0,0.0,4.266859784281401,0.0203173306670658,0.0175136676575502,-3.760209476805871,-21818368.0,747851145.0,-548857347.0,1174969700.0,8101727.0,77826158.5,0.0,30.74697904167168,0.0,0.0,2.9271168357067574,0.0,0.0,0.0316639804967989,0.6280565376945983,1998-03-26,,amc,,2025-04-25,1997-12-31,,11.26828125,235528.125
1997-09-30,KIM,USD,879101,1997-11-12,1997-11-12 00:00:00,1997,Q3,54200000.0,0.0,54200000.0,1.0,0,3000000.0,0.0,3000000.0,0.0,-21400000.0,-21400000.0,0.0,0.0,-900000.0,74700000.0,1.3782287823,75600000.0,1.3948339483,900000.0,76500000.0,1.4114391144,55900000.0,20600000.0,0.3800738007,0.15,0.15,140384353,140384353,https://www.sec.gov/Archives/edgar/data/879101/000088981297002366/0000889812-97-002366-index.html,https://www.sec.gov/Archives/edgar/data/879101/,0.3860829133856535,0.1467400002904882,0.3120005831419118,-0.3483294181652851,0.8761660211519442,5.297598942526023,5.297598942526023,5.297598942526023,3.6927192306111207,1628458494.8,2023858494.8,19.76284581067961,30.045359682656827,37.17941768949772,-33.301809709611454,2.189671231410515,2.189671231410515,37.34056263468634,27.093152540829987,46.20681494977169,-41.3876992801636,0.012650000025042,-0.0300283981176969,0.6970552642194433,0.388460097414762,5.293172690763052,1.6849315068493151,0.0,2.1159420289855078,0.0124043689565946,0.9805825242718448,0.055350553505535,0.0,0.0,2.116438356164384,1.7103321033210332,0.0,0.0,4.182202479939974,0.0176516492316166,0.015436493068565,-3.332280200771378,50000000.0,743700000.0,-467800000.0,1153300000.0,0.0,0.0,0.0,0.0,0.0,0.0,0.0,0.0,0.0,0.0276993411321769,0.660330001307197,1997-11-12,,amc,,2025-04-25,1997-09-30,,11.275,259406.25
1997-06-30,KIM,USD,879101,1997-08-13,1997-08-13 00:00:00,1997,Q2,49000000.0,0.0,49000000.0,1.0,0,2800000.0,0.0,2800000.0,0.0,-18400000.0,-18400000.0,0.0,0.0,-900000.0,66500000.0,1.3571428571,67400000.0,1.3755102041,900000.0,68300000.0,1.393877551,47300000.0,21000000.0,0.4285714286,0.15,0.15,139930035,139930035,https://www.sec.gov/Archives/edgar/data/879101/000088981297001709/0000889812-97-001709-index.html,https://www.sec.gov/Archives/edgar/data/879101/,0.3501749999562281,0.1500749999812406,0.1893803571191846,-0.279425357107929,0.1643678571223111,4.351460356598925,4.351460356598925,4.351460356598925,2.997926785339545,1480459770.3,1876959770.3,17.624521075,30.2134647,55.86640642641509,-37.86342123529412,2.431367663491542,2.431367663491542,38.305301434693874,28.2249589518797,70.8286705773585,-48.00408619693094,0.0141847826069225,-0.0264107142824129,0.6889472819839054,0.3872069411113162,5.962406015037594,0.4107142857142857,0.0,1.261904761904762,0.0136444099361826,0.961904761904762,0.0571428571428571,0.0,0.0,2.475471698113207,1.3387755102040817,0.0,0.0,3.8332129853474672,0.0223914420838563,0.0193834225586117,-3.2266124995966736,-33000000.0,608900000.0,-451500000.0,925500000.0,0.0,0.0,0.0,0.0,0.0,0.0,0.0,0.0,0.0,0.0344884217441287,0.4688057142271136,1997-08-13,,amc,,2025-04-25,1997-06-30,,10.5678125,148425.0
1997-03-31,KIM,USD,879101,1997-05-13,1997-05-13 00:00:00,1997,Q1,48300000.0,0.0,48300000.0,1.0,0,2800000.0,0.0,2800000.0,0.0,-18600000.0,-18600000.0,0.0,0.0,-900000.0,66000000.0,1.3664596273,66900000.0,1.3850931677,900000.0,67800000.0,1.4037267081,47200000.0,20600000.0,0.4265010352,0.15,0.15,140384353,140384353,https://www.sec.gov/Archives/edgar/data/879101/000088981297001123/0000889812-97-001123-index.html,https://www.sec.gov/Archives/edgar/data/879101/,0.3440554375743,0.1467400002904882,0.2129866994507571,0.1047125244791347,0.185205825609354,4.320994377485929,4.320994377485929,4.320994377485929,2.562251364295564,1520362542.99,1854062542.99,18.451001735315533,31.4774853621118,50.84824558494984,103.42602333265306,2.506367528832839,2.506367528832839,38.38638805362319,28.091856711969697,62.00878070200669,126.1267036047619,0.0135493998421503,0.0096687464893014,0.5929772502472799,0.3513724724040246,5.056060606060606,0.4561403508771929,0.0,1.4514563106796117,0.0132863046995843,0.9805825242718448,0.0579710144927536,0.0,0.0,0.5083612040133779,0.3146997929606625,0.0,0.0,3.777090297394063,0.0233692212837047,0.0201230829344534,-2.7859230152237835,-31000000.0,606600000.0,-391100000.0,869800000.0,6760024.0,38194412.5,0.0,0.0,0.0,0.0,0.0,0.0,0.0,0.0339597757995384,0.1082741749716223,1997-05-13,,amc,,2025-04-25,1997-03-31,,11.092459016393445,156206.55737704918
1996-12-31,KIM,USD,879101,1997-03-19,1997-03-19 00:00:00,1996,Q4,33444419.0,0.0,33444419.0,1.0,0,2833924.0,0.0,2833924.0,0.0,122659400.0,122659400.0,0.0,0.0,-2064062.0,-91279043.0,-2.7292757874,-89214981.0,-2.6675596009,2064062.0,-87150919.0,-2.6058434144,-106777812.0,19626893.0,0.5868510677,0.14,0.14,140384353,140384353,https://www.sec.gov/Archives/edgar/data/879101/000088981297000724/0000889812-97-000724-index.html,https://www.sec.gov/Archives/edgar/data/879101/,0.2382346628046218,0.139808266238902,0.1652022501396576,0.061083210605387,0.2665910067626981,4.3449568699440455,4.3449568699440455,4.311768840790967,2.2100041305885423,1632670025.39,1905494819.39,20.796338286834292,48.817413314610135,70.39855686086783,190.39601692079896,2.697268900404816,2.697268900404816,56.974971500925164,-20.875490767250923,82.16239858931242,222.21184821985727,0.0120213470540758,0.0052522107141347,0.5125516260707358,0.3034032591510621,-2.988909447703127,0.9797164230769232,0.0,1.1816343524163504,0.0114853305985823,0.9554112818569908,0.0847353335694066,0.0,0.0,0.6302519453957262,0.4370440401431402,0.0,0.0,3.682861772618254,0.0217305137564398,0.0191937576251705,-2.600270344943642,-1054746.0,609963959.0,-361657258.0,890448593.0,6760024.0,38194412.5,0.0,36.38288110192615,0.0,0.0,2.473690847843144,0.0,0.0,0.0324248055499318,0.1041190395342706,1997-03-19,,amc,,2025-04-25,1996-12-31,,10.03734375,147857.8125
1996-09-30,KIM,USD,879101,1996-11-14,1996-11-14 00:00:00,1996,Q3,45300000.0,0.0,45300000.0,1.0,0,2600000.0,0.0,2600000.0,0.0,-16300000.0,-16300000.0,0.0,0.0,-900000.0,60700000.0,1.3399558499,61600000.0,1.3598233996,900000.0,62500000.0,1.3796909492,42700000.0,19800000.0,0.4370860927,0.14,0.14,133958995,133958995,https://www.sec.gov/Archives/edgar/data/879101/000088981296001699/0000889812-96-001699-index.html,https://www.sec.gov/Archives/edgar/data/879101/,0.3381631819498198,0.1478064238985967,0.1716943307912992,-0.1619898686161388,0.4031084288143547,4.510335420178391,4.510335420178391,4.510335420178391,2.7814481588190474,1328873230.4,1647473230.4,16.778702404040402,29.33494989845475,57.777096973913046,-61.23839771428572,2.1993929665673617,2.1993929665673617,36.36806248123621,27.141239380560133,71.62927088695652,-75.9204253640553,0.0148998411188101,-0.0163296238524333,0.6166832174776564,0.3598956824108953,5.248764415156508,0.9310344827586208,0.0,1.1616161616161615,0.0141473238905874,0.9494949494949496,0.0573951434878587,0.0,0.0,1.943478260869565,0.9867549668874172,0.0,0.0,3.872953957045476,0.022176,0.0191248913358446,-2.8150405278869104,-4000000.0,604200000.0,-377100000.0,880000000.0,0.0,0.0,0.0,0.0,0.0,0.0,0.0,0.0,0.0,0.0327706057596822,0.3336841994074381,1996-11-14,,amc,,2025-04-25,1996-09-30,,9.4859375,172926.5625
1996-06-30,KIM,USD,879101,1996-08-14,1996-08-14 00:00:00,1996,Q2,45600000.0,0.0,45600000.0,1.0,0,2500000.0,0.0,2500000.0,0.0,-18000000.0,-18000000.0,0.0,0.0,-900000.0,62700000.0,1.375,63600000.0,1.3947368421,900000.0,64500000.0,1.4144736842,46100000.0,18400000.0,0.4035087719,0.13,0.13,125463584,125463584,https://www.sec.gov/Archives/edgar/data/879101/000088981296001083/0000889812-96-001083-index.html,https://www.sec.gov/Archives/edgar/data/879101/,0.3634520754643833,0.1466561006259792,0.2279545911903807,0.1219477358466023,0.757191823884132,4.79581389927455,4.79581389927455,4.79581389927455,2.9769594339023504,1170575238.72,1449075238.72,15.904554873913042,25.67050962105263,40.92920415104895,76.5081855372549,1.9454466324081767,1.9454466324081767,31.77796576140351,23.11124782647528,50.66696638881119,94.71079991633988,0.0157187674840277,0.0130704968753057,0.6207412331726774,0.3623399301513387,4.441786283891547,1.6964285714285714,0.0,1.545945945945946,0.0140956338851336,0.8967391304347826,0.0548245614035087,0.0,0.0,0.465034965034965,0.2916666666666667,0.0,0.0,3.97807060399866,0.0204962221124644,0.0178502134264648,-2.662924087996721,39000000.0,601700000.0,-334100000.0,885200000.0,0.0,0.0,0.0,0.0,0.0,0.0,0.0,0.0,0.0,0.030580023267409,0.1060068553437784,1996-08-14,,amc,,2025-04-25,1996-06-30,,8.964761904761904,161395.2380952381
1996-03-31,KIM,USD,879101,1996-05-06,1996-05-06 00:00:00,1996,Q1,43700000.0,0.0,43700000.0,1.0,0,2400000.0,0.0,2400000.0,-20900000.0,-18500000.0,-18500000.0,0.0,0.0,-900000.0,61300000.0,1.4027459954,62200000.0,1.4233409611,900000.0,63100000.0,1.4439359268,47200000.0,15900000.0,0.3638443936,0.13,0.13,125463584,125463584,https://www.sec.gov/Archives/edgar/data/879101/000088981296000425/0000889812-96-000425-index.html,https://www.sec.gov/Archives/edgar/data/879101/,0.3483082389867007,0.1267299999974494,0.2159989308132629,-0.3283821383581709,0.0,4.433158867835307,4.433158867835307,4.0131166665859,3.0989071697489528,1107843446.72,1496643446.72,17.418922118238992,25.351108620594967,40.87983198228783,-26.889404046601943,2.200284899145978,2.200284899145978,34.24813379221968,24.415064383686783,55.22669545092251,-36.32629725048544,0.0143522083802321,-0.0371893701424882,0.7721946375372393,0.4114285714285714,6.34257748776509,0.0,0.0,1.7044025157232705,0.0141716774572103,0.9874213836477987,0.0549199084668192,0.0,0.0,2.52029520295203,1.562929061784897,0.0,0.0,3.38276531713174,0.0186919703228257,0.0168253968253968,-3.0989071697489528,0.0,556200000.0,-388800000.0,838500000.0,0.0,0.0,0.0,0.0,0.0,0.0,0.0,0.0,0.0,0.031578947368421,0.5443810691714338,1996-05-06,,amc,,2025-04-25,1996-03-31,,9.002222222222223,249390.47619047615
1995-12-31,KIM,USD,879101,1995-12-31,1995-12-30 19:00:00,1995,Q4,38200000.0,0.0,38200000.0,1.0,0,2300000.0,0.0,2300000.0,-18300000.0,-16000000.0,-16000000.0,0.0,0.0,0.0,54200000.0,1.4188481675,54200000.0,1.4188481675,-54200000.0,0.0,0.0,-13100000.0,13100000.0,0.3429319372,0.11,0.11,119083315,119083315,,,0.3207838142564305,0.1100070148366293,0.1587124107184957,-0.1234429861143855,0.0,4.15591386585098,4.15591386585098,3.755353972132872,3.269139761519068,1087230665.95,1476530665.95,20.748676831106877,28.461535757853405,57.52543206084656,-73.96126979251702,2.4311955857558143,2.4311955857558143,38.65263523429319,27.2422632094096,78.12331565873016,-100.44426298979592,0.0120489610993022,-0.0135205899358582,0.8705277280858676,0.4402850033928975,7.182656826568266,0.0,0.0,1.4427480916030535,0.0133366363312887,1.1068702290076335,0.0602094240837696,0.0,0.0,1.7777777777777777,0.8795811518324608,0.0,0.0,3.048785627574912,,0.0148156525672924,-3.269139761519068,0.0,494900000.0,-389300000.0,776300000.0,0.0,0.0,0.0,0.0,0.0,0.0,0.0,0.0,0.0,0.029293381037567,0.2821553968328812,1995-12-30,,amc,,2025-04-25,1995-12-31,,8.768253968253967,90407.14285714286
1995-09-30,KIM,USD,879101,1995-09-30,1995-09-29 20:00:00,1995,Q3,38500000.0,0.0,38500000.0,1.0,0,2200000.0,0.0,2200000.0,-18100000.0,-15900000.0,-15900000.0,0.0,0.0,0.0,54400000.0,1.412987013,54400000.0,1.412987013,-54400000.0,0.0,0.0,-13900000.0,13900000.0,0.361038961,0.12,0.12,119083315,119083315,,,0.3233030588710097,0.1167250004755074,0.1797061158399898,-0.042827158447848,0.0,3.759552713157171,3.759552713157171,3.759552713157171,2.934080227780021,1058650670.35,1408050670.35,19.04047968255396,27.49742000909091,49.469657492990656,-207.57856281372548,2.364642998324771,2.364642998324771,36.57274468441558,25.88328438143382,65.79676029672896,-276.0883667352941,0.0131299213133304,-0.0048174531437399,0.7804333258878713,0.4117369785529107,6.422794117647059,0.0,0.0,1.539568345323741,0.0128465417166398,0.9784172661870504,0.0571428571428571,0.0,0.0,1.2383177570093458,0.6883116883116883,0.0,0.0,3.1422540198393785,,0.0163799198680179,-3.3665505532828,-280300000.0,447700000.0,-400900000.0,470600000.0,0.0,0.0,0.0,0.0,0.0,0.0,0.0,0.0,0.0,0.0310475765021219,0.2225332742878379,1995-09-29,,amc,,2025-04-25,1995-09-30,,8.853650793650793,94100.0
1995-06-30,KIM,USD,879101,1995-06-30,1995-06-29 20:00:00,1995,Q2,37500000.0,0.0,37500000.0,1.0,0,2200000.0,0.0,2200000.0,-18200000.0,-16000000.0,-16000000.0,0.0,0.0,0.0,53500000.0,1.4266666667,53500000.0,1.4266666667,-53500000.0,0.0,0.0,-12900000.0,12900000.0,0.344,0.11,0.11,113766646,113766646,,,0.3296220932803099,0.1133900000884266,0.1634925582670337,-0.1107530233421841,0.0,3.5063000802537503,3.5063000802537503,3.5063000802537503,3.1265754287948333,960190492.24,1315890492.2399998,18.608342872868217,25.605079793066665,51.62314474408602,-76.20559462222221,2.407095743895713,2.407095743895713,35.090413126399994,24.5960839671028,70.7468006580645,-104.43575335238091,0.0134348341336998,-0.0131223961305905,0.8917021809977438,0.4448474237118559,6.648598130841122,0.0,0.0,1.441860465116279,0.0140597101399184,1.0465116279069768,0.0586666666666666,0.0,0.0,1.6774193548387095,0.832,0.0,0.0,2.990908849200443,,0.0161330665332666,-3.522121940731205,-286300000.0,398900000.0,-400700000.0,443700000.0,0.0,0.0,0.0,0.0,0.0,0.0,0.0,0.0,0.0,0.0323389320631737,0.2742455816092178,1995-06-29,,amc,,2025-04-25,1995-06-30,,8.538730158730157,88671.42857142857
1995-03-31,KIM,USD,879101,1995-03-31,1995-03-30 19:00:00,1995,Q1,35800000.0,0.0,35800000.0,1.0,0,2100000.0,0.0,2100000.0,-17500000.0,-15400000.0,-15400000.0,0.0,0.0,0.0,51200000.0,1.4301675978,51200000.0,1.4301675978,-51200000.0,0.0,0.0,-12000000.0,12000000.0,0.3351955307,0.11,0.11,109036391,109036391,,,0.3283307496852129,0.1100549998944847,0.140320124865468,0.0137568749868105,0.0,3.6529088714977735,3.6529088714977735,3.6529088714977735,3.15490999697523,930080415.23,1274080415.23,19.376675317291667,25.979899866759773,60.78956962287582,620.0536101533332,2.335125320687923,2.335125320687923,35.588838414245814,24.88438310996094,83.27322975359478,849.3869434866667,0.0129021101869267,0.0016127637733658,0.8636706000502135,0.4362160791275678,6.71875,0.0,0.0,1.275,0.0132246629415998,1.025,0.0586592178770949,0.0,0.0,0.9019607843137256,0.3854748603351955,0.0,0.0,3.00756877278195,,0.0152168399695663,-3.579538871568117,-271000000.0,398300000.0,-390300000.0,433200000.0,3750000.0,0.0,0.0,0.0,0.0,0.0,0.0,0.0,0.0,0.0301280441877981,0.1265632498786575,1995-03-30,,amc,,2025-04-25,1995-03-31,,8.284285714285714,184250.0
1994-12-31,KIM,USD,879101,1994-12-31,1994-12-30 19:00:00,1994,Q4,33900000.0,0.0,33900000.0,1.0,0,2000000.0,0.0,2000000.0,-37900000.0,-35900000.0,-35900000.0,0.0,0.0,0.0,69800000.0,2.0589970501,69800000.0,2.0589970501,-69800000.0,0.0,0.0,-10500000.0,10500000.0,0.3097345133,0.0986,0.0986,104872376,106498475,,,0.3232500425088109,0.100121694582375,0.2021504690615572,-0.1077500141696036,0.0,3.1028189921052234,3.1028189921052234,3.0580026145302552,3.556704007545324,883025405.92,1256025405.92,21.024414426666667,26.047947077286132,41.652141788679245,-78.1438412318584,2.753431262613034,2.753431262613034,37.05089692979351,17.994633322636105,59.24648141132076,-111.15269078938054,0.0118909375988568,-0.012796913796865,1.163080760835672,0.506311931586806,5.343839541547278,0.0245740498034076,0.0,2.019047619047619,0.013023407846367,1.0952380952380951,0.0589970501474926,0.0,0.0,1.5330188679245282,0.9587020648967552,0.0,0.0,2.62466742380674,,0.0142527487444007,-3.8682731856861903,-297700000.0,325400000.0,-403800000.0,366400000.0,3750000.0,0.0,0.0,19.91150442477876,0.0,0.0,4.52,0.0,0.0,0.0327408793264733,0.3099004832311609,1994-12-30,,amc,,2025-04-25,1994-12-31,,8.09095238095238,102549.90476190476
1994-09-30,KIM,USD,879101,1994-09-30,1994-09-29 20:00:00,1994,Q3,32700000.0,0.0,32700000.0,1.0,0,2200000.0,0.0,2200000.0,-17100000.0,-14900000.0,-14900000.0,0.0,0.0,0.0,47600000.0,1.4556574924,47600000.0,1.4556574924,-47600000.0,0.0,0.0,-10300000.0,10300000.0,0.3149847095,0.0967,0.0967,106498475,106498475,,,0.3070466501985122,0.0967149999096231,0.1680775241147819,-0.102348883399504,0.0,3.120232472812404,3.120232472812404,3.120232472812404,3.2207033950486146,858377708.5,1201377708.5,20.83441040048544,26.250082828746176,47.95406192737431,-78.75024848623853,2.583140862172736,2.583140862172736,36.739379464831806,25.2390274894958,67.11607310055867,-110.2181383944954,0.0119993796413924,-0.0126983726302114,1.0321998194402648,0.484121383203952,7.205882352941177,0.0,0.0,1.7378640776699028,0.0133973656190304,1.116504854368932,0.0672782874617737,0.0,0.0,1.6089385474860336,0.8807339449541285,0.0,0.0,2.6057434399488053,,0.0145377558221594,-3.532444948155361,-275000000.0,332300000.0,-376200000.0,362300000.0,0.0,0.0,0.0,0.0,0.0,0.0,0.0,0.0,0.0,0.0309960878724044,0.270426407514286,1994-09-29,,amc,,2025-04-25,1994-09-30,,8.174375,77751.5625
1994-06-30,KIM,USD,879101,1994-06-30,1994-06-29 20:00:00,1994,Q2,32300000.0,0.0,32300000.0,1.0,0,2200000.0,0.0,2200000.0,-17400000.0,-15200000.0,-15200000.0,0.0,0.0,0.0,47500000.0,1.4705882353,47500000.0,1.4705882353,-47500000.0,0.0,0.0,-10100000.0,10100000.0,0.3126934985,0.0967,0.0967,104430543,104430543,,,0.3092964861822082,0.0967150003232291,0.1091634657113676,0.0067030198243822,0.0,3.1925525849271894,3.1925525849271894,3.1925525849271894,3.0508315943545368,832311427.7099999,1150911427.71,20.60176801262376,25.768155656656344,73.00977436052631,1189.0163252999998,2.4964349961307737,2.4964349961307737,35.63193274643963,24.22971426757895,100.95714278157897,1644.1591824428572,0.012134880843567,0.0008410313455937,0.9556088782243553,0.4672924611322969,6.707368421052632,0.0,0.0,1.1287128712871286,0.0136967961996697,1.1287128712871286,0.0681114551083591,0.0,0.0,0.9385964912280702,0.3312693498452012,0.0,0.0,2.6357681605883103,,0.0148137283660897,-3.336188724021094,-250000000.0,333400000.0,-348400000.0,363800000.0,0.0,0.0,0.0,0.0,0.0,0.0,0.0,0.0,0.0,0.0302939412117576,0.1024604458869853,1994-06-29,,amc,,2025-04-25,1994-06-30,,8.055806451612902,93904.83870967742
1994-03-31,KIM,USD,879101,1994-03-31,1994-03-30 19:00:00,1994,Q1,31400000.0,0.0,31400000.0,1.0,0,2100000.0,0.0,2100000.0,-16600000.0,-14500000.0,-14500000.0,0.0,0.0,0.0,45900000.0,1.4617834395,45900000.0,1.4617834395,-45900000.0,0.0,0.0,-9400000.0,9400000.0,0.2993630573,0.0867,0.0867,108407335,108407335,,,0.2896482973223168,0.0867099998353432,0.1143834040381123,-0.4547662757321725,0.0,3.084662121801998,3.084662121801998,3.084662121801998,2.93983797314084,864006459.9499999,1182706459.9499998,22.978895211436168,27.5161292977707,69.67794031854838,-17.525486003042595,2.5837513754485646,2.5837513754485646,37.66581082643312,25.767025271241828,95.37955322177416,-23.989989045638943,0.0108795482854884,-0.0570597585611257,0.9530502392344498,0.4675762910798122,6.943355119825708,0.0,0.0,1.2156862745098038,0.0133100856684167,1.2234042553191489,0.0668789808917197,0.0,0.0,4.975806451612903,1.964968152866242,0.0,0.0,2.4531813368878117,,0.0137910798122065,-3.202735313067146,-250000000.0,334400000.0,-347200000.0,357700000.0,3650000.0,0.0,0.0,0.0,0.0,0.0,0.0,0.0,0.0,0.0281100478468899,0.569149679770285,1994-03-30,,amc,,2025-04-25,1994-03-31,,8.094603174603174,118935.71428571428
1993-12-31,KIM,USD,879101,1993-12-31,1993-12-30 19:00:00,1993,Q4,29400000.0,0.0,29400000.0,1.0,0,2000000.0,0.0,2000000.0,-19700000.0,-17700000.0,-17700000.0,0.0,0.0,0.0,47100000.0,1.6020408163,47100000.0,1.6020408163,-47100000.0,0.0,0.0,-9000000.0,9000000.0,0.306122449,0.0988,0.0988,91065578,91065578,,,0.3228442694340555,0.0988298783981802,0.1614221347170277,-0.3942214038327413,0.0,3.732475074171275,3.732475074171275,3.691845013052023,3.194401291781182,711222164.18,1002122164.18,19.75617122722222,24.19123007414965,48.38246014829931,-19.81120234484679,2.1154734211183817,2.1154734211183817,34.08578789727891,21.276479069639063,68.17157579455782,-27.914266411699163,0.0126542738025839,-0.0504764921680846,0.8652587745389649,0.4456188725490196,6.176220806794055,0.073,0.0,1.5473684210526315,0.014482113351846,1.1444444444444444,0.0680272108843537,0.0,0.0,3.442176870748299,1.7210884353741496,0.0,0.0,2.865214365167001,,0.0137867647058823,-3.3758639296178408,-92700000.0,339900000.0,-305600000.0,458100000.0,3650000.0,0.0,0.0,22.346938775510203,0.0,0.0,4.027397260273973,0.0,0.0,0.0267697798929208,0.555643538549769,1993-12-30,,amc,,2025-04-25,1993-12-31,,7.641875,169642.96875
1993-09-30,KIM,USD,879101,1993-09-30,1993-09-29 20:00:00,1993,Q3,26000000.0,0.0,26000000.0,1.0,0,2000000.0,0.0,2000000.0,-17500000.0,-15500000.0,-15500000.0,0.0,0.0,0.0,41500000.0,1.5961538462,41500000.0,1.5961538462,-41500000.0,0.0,0.0,-8200000.0,8200000.0,0.3153846154,0.09,0.09,91065578,91065578,,,0.285508537594743,0.090045000318342,0.1185958540778163,0.0373357318393125,0.0,3.9751573311268062,3.9751573311268062,3.7039242204118006,2.1951214101995817,748559051.1600001,948459051.16,22.821922291463416,28.79073273692308,69.31102325555555,220.1644268117647,2.2192678658760747,2.2192678658760747,36.47919427538462,22.854434967710844,87.82028251481482,278.95854445882355,0.0109543796007715,0.0045420598344662,0.5926474948117403,0.3557572521801032,4.816867469879518,0.0,0.0,1.255813953488372,0.0125574595423478,1.146341463414634,0.0769230769230769,0.0,0.0,0.6851851851851852,0.2846153846153846,0.0,0.0,2.7393789070037653,,0.0145933440113899,-2.1951214101995817,0.0,362000000.0,-199900000.0,503200000.0,0.0,0.0,0.0,0.0,0.0,0.0,0.0,0.0,0.0,0.0243107026386006,0.0812601222385037,1993-09-29,,amc,,2025-04-25,1993-09-30,,8.0665625,187572.65625
1993-06-30,KIM,USD,879101,1993-06-30,1993-06-29 20:00:00,1993,Q2,27500000.0,0.0,27500000.0,1.0,0,2000000.0,0.0,2000000.0,-17300000.0,-15300000.0,-15300000.0,0.0,0.0,0.0,42800000.0,1.5563636364,42800000.0,1.5563636364,-42800000.0,0.0,0.0,-10200000.0,10200000.0,0.3709090909,0.12,0.12,87384879,87384879,,,0.3146997548626233,0.1167249999854093,0.2105627450717188,-0.4577450979819975,0.0,3.328951225074077,3.328951225074077,3.046293627070194,2.7464705878919853,664998929.19,904998929.19,16.2989933625,24.18177924327273,36.14124615163043,-16.62497322975,2.4981176904207363,2.4981176904207363,32.909051970545455,21.14483479415888,49.1847244125,-22.62497322975,0.0153383705631286,-0.0601504727965831,0.9015777610818934,0.4520625353173855,5.607476635514018,0.0,0.0,1.8217821782178216,0.014135361107197,0.9215686274509804,0.0727272727272727,0.0,0.0,3.1739130434782608,2.1236363636363635,0.0,0.0,2.8285188757448174,,0.0192126577509888,-2.7464705878919853,0.0,290900000.0,-240000000.0,477000000.0,0.0,0.0,0.0,0.0,0.0,0.0,0.0,0.0,0.0,0.0383170548459804,0.6683078430537164,1993-06-29,,amc,,2025-04-25,1993-06-30,,7.323650793650794,261285.7142857143
1993-03-31,KIM,USD,879101,1993-03-31,1993-03-30 19:00:00,1993,Q1,23800000.0,0.0,23800000.0,1.0,0,1900000.0,0.0,1900000.0,-16800000.0,-14900000.0,-14900000.0,0.0,0.0,0.0,38700000.0,1.6260504202,38700000.0,1.6260504202,-38700000.0,0.0,0.0,-7200000.0,7200000.0,0.3025210084,0.0967,0.0967,74445536,74445536,,,0.3196968049232663,0.0967149998087192,0.1477590274855432,0.0523872915630562,0.0,2.080715759773696,2.080715759773696,2.080715759773696,3.9908370059959,564297162.88,861397162.88,19.593651488888888,23.70996482689075,51.29974208,144.69158022564102,3.642977165138799,3.642977165138799,36.19315810420168,22.258324622222226,78.3088329890909,220.8710674051282,0.0127592348032611,0.0069112521850997,1.9180116204002584,0.6261327713382507,7.677002583979328,0.0,0.0,1.5714285714285714,0.0138225043701995,1.0833333333333333,0.0798319327731092,0.0,0.0,0.6454545454545455,0.2983193277310924,0.0,0.0,2.1278673706181785,,0.0151738672286617,-4.293071380398148,-53000000.0,154900000.0,-319600000.0,369800000.0,5950000.0,0.0,0.0,0.0,0.0,0.0,0.0,0.0,0.0,0.0464816010329244,0.095371735922487,1993-08-02,0.14,bmo,31428571.0,2025-04-25,1993-03-31,-0.1428571428571429,7.190322580645161,119903.16129032258
1992-12-31,KIM,USD,879101,1992-12-31,1992-12-30 19:00:00,1992,Q4,21600000.0,0.0,21600000.0,1.0,0,1900000.0,0.0,1900000.0,-16300000.0,-14400000.0,-14400000.0,0.0,0.0,0.0,36000000.0,1.6666666667,36000000.0,1.6666666667,-36000000.0,0.0,0.0,-5400000.0,5400000.0,0.25,0.0714,0.0714,74006054,75676447,,,0.2918680139330223,0.0729670034832555,0.0040537224157364,-0.0270248161049094,0.0702645218727646,2.118745582624902,2.118745582624902,2.0917207665199933,3.756449438582417,509901712.06,787901712.06,23.60656074351851,23.60656074351852,1699.672373533333,-254.95085603,3.293938708397933,3.293938708397933,36.47693111388889,21.88615866833333,2626.3390402,-393.9508560299999,0.0105902762675262,-0.0039223245435282,1.7958656330749354,0.6132803882638429,7.722222222222222,0.855,0.0,0.0555555555555555,0.0141203683567016,1.3333333333333333,0.0879629629629629,0.0,0.0,7.666666666666667,0.1064814814814814,0.0,0.0,1.853132056890416,,0.0119126406353408,-3.815566223811906,-2900000.0,156800000.0,-279400000.0,392100000.0,5950000.0,0.0,0.0,49.583333333333336,0.0,0.0,1.815126050420168,0.0,0.0,0.0348837209302325,0.0310785385206458,1992-12-30,,amc,,2025-04-25,1992-12-31,,6.29453125,98296.875
1992-09-30,KIM,USD,879101,1992-09-30,1992-09-29 20:00:00,1992,Q3,20700000.0,0.0,20700000.0,1.0,0,1800000.0,0.0,1800000.0,-15400000.0,-13600000.0,-13600000.0,0.0,0.0,0.0,34300000.0,1.6570048309,34300000.0,1.6570048309,-34300000.0,0.0,0.0,-5300000.0,5300000.0,0.2560386473,0.07,0.07,75676447,75676447,,,0.2735329263013629,0.0700350004539721,0.1109988686440313,-0.117605944158557,0.0,2.3336190717304683,2.3336190717304683,2.0402649188855286,3.348465870761612,458599268.82,711999268.8199999,21.63204098207547,22.15455404927536,54.59515105,-51.52800773258427,2.9702025182642484,2.9702025182642484,34.396099942995164,20.7579961755102,84.76181771666666,-79.99991784494381,0.0115569307679822,-0.0194069214783097,1.6411917098445596,0.5893023255813954,7.387755102040816,0.0,0.0,1.5849056603773586,0.015699981420655,1.3584905660377358,0.0869565217391304,0.0,0.0,2.0595238095238093,0.8357487922705314,0.0,0.0,1.7930487937332766,,0.0123255813953488,-3.348465870761612,0.0,176600000.0,-253400000.0,378700000.0,0.0,0.0,0.0,0.0,0.0,0.0,0.0,0.0,0.0,0.0343264248704663,0.2286048128025883,1993-03-12,0.14,bmo,,2025-04-25,1992-09-30,-0.5,5.86453125,139190.625
1992-06-30,KIM,USD,879101,1992-06-30,1992-06-29 20:00:00,1992,Q2,20100000.0,0.0,20100000.0,1.0,0,1600000.0,0.0,1600000.0,-15800000.0,-14200000.0,-14200000.0,0.0,0.0,0.0,34300000.0,1.7064676617,34300000.0,1.7064676617,-34300000.0,0.0,0.0,-4300000.0,4300000.0,0.2139303483,0.07,0.07,61397872,61397872,,,0.3273729096018181,0.0700350005615829,0.1319263964067028,0.1156391869737765,0.0,2.5000866479541832,2.5000866479541832,2.5000866479541832,4.651627014043744,346283998.08,631883998.0799999,20.13279058604651,17.22805960597015,42.75111087407408,48.77239409577464,2.255921811596091,2.255921811596091,31.437014829850742,18.422273996501456,78.01037013333332,88.99774620845069,0.0124175532910608,0.020503401945705,1.860586319218241,0.6195227765726681,8.326530612244898,0.0,0.0,1.8837209302325584,0.0176155988547606,1.4186046511627908,0.0796019900497512,0.0,0.0,0.1234567901234567,0.0497512437810945,0.0,0.0,1.9848439032712977,,0.0093275488069414,-5.00831690062483,-29300000.0,153500000.0,-307500000.0,335800000.0,0.0,0.0,0.0,0.0,0.0,0.0,0.0,0.0,0.0,0.0280130293159609,0.0162872094329262,1992-06-29,,amc,,2025-04-25,1992-06-30,,5.498253968253968,61007.142857142855
1992-03-31,KIM,USD,879101,1992-03-31,1992-03-30 19:00:00,1992,Q1,20100000.0,0.0,20100000.0,1.0,0,1600000.0,0.0,1600000.0,-16100000.0,-14500000.0,-14500000.0,0.0,0.0,0.0,34600000.0,1.7213930348,34600000.0,1.7213930348,-34600000.0,0.0,0.0,-4000000.0,4000000.0,0.1990049751,0.0634,0.0634,63126332,63126332,,,0.31840912283641,0.0633649995694348,0.1552442489451153,0.1394029990527566,0.0,1.5492742394726815,1.5492742394726815,1.5492742394726815,4.533765719193062,331413243.0,617613243.0,20.7133276875,16.488221044776118,33.81767785714286,37.66059579545455,3.388683466257669,3.388683466257669,30.727027014925373,17.8500937283237,63.02175948979592,70.18332306818182,0.0120695237275113,0.026552952200525,2.9263803680981595,0.7064922241421872,8.271676300578035,0.0,0.0,2.45,0.0066382380501312,0.55,0.0796019900497512,0.0,0.0,0.1020408163265306,0.0497512437810945,0.0,0.0,1.4862098217059614,,0.0098741051592199,-4.868016091921831,-29900000.0,97800000.0,-307300000.0,326700000.0,,,,0.0,0.0,0.0,0.0,0.0,0.0,0.0408997955010225,0.0158412498923587,1992-03-30,,amc,,2025-04-25,1992-03-31,,5.259206349206349,105114.28571428572
1991-10-31,KIM,USD,879101,1991-10-31,1991-10-30 19:00:00,1991,Q3,16400000.0,0.0,16400000.0,1.0,0,1500000.0,0.0,1500000.0,-18900000.0,-17400000.0,-17400000.0,0.0,0.0,0.0,33800000.0,2.0609756098,33800000.0,2.0609756098,-33800000.0,0.0,0.0,2500000.0,-2500000.0,-0.1524390244,-0.0834,-0.0834,29985007,29985007,,,0.5469400090518571,-0.0833750013798562,0.0500250008279137,-0.040020000662331,0.0,-1.6808400278179023,-1.6808400278179023,-1.6808400278179023,13.159910217796511,133133431.08,527733431.08,-13.313343108000002,8.117892139024391,88.75562072000001,-110.94452590000002,-2.641536330952381,-2.641536330952381,32.17886774878049,15.61341512071006,351.8222873866667,-439.7778592333333,-0.0187781534639315,-0.0090135136626871,-7.829365079365079,1.0214858917939424,11.674556213017752,0.0,0.0,-0.6,0.0,0.0,0.0914634146341463,0.0,0.0,1.8,0.1646341463414634,0.0,0.0,,,-0.0064716541548019,-14.563945241033291,-35900000.0,-50400000.0,-436700000.0,305500000.0,3550000.0,0.0,0.0,0.0,0.0,0.0,0.0,0.0,0.0,0.0496031746031746,0.0900450014902447,1991-10-30,,amc,,2025-04-25,1991-10-31,,,
1991-07-31,KIM,USD,879101,1991-07-31,1991-07-30 20:00:00,1991,Q2,21500000.0,0.0,21500000.0,1.0,0,1700000.0,0.0,1700000.0,-19400000.0,-17700000.0,-17700000.0,0.0,0.0,4000000.0,43200000.0,2.0093023256,39200000.0,1.823255814,0.0,0.0,0.0,37100000.0,2100000.0,0.0976744186,0.07,0.07,29985007,29985007,,,0.7170250118667639,0.0700350011590792,0.186760003090878,0.1534100025389355,0.2201100036428205,-1.5374350254445497,-1.5374350254445497,-1.6108050266588232,13.24328521917637,133133431.08,530233431.08,15.849217985714288,6.192252608372094,23.773826978571428,28.942050234782613,-2.7563857366459628,-2.7563857366459628,24.66202005023256,12.27392201574074,94.68454126428573,115.26813719130436,0.0157736489097025,0.0345518023736341,-8.221532091097309,1.0247741935483872,9.19212962962963,0.3763736263736263,0.0,2.6666666666666665,0.0,0.0,0.0790697674418604,0.0,0.0,0.1785714285714285,0.0465116279069767,0.25,0.0,,,0.0054193548387096,-14.062861482740358,-22700000.0,-46100000.0,-419900000.0,319500000.0,,,,29.720930232558143,0.0,0.0,3.028169014084507,0.0,0.0,-0.0434782608695652,0.0333500005519425,1991-07-30,,amc,,2025-04-25,1991-07-31,,,
