date,symbol,reportedCurrency,cik,fillingDate,acceptedDate,calendarYear,period,revenue,costOfRevenue,grossProfit,grossProfitRatio,researchAndDevelopmentExpenses,generalAndAdministrativeExpenses,sellingAndMarketingExpenses,sellingGeneralAndAdministrativeExpenses,otherExpenses,operatingExpenses,costAndExpenses,interestIncome,interestExpense,depreciationAndAmortization,ebitda,ebitdaratio,operatingIncome,operatingIncomeRatio,totalOtherIncomeExpensesNet,incomeBeforeTax,incomeBeforeTaxRatio,incomeTaxExpense,netIncome,netIncomeRatio,eps,epsdiluted,weightedAverageShsOut,weightedAverageShsOutDil,link,finalLink,revenuePerShare,netIncomePerShare,operatingCashFlowPerShare,freeCashFlowPerShare,cashPerShare,bookValuePerShare,tangibleBookValuePerShare,shareholdersEquityPerShare,interestDebtPerShare,marketCap,enterpriseValue,peRatio,priceToSalesRatio,pocfratio,pfcfRatio,pbRatio,ptbRatio,evToSales,enterpriseValueOverEBITDA,evToOperatingCashFlow,evToFreeCashFlow,earningsYield,freeCashFlowYield,debtToEquity,debtToAssets,netDebtToEBITDA,currentRatio,interestCoverage,incomeQuality,dividendYield,payoutRatio,salesGeneralAndAdministrativeToRevenue,researchAndDdevelopementToRevenue,intangiblesToTotalAssets,capexToOperatingCashFlow,capexToRevenue,capexToDepreciation,stockBasedCompensationToRevenue,grahamNumber,roic,returnOnTangibleAssets,grahamNetNet,workingCapital,tangibleAssetValue,netCurrentAssetValue,investedCapital,averageReceivables,averagePayables,averageInventory,daysSalesOutstanding,daysPayablesOutstanding,daysOfInventoryOnHand,receivablesTurnover,payablesTurnover,inventoryTurnover,roe,capexPerShare,report_date,epsEstimated,time,revenueEstimated,updatedFromDate,fiscalDateEnding,surprise(%),QuarterAvgPrice,QuarterAvgVolume
2024-12-31,KKR,USD,1404912,2025-02-28,2025-02-28 16:28:06,2024,Q4,3200380000.0,2251619000.0,948761000.0,0.2964526088,0,656019000.0,291965000.0,947984000.0,0.0,947984000.0,2907638000.0,809636000.0,847832000.0,-996653000.0,1493792000.0,0.4667545729,292742000.0,0.0914710128,1349871000.0,1642613000.0,0.5132556134,258330000.0,1125555000.0,0.3516941738,1.27,1.18,888222552,956267561,https://www.sec.gov/Archives/edgar/data/1404912/000140491225000015/0001404912-25-000015-index.htm,https://www.sec.gov/Archives/edgar/data/1404912/000140491225000015/kkr-20241231.htm,3.603128509621539,1.2671993043473186,-0.1257061079439919,-0.1855638540463449,126.72239603301584,69.78509142830231,60.75581832333391,26.627975102348,58.16590885208688,131376997666.32,167314944666.32,29.18049266058078,41.050437031327526,-1176.633358706014,-797.084112960163,5.5546844786916445,5.5546844786916445,52.2797119924259,112.0068554834408,-1498.4993476899378,-1015.1250722981156,0.0085673673473552,-0.0012545727404931,2.148544231824292,0.1411178092707294,24.05820020458002,4.121545687497793,0.3452830277696525,-0.0806590848836545,0.0011831599348524,0.1381007591810262,0.2049815959354826,0.0,0.0222716387614419,-0.4761721373874882,0.0166127147401246,0.0,0.0604478218211587,27.553881928544023,0.0008035279469244,0.0031968782542285,-120.07658864306792,165674333000.0,53964688000.0,-79365932000.0,175463711000.0,52601530000.0,2627755500.0,0.0,2958.484742436836,0.0,0.0,0.0304209782491117,0.0,0.0,0.0475890224276039,0.0598577461023529,2025-02-04,1.3,bmo,1991178073.0,2025-05-03,2024-12-31,0.0153846153846153,146.71515625,3107422.65625
2024-09-30,KKR,USD,1404912,2024-11-05,2024-11-05 16:11:10,2024,Q3,4731534000.0,3845895000.0,885639000.0,0.187177985,0,821602000.0,0.0,821602000.0,0.0,821602000.0,4667497000.0,854927000.0,800448000.0,0.0,2445012000.0,0.5167482681,64037000.0,0.0135340885,1580527000.0,1644564000.0,0.3475752261,209896000.0,600550000.0,0.1269250099,0.68,0.64,887444991,941967479,https://www.sec.gov/Archives/edgar/data/1404912/000140491224000029/0001404912-24-000029-index.htm,https://www.sec.gov/Archives/edgar/data/1404912/000140491224000029/kkr-20240930.htm,5.331636380828927,0.6767180006540823,2.114224564934189,2.0639668019716164,130.94700536768255,69.63655283057426,60.53984364648918,27.138228559791376,57.862909274114095,115882566924.78,151972482924.78003,48.240182717833655,24.4915426846304,61.76259710806296,63.26652147469751,4.811662622425929,4.811662622425929,32.11907236105247,62.15612967330223,80.99764687200802,82.96994629713971,0.0051824015979022,0.0158061479703753,2.098918873918173,0.1401604808457356,14.760629395683948,0.1594087177754077,0.0800014491884544,1.3077994351306366,0.0013402015861523,0.258606277578886,0.1736438964614858,0.0,0.022383744553215,0.0237712510752785,0.0094263298118538,0.0,0.0390294141392622,20.32758900795172,0.0006066962011532,0.0017032866585896,-205.81444917975767,-45965078000.0,53725781000.0,-290140504000.0,-36164439000.0,24941680000.0,4854170500.0,0.0,0.0,122.98723444087788,0.0,0.0,0.7317832652238764,0.0,0.0249359680630269,0.0502577629625721,2024-10-24,1.2,bmo,1791382848.0,2025-04-25,2024-09-30,0.1499999999999999,118.3153125,3247866.203125
2024-06-30,KKR,USD,1404912,2024-08-09,2024-08-09 17:04:50,2024,Q2,4108021000.0,3127133000.0,980888000.0,0.2387738524,0,753446000.0,0.0,753446000.0,0.0,753446000.0,3880579000.0,903861000.0,849003000.0,0.0,2059208000.0,0.5012652077,227442000.0,0.055365345,982763000.0,1210205000.0,0.2945956216,216969000.0,667926000.0,0.1625906976,0.75,0.72,887394513,932046386,https://www.sec.gov/Archives/edgar/data/1404912/000140491224000019/0001404912-24-000019-index.htm,https://www.sec.gov/Archives/edgar/data/1404912/000140491224000019/kkr-20240630.htm,4.6293062891634085,0.7526821387952396,3.783933696691677,3.754101418474739,129.3042793470597,65.9570981593392,57.374457757099066,24.42330066559697,57.77195401702917,92741600553.63,127089341553.63,34.71252824176256,22.575736724235345,27.61940572356591,27.838885621385685,4.279110404893568,4.279110404893568,30.936877283156537,61.71758343675336,37.84851745663733,38.14928383905536,0.0072020107051501,0.0359209780736268,2.326271046651696,0.1446828443900916,16.68007360111266,4.104544063308586,0.267893046314324,3.380709116463761,0.001674502047333,0.2325047984357548,0.1834085074053905,0.0,0.0218561309262877,0.0078839325971859,0.0064442221692634,0.0,0.0450112109942962,20.3375784960247,0.0006301236330527,0.0019595720666567,-155.2666621007155,162158995000.0,50913779000.0,-75547428000.0,171131556000.0,49185022000.0,4138891500.0,0.0,1092.862573000479,128.15403118447472,0.0,0.0823525319866183,0.7022798984016906,0.0,0.0308181989445627,0.0298322782169377,2024-07-31,1.06,bmo,1666253859.0,2025-04-25,2024-06-30,0.0283018867924528,101.8068253968254,6788945.253968254
2024-03-31,KKR,USD,1404912,2024-05-09,2024-05-09 16:55:16,2024,Q1,9600353000.0,8573765000.0,1026588000.0,0.106932318,0,684612000.0,0.0,684612000.0,0.0,684612000.0,9258377000.0,890102000.0,808631000.0,0.0,2171682000.0,0.2262085571,341976000.0,0.0356211902,1021075000.0,1363051000.0,0.1419792585,269201000.0,682214000.0,0.0710613453,0.77,0.74,885005824,925141166,https://www.sec.gov/Archives/edgar/data/1404912/000140491224000011/0001404912-24-000011-index.htm,https://www.sec.gov/Archives/edgar/data/1404912/000140491224000011/kkr-20240331.htm,10.847785110168948,0.7708582039794577,1.725901636552394,1.7063593922744626,133.55703521336375,64.306751951951,55.6544021115956,24.204578567835505,57.21942458087146,88500582400.0,122165947400.0,32.43138604602075,9.218471695780352,57.94072957700927,58.60430132875273,4.131449746986547,4.131449746986547,12.725151606404474,56.254068229142206,79.98121514986255,80.8972076724114,0.0077085820397945,0.0170635939227446,2.3262426607145548,0.1466589665663192,15.501977269231867,4.1749444286241095,0.4229073582388011,1.3963825021712302,0.001650000441127,0.2140472051291823,0.0713111278304037,0.0,0.0225366909921843,0.0113229189103548,0.0018014962574813,0.0,0.0191046100075695,20.48930706892818,0.0009486297961061,0.0020541403497128,-144.96888779796325,160260165000.0,49254470000.0,-72125386000.0,169286615000.0,44371289500.0,3371801000.0,26259516000.0,454.5459484666866,40.15106198968598,0.0,0.1979997848481451,2.2415347325836423,0.0,0.0318476193179343,0.0195422442779314,2024-05-01,0.96,bmo,1490673707.0,2025-04-25,2024-03-31,0.0104166666666666,91.96934426229508,3532463.393442623
2023-12-31,KKR,USD,1404912,2024-02-29,2024-02-29 16:21:46,2023,Q4,4372746000.0,3256510000.0,1116236000.0,0.2552711729,0,754941000.0,0.0,754941000.0,0.0,754941000.0,4011451000.0,917330000.0,800366000.0,0.0,2676337000.0,0.6120494993,361295000.0,0.0826242823,-2349868000.0,1875971000.0,0.4290143996,286611000.0,1040429000.0,0.2379349269,1.18,1.14,884998900,912002464,https://www.sec.gov/Archives/edgar/data/1404912/000140491224000005/0001404912-24-000005-index.htm,https://www.sec.gov/Archives/edgar/data/1404912/000140491224000005/kkr-20231231.htm,4.940962073512182,1.1756274499324235,1.2509891255232068,1.217981174891856,-248.19837064204265,65.96495430672287,57.6103947699822,25.82906487228402,56.709612859405816,73322158865.0,102361170865.0,17.618251429218137,16.767989465887112,66.22759407708621,68.0223978070566,3.207626772771883,3.207626772771883,23.4088993197867,38.24674204519087,92.45682585238872,94.96245599362472,0.0141898304155995,0.0147010401314647,2.1605599602496977,0.1556523249839232,10.85028230749715,1.5106335501561616,0.4514122289052758,0.6965847888458248,0.0019915671095945,0.1403517202999916,0.1726468905351465,0.0,0.0233025883858435,0.0263854816623973,0.0066804703497527,0.0,0.0320658917760144,26.13848785935606,0.0011055777853154,0.0033573010540437,-476.9713609248554,20746386000.0,50985136000.0,-197540179000.0,29534897000.0,35031128500.0,2801687500.0,47323924000.0,828.5481365713902,80.66255285566449,1451.4657962051397,0.1086237431809676,1.1157593804530794,0.0620062837411017,0.0455156799421699,0.033007950631351,2024-02-06,0.91,bmo,1612660000.0,2025-04-25,2023-12-31,0.0989010989010988,67.7095238095238,3561736.365079365
2023-09-30,KKR,USD,1404912,2023-11-09,2023-11-09 16:03:02,2023,Q3,3273140000.0,1665476000.0,1607664000.0,0.4911687248,0,605323000.0,0.0,605323000.0,0.0,605323000.0,2270799000.0,873440000.0,769066000.0,0.0,3588256000.0,1.0962733033,1002341000.0,0.3062322418,-748912000.0,2819190000.0,0.8613105458,437210000.0,1490126000.0,0.4552588646,1.71,1.64,862123088,909056980,https://www.sec.gov/Archives/edgar/data/1404912/000140491223000025/0001404912-23-000025-index.htm,https://www.sec.gov/Archives/edgar/data/1404912/000140491223000025/kkr-20230930.htm,3.79660404130135,1.728437645089491,2.286301141258845,2.266096369756426,102.05030490959314,71.44939725822539,65.25770018584632,23.671530532076417,55.26252998342158,53106782220.8,88686377220.8,8.909780485140184,16.225026189163923,26.9430823824384,27.183309951915746,2.6022820922596503,2.6022820922596503,27.09519825635323,24.715732996976804,44.99395873252792,45.39512995689104,0.0280590526800242,0.0367872787298121,2.296871736078209,0.162343909920695,9.915567618363909,4.085858264404777,1.3033224716734324,0.8274935137994441,0.0029895239997767,0.1065440103722772,0.1849364830101981,0.0,0.0184876886724354,0.0088373185569484,0.0053218010839744,0.0,0.044784518841235,30.341097557468785,0.0032564643235747,0.0052581247292581,-111.04641417514156,89451696000.0,56260170000.0,-108695462000.0,96188833000.0,29905315000.0,2534272000.0,41749504000.0,819.5715979151518,145.07884832924643,2276.582454505499,0.109813468681619,0.6203523190076008,0.0395329410634279,0.0730175703149971,0.0202047715024191,2023-11-07,0.82,bmo,1427217464.0,2025-04-25,2023-09-30,0.0731707317073171,60.72714285714286,3197914.793650794
2023-06-30,KKR,USD,1404912,2023-08-08,2023-08-08 16:25:39,2023,Q2,3586660000.0,2393298000.0,1193362000.0,0.3327223657,0,689352000.0,0.0,689352000.0,0.0,689352000.0,3082650000.0,850061000.0,759940000.0,0.0,2210953000.0,0.6164378558,504010000.0,0.1405234954,-1719344000.0,1451013000.0,0.4045582798,324955000.0,861712000.0,0.2402547217,0.98,0.94,861553274,912147881,https://www.sec.gov/Archives/edgar/data/1404912/000140491223000020/0001404912-23-000020-index.htm,https://www.sec.gov/Archives/edgar/data/1404912/000140491223000020/kkr-20230630.htm,4.16301592511852,1.0001842323682006,-3.063212780501836,-3.107963350389404,11.962672896766218,70.3316159645863,64.13186353929403,23.19249151852216,56.14624012211693,48246983344.0,85553540344.0,13.99742122193958,13.451786158710332,-18.281459373783925,-18.01823048942441,2.414574559843079,2.414574559843079,23.85326190494778,38.69532294173599,-32.41743760289884,-31.9506692908328,0.0178604327208607,-0.0554993455426679,2.382848001860915,0.1654984280755106,16.873518794836436,1.4081498638197738,0.6632234123746612,-2.343681231339771,0.0033063621586993,0.1851221753903856,0.1921988702581231,0.0,0.0185662619503941,-0.0146090308098795,0.0107495552965711,0.0,0.0411335337054529,22.845726019073663,0.0015077538651226,0.0030518919019004,-201.5030216227813,11876428000.0,55253017000.0,-186125733000.0,18638778000.0,30185353500.0,2277351000.0,20685096000.0,752.8966001795543,89.64350448627793,1555.7265664367746,0.1195383270140101,1.003976813666144,0.0578507829985415,0.0431253464755792,0.0447505698875679,2023-08-07,0.71,bmo,1169788820.0,2025-04-25,2023-06-30,0.028169014084507,52.38322580645162,2991938.096774193
2023-03-31,KKR,USD,1404912,2023-05-10,2023-05-10 16:32:29,2023,Q1,3090324000.0,2146935000.0,943389000.0,0.3052718744,0,672887000.0,0.0,672887000.0,0.0,672887000.0,2819822000.0,728616000.0,616599000.0,754532000.0,1025034000.0,0.3316914343,270502000.0,0.0875319222,137933000.0,408435000.0,0.1321657535,148747000.0,339994000.0,0.1100188848,0.37,0.36,861108510,887169336,https://www.sec.gov/Archives/edgar/data/1404912/000140491223000015/0001404912-23-000015-index.htm,https://www.sec.gov/Archives/edgar/data/1404912/000140491223000015/kkr-20230331.htm,3.588774195252117,0.3948329345856772,-2.244650909326166,-2.271601055249123,10.787842521728184,66.33702412254641,59.9750965183238,22.83415013515544,53.606838701431485,45225418945.200005,81480621945.20001,33.25457136390642,14.634523417350415,-23.39784764828588,-23.12025691247102,2.300063706734601,2.300063706734601,26.366368686649043,79.49065293951226,-42.15485943582867,-41.65473657731348,0.0075177634155688,-0.0432521145325423,2.316301932579794,0.1611571107832764,35.36975651539363,1.3888849742806786,0.4387000303276521,-5.685065030559363,0.0033326391112623,0.4433019406224815,0.2177399521862432,0.0,0.0193846593624982,-0.012006386298637,0.007509568575981,0.0,0.0595843672055098,14.242635865571042,0.0006769622942047,0.0012268293005305,-224.620798080372,11258759000.0,51645066000.0,-185277068000.0,18123709000.0,31192325500.0,2142700500.0,23040868000.0,884.3666586416181,91.00394748793047,0.0,0.1017677443179952,0.988968088575898,0.0,0.0172913347879671,0.0269501459229569,2023-05-08,0.74,bmo,1418440000.0,2025-04-25,2023-03-31,0.0945945945945946,53.6641935483871,3204671.64516129
2022-12-31,KKR,USD,1404912,2023-02-27,2023-02-27 17:10:42,2022,Q4,2528695000.0,1778956000.0,749739000.0,0.2964924595,0,675205000.0,0.0,675205000.0,0.0,675205000.0,2454161000.0,650943000.0,577624000.0,0.0,628655000.0,0.248608472,74534000.0,0.0294752827,-1383949000.0,51031000.0,0.0201807652,93164000.0,100470000.0,0.0397319566,-0.0489,-0.0475,861069576,886268828,https://www.sec.gov/Archives/edgar/data/1404912/000140491223000005/0001404912-23-000005-index.htm,https://www.sec.gov/Archives/edgar/data/1404912/000140491223000005/kkr-20221231.htm,2.936690681543717,0.1166804667129477,-0.7520124018410331,-0.7827555621358988,14.894175055605494,62.31654966752651,56.69271376044995,20.58930020772212,51.85715794004549,39970849717.92,71222290717.92,99.45966387458944,15.80690819490686,-61.727705402673216,-59.30331542242143,2.2545690981080524,2.2545690981080524,28.16563117256925,113.29312694231336,-109.98987038217238,-105.66995701516451,0.0025135817904555,-0.0168624636392912,2.4860648932077827,0.1590711846071804,49.71159220876315,1.558800828735938,0.129035497140008,15.368832031898986,0.0037707979956309,1.5001692047377326,0.2670171768441824,0.0,0.0174771296854962,-0.0408811878894577,0.0104686409392987,0.0,0.0674715614180437,7.352095350607552,-0.000247876211977,0.0003690565842205,-189.92525407726168,16326229000.0,48816371000.0,-177875533000.0,22545703000.0,31539196500.0,2183676000.0,44800612000.0,1139.575583453125,106.97652443343176,2331.34278756754,0.0789767710951504,0.8413060760447895,0.0386043616065158,0.0056670438303282,0.0307431602948656,2023-02-07,0.86,bmo,1414463072.0,2025-04-25,2022-12-31,0.0697674418604651,48.73857142857143,3274324.507936508
2022-09-30,KKR,USD,1404912,2022-11-08,2022-11-08 16:29:49,2022,Q3,1820800000.0,1081772000.0,739028000.0,0.4058809315,0,566280000.0,0.0,566280000.0,0.0,566280000.0,1648052000.0,500234000.0,417661000.0,0.0,623849000.0,0.3426235721,172748000.0,0.0948747803,-826537000.0,206188000.0,0.1132403339,81685000.0,49887000.0,0.0273983963,0.04,0.04,859833444,859833444,https://www.sec.gov/Archives/edgar/data/1404912/000140491222000019/0001404912-22-000019-index.htm,https://www.sec.gov/Archives/edgar/data/1404912/000140491222000019/kkr-20220930.htm,2.1176194211864128,0.0580193761339667,-1.7271391457994971,-1.7555295278791223,117.20839274542104,60.45681912321615,55.171857213779184,20.295843481984868,48.623223825194685,36972838092.0,67304214092.0,185.28292988153223,20.305820568980668,-24.89666226637182,-24.49403403197031,2.118660406411192,2.118660406411192,36.964089461775046,107.88542434467315,-45.321116090210985,-44.58818407075894,0.0013492878170689,-0.0408262680902121,2.371789941519262,0.1554569931324344,48.61973971265483,1.532684974231055,0.413608165473913,-11.927841096198485,0.0040712049106278,3.0172990959568624,0.311006151142355,0.0,0.0170674561943302,-0.0164378082383647,0.0134067442882249,0.0,0.0956244507908611,5.147322020341395,0.0004374960725511,0.0001906234281768,-79.5866568432758,14926746000.0,47438608000.0,-171317385000.0,20721526000.0,31377987500.0,2473308500.0,44149709000.0,1535.268173330404,187.42872804990333,3620.683397240823,0.0586216802793261,0.4801825255733331,0.0248571858198331,0.002858682674877,0.0283903820796251,2022-11-01,0.84,bmo,1564874372.0,2025-04-25,2022-09-30,0.1071428571428572,50.53140625,2871231.484375
2022-06-30,KKR,USD,1404912,2022-08-05,2022-08-05 17:21:30,2022,Q2,290881000.0,-28557000.0,319438000.0,1.0981741674,0,574282000.0,0.0,574282000.0,0.0,574282000.0,545725000.0,391549000.0,347696000.0,0.0,-2326236000.0,-7.9972084804,-254844000.0,-0.8761108495,-1661749000.0,-1916593000.0,-6.5889246805,-102511000.0,-717375000.0,-2.4662147064,-1.08,-1.08,680747047,680747047,https://www.sec.gov/Archives/edgar/data/1404912/000140491222000015/0001404912-22-000015-index.htm,https://www.sec.gov/Archives/edgar/data/1404912/000140491222000015/kkr-20220630.htm,0.4272967488906345,-1.053805526092866,-5.969162874679352,-6.001898969677058,17.40907441644767,77.58886539833937,70.82964841711609,28.01728348885515,59.87639194268881,31511780805.63,60073585805.630005,-10.981627741986408,108.33220734812518,-7.754856245648445,-7.712559014049966,1.6521944398504391,1.6521944398504391,206.52289357376387,-25.824372851950532,-14.783741514222998,-14.703106706960124,-0.0227652954437862,-0.1296586513216042,2.118893340805801,0.1518856191495229,-12.278120104752912,1.4732884671122797,-0.7329506235332014,2.2399704092758763,0.0034623241597474,-0.1520878201777313,1.974285016896944,0.0,0.0172933019083206,-0.0054842020036963,0.076612085354492,0.0,0.7450331922676283,,-0.0010210772355447,-0.0027435829216084,-228.04905461455493,14217994000.0,48217074000.0,-168997850000.0,20078969000.0,30377139500.0,3008920500.0,22389965000.0,9806.833241084843,-8489.700598802396,-141128.04916482823,0.0091772744358447,-0.0106010805625696,-0.0006377187280105,-0.0376126945537762,0.0327360949977062,2022-08-02,0.93,bmo,1783953833.0,2025-04-25,2022-06-30,0.0215053763440859,52.46451612903226,3658240.2258064514
2022-03-31,KKR,USD,1404912,2022-05-06,2022-05-06 16:10:20,2022,Q1,999363000.0,808272000.0,191091000.0,0.1912128026,0,536241000.0,0.0,536241000.0,0.0,536241000.0,1344513000.0,352556000.0,294978000.0,0.0,1584017000.0,1.585026662,-345150000.0,-0.3453700007,-483297000.0,1289039000.0,1.2898606412,36651000.0,7464000.0,0.0074687576,-0.02,-0.02,592202835,592202835,https://www.sec.gov/Archives/edgar/data/1404912/000140491222000009/0001404912-22-000009-index.htm,https://www.sec.gov/Archives/edgar/data/1404912/000140491222000009/kkr-20220331.htm,1.6875349811521925,0.0126037897133673,1.548148617019032,1.5280744138957052,21.80828634499867,96.7537938247121,92.7759472816438,26.535312008426978,66.97479082483622,34626099762.45,61078853762.45,1159.770222482918,34.648170647152234,37.76769191098997,38.263843349706605,2.2034788956478573,2.2034788956478573,61.1177857919995,38.55946859310853,66.62047839642109,67.49566680566453,0.0002155599403688,0.0261343323737934,2.505215986096297,0.1478370872800983,16.69979173203318,1.4130531980052197,-1.1700872607448691,0.732055880445996,0.0029743748417108,13.79836548767417,0.5365828032456675,0.0,0.0088463078665063,0.0129665866071564,0.0118955774828565,0.0,0.1688995890382173,2.743177643170076,-0.0014192925819894,2.827965910992675e-05,-294.298350074599,12482827000.0,54942179000.0,-166289413000.0,16049390000.0,29033544500.0,3593994500.0,0.0,2616.9306348143764,370.1294984856583,0.0,0.0343914350662121,0.2431581388898331,0.0,0.0004749817793498,0.0200742031233268,2022-05-03,0.98,bmo,1773117000.0,2025-04-25,2022-03-31,0.1224489795918368,62.94806451612904,3699534.2258064514
2021-12-31,KKR,USD,1404912,2022-02-28,2022-02-28 06:16:51,2021,Q4,4053596000.0,2463292000.0,1590304000.0,0.3923193135,0,668554000.0,0.0,668554000.0,0.0,668554000.0,3131846000.0,333922000.0,292569000.0,0.0,1319444000.0,0.3254996305,921750000.0,0.2273906921,105125000.0,1026875000.0,0.2533244556,191582000.0,524808000.0,0.1294672681,1.43,1.31,583030506,637416100,https://www.sec.gov/Archives/edgar/data/1404912/000140491222000004/0001404912-22-000004-index.htm,https://www.sec.gov/Archives/edgar/data/1404912/000140491222000004/kkr-20211231.htm,6.952631051521685,0.9001381481743599,-6.2058656670016505,-6.239369917292115,17.30887474351128,99.7190016674702,95.79816223201192,30.156507796866464,67.89069284137939,43435772697.0,72633946697.0,20.69126837672063,10.715367958967793,-12.004771614077573,-11.940308234254042,2.4704452021378027,2.4704452021378027,17.91839805866199,55.04890446051519,-20.074558074727022,-19.966761449888025,0.0120823912506625,-0.083749931775733,2.234638239070003,0.1486641715865997,22.129149854029425,1.2737955287015894,3.1505388472462905,-4.331664457860894,0.0023488934043309,0.1944063352692794,0.1649286214018367,0.0,0.0086496214093368,-0.0053988036622538,0.0048189311416332,0.0,0.0576014481956268,24.71362011892902,0.0032117059067067,0.0020030880138685,-298.9520500321813,8524166000.0,55853251000.0,-166488726000.0,12019529000.0,29768946000.0,3804183000.0,0.0,644.0637794195574,141.17437153207982,0.0,0.1397377136797069,0.6375094786913842,0.0,0.029848885495551,0.0335042502904642,2022-02-08,1.21,bmo,2034692125.0,2025-04-25,2021-12-31,0.3140495867768596,73.7784375,2668420.96875
2021-09-30,KKR,USD,1404912,2021-11-05,2021-11-05 16:23:25,2021,Q3,4483365000.0,2692983000.0,1790382000.0,0.3993388894,0,469822000.0,0.0,469822000.0,0.0,469822000.0,3162805000.0,402839000.0,300603000.0,0.0,3961530000.0,0.8836063983,1320560000.0,0.2945466184,-1645289000.0,3660927000.0,0.8165578756,379282000.0,1156557000.0,0.257966282,1.94,1.8,583030506,637416100,https://www.sec.gov/Archives/edgar/data/1404912/000140491221000037/0001404912-21-000037-index.htm,https://www.sec.gov/Archives/edgar/data/1404912/000140491221000037/kkr-20210930.htm,7.689760576610377,1.983698945591708,-3.8611890404238975,-3.917704093514448,20.536870501249552,97.86375226136109,94.16264575356544,29.04302575206931,72.34373084416272,35494897205.28,65399274205.28,7.672535206928842,7.917021524073993,-15.767163783650522,-15.539713706500605,2.0962003242951472,2.0962003242951472,14.587095675966602,16.508589914825837,-29.05096644632997,-28.63189015270073,0.0325837540340293,-0.0643512498934699,2.4731632430695853,0.1575547559976094,7.548693812744066,1.3352266031290994,4.3930366629740885,-0.6859946764503778,0.002938675928451,0.0901883780911792,0.1047922709839595,0.0,0.0081183628345635,-0.0146366967529632,0.0073493904689892,0.0,0.0266808524400757,36.003943396888985,0.0050633291282652,0.004386850018073,-298.2202598503482,10837685000.0,54899695000.0,-165574982000.0,14196321000.0,25800528000.0,3560463500.0,0.0,612.8512668497881,125.13975765907176,0.0,0.1468545548785808,0.719195894922493,0.0,0.0683020757728856,0.0565150530905496,2021-11-02,0.93,bmo,1424800000.0,2025-04-25,2021-09-30,0.1290322580645161,62.799375,2621022.8125
2021-06-30,KKR,USD,1404912,2021-08-06,2021-08-06 16:39:10,2021,Q2,3136181000.0,1490591000.0,1645590000.0,0.5247114245,0,489748000.0,0.0,489748000.0,0.0,489748000.0,1980339000.0,381254000.0,276429000.0,0.0,4882970000.0,1.5569796514,1155842000.0,0.3685507947,-303383000.0,4606541000.0,1.4688377361,343667000.0,1315275000.0,0.4193874652,2.19,2.05,582398367,630390360,https://www.sec.gov/Archives/edgar/data/1404912/000140491221000028/0001404912-21-000028-index.htm,https://www.sec.gov/Archives/edgar/data/1404912/000140491221000028/kkr-20210630.htm,5.384941266499121,2.2583768680106893,-2.1190684416874404,-2.1565651127589787,20.024582246124325,90.14321463576492,86.57633993674986,27.589979487356636,66.54035312568107,34501279261.08,61315559261.08,6.557807162205623,11.001048492124658,-27.955680352082663,-27.469608800363066,2.147156362589805,2.147156362589805,19.551026953189247,12.557021497383763,-49.68274255400108,-48.81889780178028,0.0381224994600048,-0.0364038675347565,2.3945546650031004,0.1678477850029295,5.491387413807581,1.427085577834533,4.181334085786947,-0.2895093779454893,0.0031854181164805,0.0835574309555036,0.1561606297595706,0.0,0.0090620683643569,-0.0176948843812138,0.0069632460626475,0.0,0.0282321077769427,37.44252739760701,0.0051870936702703,0.0057901450685403,-256.301357383442,9963977000.0,50421919000.0,-143441460000.0,13230405000.0,20431389000.0,3168068500.0,0.0,604.7033382320727,203.86825762398945,0.0,0.1488333109969699,0.4414615646835724,0.0,0.0818549672733758,0.0374966710715382,2021-08-03,0.84,bmo,1363850000.0,2025-04-25,2021-06-30,0.2500000000000001,55.49761904761905,2641053.222222222
2021-03-31,KKR,USD,1404912,2021-05-10,2021-05-10 16:44:46,2021,Q1,4563006000.0,2771637000.0,1791369000.0,0.3925852826,0,314236000.0,0.0,314236000.0,0.0,314236000.0,3085873000.0,367455000.0,262428000.0,0.0,4616534000.0,1.0117308634,1477133000.0,0.3237192763,-1464840000.0,4354106000.0,0.954218776,438739000.0,1669836000.0,0.3659508666,2.85,2.68,576727967,620888491,https://www.sec.gov/Archives/edgar/data/1404912/000140491221000019/0001404912-21-000019-index.htm,https://www.sec.gov/Archives/edgar/data/1404912/000140491221000019/kkr-20210331.htm,7.911886124988283,2.8953615838782447,-0.1268639708606328,-0.1749403631747235,18.203965475459597,80.28504364172788,77.02234075983348,25.44710303428029,64.17523879156705,28173161187.95,54423652187.95,4.217953318162682,6.17425468823622,-385.0581033259985,-279.23801639310955,1.919668417037225,1.919668417037225,11.927148942593982,11.788855489410452,-743.8380147602711,-539.4195056936557,0.0592704520752967,-0.0035811742717445,2.5040260818372477,0.1697854311462997,5.686190332400888,1.3732094225477232,5.628717210053805,-0.0186868817150474,0.0036699821972488,0.0619192543459357,0.0688660063125053,0.0,0.0086936219775328,-0.3789601727578383,0.0060764767786849,0.0,0.0193210352999755,40.71569356274126,0.0068386555131109,0.007782482141807,-251.0724271847216,8390648000.0,44420938000.0,-139269424000.0,11407736000.0,10863448000.0,2503488000.0,-1262438000.0,390.3547135375233,96.10498777437304,0.0,0.2305595318278349,0.9364758488008365,0.0,0.1137796149124655,0.0480763923140907,2021-05-04,0.62,bmo,1081290000.0,2025-04-25,2021-03-31,0.2096774193548387,44.74524590163934,2882091.885245901
2020-12-31,KKR,USD,1404912,2021-02-19,2021-02-19 16:43:12,2020,Q4,2005164000.0,940964000.0,1064200000.0,0.530729656,0,238093000.0,0.0,238093000.0,0.0,238093000.0,1179057000.0,363388000.0,244626000.0,0.0,5068848000.0,2.52789697,826107000.0,0.4119897425,3998115000.0,4824222000.0,2.4058989689,404137000.0,1511221000.0,0.7536645382,2.6,2.46,570818257,609833753,https://www.sec.gov/Archives/edgar/data/1404912/000140491221000008/0001404912-21-000008-index.htm,https://www.sec.gov/Archives/edgar/data/1404912/000140491221000008/kkr-20201231.htm,3.512788834993412,2.6474643749875715,-3.1644888330893037,-3.237922013415909,9.395300402944187,71.47619316597998,71.3299119302696,24.03009684919731,58.98238465067175,23112431225.93,51173018225.93,3.82346976814278,11.526454307941894,-12.795115462762435,-12.504933668023796,1.684970320931208,1.684970320931208,25.52061488533107,10.095591389982497,-28.329545705439926,-27.687056902516684,0.0653856353417528,-0.0799684369823637,2.4366872843568155,0.4188079312134242,5.535890403499967,1.5352249517290932,3.377020431188835,-0.4086681590964879,0.0046889917785202,0.0717128732329685,0.1187399135432313,0.0,0.0010462806652019,-0.0232053845659861,0.0209045245176953,0.0,0.0648894554260898,37.83415877291838,0.0099183628080389,0.0189558968188378,-58.60727138585548,1869704000.0,40716416000.0,-33643577000.0,2904568000.0,1946034000.0,1798837000.0,-2366367000.0,86.89051868076626,195.8201376460736,-241.4957851735029,1.0357861981542302,0.4596054373256876,-0.3726773116778804,0.1101728549660841,0.0734331803266061,2021-02-08,0.41,amc,981470000.0,2025-04-25,2020-12-31,0.1951219512195122,37.7853125,2504591.421875
2020-09-30,KKR,USD,1404912,2020-11-06,2020-11-06 16:25:47,2020,Q3,1895238000.0,882339000.0,1012899000.0,0.5344442228,0,211360000.0,0.0,211360000.0,0.0,211360000.0,1093699000.0,354865000.0,223709000.0,0.0,3557385000.0,1.8770122803,801539000.0,0.4229226092,2532137000.0,3333676000.0,1.7589748623,359375000.0,1064843000.0,0.5618518624,1.86,1.79,562425576,589116387,https://www.sec.gov/Archives/edgar/data/1404912/000140491220000023/0001404912-20-000023-index.htm,https://www.sec.gov/Archives/edgar/data/1404912/000140491220000023/kkr-202093010xq.htm,3.369757850414683,1.8933047241080656,-2.505942226211989,-2.5696662130457595,7.757657521606023,60.53001757516091,60.38155348753201,21.687591246739466,56.31918488713963,19313694279.84,46402230279.84,4.534399502987765,10.190643222560968,-13.70342845130502,-13.363603344925362,1.583393914488439,1.583393914488439,24.483590071452767,13.043915763922094,-32.923252973124846,-32.10680415641351,0.0551340921405959,-0.0748301168621362,2.578498770794856,0.4451417842726748,7.614732732048963,1.277372230718965,3.582953747949345,-0.4738612534508108,0.0043402364553061,0.0787214641031588,0.1115216136443021,0.0,0.001181793312049,-0.0254291524230775,0.0189105537140981,0.0,0.0339076147692268,30.395352056596952,0.0106355701194777,0.0150887819507252,-56.69263963202128,947417000.0,33960130000.0,-32248598000.0,1913791000.0,1876797500.0,1322333500.0,-2114786000.0,92.89407451729018,158.13758657386788,-225.20507424017305,0.9688454346272484,0.5691246587854051,-0.3996357555603667,0.0872989859762645,0.0637239868337708,2020-10-30,0.4,bmo,1516190400.0,2025-04-25,2020-09-30,0.1999999999999999,34.97734375,3430613.328125
2020-06-30,KKR,USD,1404912,2020-08-07,2020-08-07 19:58:57,2020,Q2,1331994000.0,591324000.0,740670000.0,0.5560610633,0,165744000.0,0.0,165744000.0,0.0,165744000.0,757068000.0,331732000.0,240067000.0,0.0,2397496000.0,1.7999300297,574926000.0,0.4316280704,1582503000.0,2157429000.0,1.6196987374,206264000.0,706969000.0,0.5307598983,1.25,1.24,558774162,565611138,https://www.sec.gov/Archives/edgar/data/1404912/000140491220000018/0001404912-20-000018-index.htm,https://www.sec.gov/Archives/edgar/data/1404912/000140491220000018/kkr-202063010xq.htm,2.383778797560077,1.265214192205258,-2.382953777307978,-2.4369738126867797,4.392724587004079,52.60562137445432,52.45618712054907,17.81554816953043,51.75072143010077,17254946122.559998,43477304122.56,6.1017336412770575,12.954222108027512,-12.958707086163091,-12.671453357126804,1.733317420612038,1.733317420612038,32.64076574110694,18.13446367483408,-32.65206654477208,-31.92827305107225,0.0409719621828127,-0.0789175457476288,2.880691035067536,0.4617086238497132,10.937393847580976,0.8882271073193467,2.3948564359116413,-0.6824297278805227,0.0048448137366653,0.1182470518509298,0.1244329929414096,0.0,0.0013443807188305,-0.022669359302398,0.022661513490301,0.0,0.0457975035923585,22.520233095710665,0.0087613476346682,0.011397783947934,-53.552898979606006,-308875000.0,29311162000.0,-30261179000.0,774000000.0,1527917500.0,988143500.0,-1735531500.0,121.44737138455578,166.55686222781418,-307.706536518051,0.7410617370632125,0.5403560009247727,-0.2924864743480037,0.0710174158081269,0.0540200353788012,2020-08-04,0.36,bmo,1220994500.0,2025-04-25,2020-06-30,0.0833333333333334,26.865396825396825,4267598.46031746
2020-03-31,KKR,USD,1404912,2020-05-11,2020-05-11 16:08:17,2020,Q1,-1001505000.0,-262137000.0,-739368000.0,0.7382569233,0,165445000.0,0.0,165445000.0,0.0,165445000.0,-96692000.0,353455000.0,261469000.0,0.0,-5098706000.0,5.0910439788,-904813000.0,0.9034533028,193384000.0,-4588632000.0,4.5817364866,-360679000.0,-1280524000.0,1.2785997074,-2.31,-2.31,557950216,559149821,https://www.sec.gov/Archives/edgar/data/1404912/000140491220000011/0001404912-20-000011-index.htm,https://www.sec.gov/Archives/edgar/data/1404912/000140491220000011/kkr-202033110xq.htm,-1.7949719729116478,-2.295050639428375,-2.5206657505801555,-2.602113877486159,3.55281160066797,47.65663537264407,47.5069804435742,16.714684809800307,47.54339946343887,13095091569.52,37378180569.52,-2.556588468767474,-13.075413072845366,-9.311032212263031,-9.019589881544237,1.4041545064755785,1.4041545064755785,-37.32201094305071,-7.330915053646944,-26.57709123078257,-25.74520823054723,-0.0977865632479069,-0.1108697860028189,2.816372294890329,0.4723898054129349,-4.762598392611772,0.9763604849954712,-3.4604981852533188,0.3326446627954473,0.0059626921725192,-0.0609766002042913,-0.1651963794489293,0.0,0.0015017695251395,-0.0323121488389554,-0.0453757095571165,0.0,-0.0712717360372639,,-0.0155624410170611,-0.0230652005243384,-48.05018482150744,-47995000.0,26506530000.0,-27028753000.0,1027126000.0,1154963500.0,1224648500.0,-1337087000.0,-113.08778288675542,-302.80639512926444,497.60777761246976,-0.7958419353762093,-0.2972196144060302,0.1808653402320628,-0.1373074434573076,0.0814481269060033,2020-05-06,0.42,bmo,966118000.0,2025-04-25,2020-03-31,0.0,28.716290322580647,4469867.274193549
2019-12-31,KKR,USD,1404912,2020-02-18,2020-02-14 18:25:15,2019,Q4,1063071000.0,535834000.0,527237000.0,0.495956526,0,215486000.0,0.0,215486000.0,0.0,215486000.0,751320000.0,350138000.0,260950000.0,0.0,1717728000.0,1.6158168175,311751000.0,0.2932551071,1145027000.0,1456778000.0,1.3703487349,142626000.0,523442000.0,0.4923866797,0.93,0.91,555379973,566277984,https://www.sec.gov/Archives/edgar/data/1404912/000140491220000006/0001404912-20-000006-index.htm,https://www.sec.gov/Archives/edgar/data/1404912/000140491220000006/kkr-2019123110xk.htm,1.9141327589786896,0.9424934737428856,-3.906098717030979,-3.984490092515453,4.225418837708071,54.92163110462033,54.77128358749803,19.45963218951001,49.1091420756002,16200433812.410002,40867004812.41,7.737454107814237,15.23927735062851,-7.467809216601694,-7.320886568344973,1.4990005831520548,1.4990005831520548,38.44240395270871,23.791313183699632,-18.83819894744048,-18.467573775121945,0.0323103693432597,-0.1365954779744755,2.4994965528536226,0.4435728419229121,14.35999820693381,0.9020216288728348,1.194677141214792,-1.6507747962183978,0.0047602428979972,0.1473286438612109,0.2027014188139832,0.0,0.0013711154963818,-0.0200689693639025,0.040953990843509,0.0,0.0680932882187549,20.31410760164297,0.0048240147890594,0.0086070040428132,-50.18909054180101,-254902000.0,30418874000.0,-28050232000.0,797967000.0,1143025500.0,1510926500.0,-1343623000.0,89.02081798863857,263.2531157037441,-205.72462740326296,1.010999472185106,0.3418762955925767,-0.4374780070622334,0.0484332624874045,0.0783913754844739,2020-01-31,0.41,bmo,1072673681.0,2025-04-25,2019-12-31,0.0731707317073171,28.4821875,2746397.90625
2019-09-30,KKR,USD,1404912,2019-11-05,2019-11-05 17:20:38,2019,Q3,790485000.0,427527000.0,362958000.0,0.4591586178,0,192006000.0,0.0,192006000.0,0.0,192006000.0,619533000.0,344140000.0,268747000.0,0.0,658491000.0,0.8330214995,170952000.0,0.2162621682,218792000.0,389744000.0,0.4930441438,53132000.0,249554000.0,0.3156973251,0.44,0.43,546336936,559532065,https://www.sec.gov/Archives/edgar/data/1404912/000140491219000028/0001404912-19-000028-index.htm,https://www.sec.gov/Archives/edgar/data/1404912/000140491219000028/kkr-201993010xq.htm,1.4468818560713237,0.4567767316394658,-0.7302123903993194,-0.7644604867059547,4.918182943428156,52.32155308642724,52.153832410847656,18.51925676868386,46.76591919093678,14669146731.6,37263363731.6,14.695363259655226,18.557147487428605,-36.77012380646811,-35.12280944133048,1.4498422013027792,1.4498422013027792,47.13987454739812,56.58902510679721,-93.405466788656,-89.2208693139999,0.0170121687761439,-0.0284715265067394,2.4986970428417217,0.4385667535819078,34.3121120865737,1.0506217158113,0.6361075658518979,-1.1851686808551092,0.0052136638483033,0.3064667366581982,0.2428964496480009,0.0,0.0015895901138014,-0.0469015546119486,0.0236702783734036,0.0,0.0966115739071582,13.796058333154727,0.0026802236941272,0.0043360414204425,-47.91579385363029,129466000.0,28493565000.0,-26372867000.0,1165233000.0,1266930500.0,1435000000.0,-1487635500.0,140.55818895994233,306.19539818537777,-307.85866155821736,0.6403042089966676,0.2939299562742348,-0.2923419453084987,0.0246649602273389,0.0342480963066352,2019-10-29,0.42,bmo,774219782.0,2025-04-25,2019-09-30,0.0952380952380953,26.3740625,3035357.625
2019-06-30,KKR,USD,1404912,2019-08-02,2019-08-02 16:11:35,2019,Q2,1179864000.0,608967000.0,570897000.0,0.4838667846,0,199844000.0,0.0,199844000.0,0.0,199844000.0,808811000.0,365727000.0,264766000.0,0.0,1791895000.0,1.5187301248,371053000.0,0.314487941,1156076000.0,1527129000.0,1.2943262952,165399000.0,522734000.0,0.4430459782,0.94,0.93,544528863,554643810,https://www.sec.gov/Archives/edgar/data/1404912/000140491219000022/0001404912-19-000022-index.htm,https://www.sec.gov/Archives/edgar/data/1404912/000140491219000022/kkr-201963010xq.htm,2.166761176808363,0.9599748250626708,-6.005415363996968,-6.235353588593889,3.935616907785474,51.93859301449003,51.76896564250627,18.135821020749088,47.65688793249514,14092406974.44,37635134974.44,6.73976007608076,11.944094382437296,-4.309443798867442,-4.150526450872227,1.4270101127702377,1.4270101127702377,31.897858545086557,21.00298007106443,-11.508786208722489,-11.084382070208198,0.0370933085418342,-0.2409332916767345,2.60096625196269,0.4465224250059518,13.13845286693696,0.8810647649658828,1.401437495750965,-2.4014466891380817,0.0054136954842685,0.1459480347557266,0.1693788436633374,0.0,0.0016057105839095,-0.0382884797570243,0.1061207054372368,0.0,0.0599069045245892,19.79200498344304,0.0060057178934433,0.0091018378039249,-49.36539745919768,-289292000.0,28189696000.0,-27098945000.0,734590000.0,649657500.0,1306347500.0,-1662335000.0,99.11171965582474,209.19557217386165,-223.5860071235387,0.908066173329793,0.4302194308644417,-0.4025296625574247,0.0529325264053041,0.2299382245969209,2019-07-25,0.34,bmo,1108684205.0,2025-04-25,2019-06-30,0.1470588235294117,23.936984126984125,2861938.396825397
2019-03-31,KKR,USD,1404912,2019-05-03,2019-05-03 17:09:37,2019,Q1,1187480000.0,544562000.0,642918000.0,0.5414137501,0,184205000.0,0.0,184205000.0,0.0,184205000.0,728767000.0,358511000.0,249088000.0,0.0,2043727000.0,1.7210622495,458713000.0,0.3862911375,1335926000.0,1794639000.0,1.5113004008,167593000.0,709319000.0,0.5973313235,1.31,1.27,533892474,550046440,https://www.sec.gov/Archives/edgar/data/1404912/000140491219000012/0001404912-19-000012-index.htm,https://www.sec.gov/Archives/edgar/data/1404912/000140491219000012/kkr-201933110xq.htm,2.224193180891327,1.328580256405712,0.2927143715459079,0.2554297103652373,3.387138961617953,49.08823831818989,48.914748328143695,17.461139562720263,42.16477679735939,12882825397.62,33336826397.62,4.540561227607043,10.84887778962172,82.43531013719141,94.46825886266974,1.3819258424299998,1.3819258424299998,28.073589784771112,16.311780584011466,213.317462455496,244.45506700510367,0.0550592729550647,0.0105855661154263,2.388058681637965,0.4280893943985367,10.008186514147926,0.810407675795342,1.8415700475334016,0.0960501424053161,0.0058185993899947,0.1056788271567517,0.1551226125913699,0.0,0.0017811123405673,0.1273755742970859,0.0167632296965001,0.0,0.0659110048169232,22.846593153924136,0.0083555212223433,0.0136640329866695,-46.62684194345845,-423062000.0,26115216000.0,-23987810000.0,492857000.0,0.0,1125373000.0,-1762598000.0,0.0,197.8642468626162,-299.4402841182455,0.0,0.4548573146844969,-0.300560762106611,0.0760878321620111,0.0372846611806706,2019-04-30,0.37,bmo,1256984447.0,2025-04-25,2019-03-31,0.027027027027027,22.771147540983605,4309659.918032787
2018-12-31,KKR,USD,1404912,2019-02-15,2019-02-15 16:57:52,2018,Q4,-178056000.0,43293000.0,-221349000.0,1.2431426068,0,194443000.0,0.0,194443000.0,0.0,194443000.0,237736000.0,407178000.0,241508000.0,0.0,-1408046000.0,7.9078829132,-415792000.0,2.3351754504,-798115000.0,-1213907000.0,6.8175573977,-143294000.0,-384641000.0,2.1602248731,-0.74,-0.74,528046179,532266521,https://www.sec.gov/Archives/edgar/data/1404912/000140491219000006/0001404912-19-000006-index.htm,https://www.sec.gov/Archives/edgar/data/1404912/000140491219000006/kkr-2018123110xk.htm,-0.3371977813326815,-0.7284230343801048,-4.481479260926533,-4.548278342906066,3.316541373931616,48.0689189874812,47.89211058754768,16.38040448731284,42.766524781538095,10365546493.77,30955451493.77,-6.737156526325847,-58.21509240783798,-4.38025010427953,-4.315918798289212,1.1983831055700778,1.1983831055700778,-173.85233574701215,-21.984687640723383,-13.08108739998428,-12.888969731773438,-0.0371076431166635,-0.2317003740655153,2.5829132180526058,0.4402780067348693,-14.623034332685156,0.8308987703195233,-1.721648972290773,2.210348650726266,0.0071816763394715,-0.1935363104817219,-1.0920328435997664,0.0,0.0018399052093007,-0.0149055876620797,-0.198100597564811,0.0,-0.3845868715460304,,-0.0075399470496871,-0.0075940949431561,-46.33338517160258,-356415000.0,25289246000.0,-23609479000.0,413410000.0,0.0,1239978500.0,-1696398500.0,0.0,2190.141362344952,-3561.865428591228,0.0,0.0410932378828909,-0.025267658704219,-0.0444691725985333,0.0667990819795327,2019-02-01,0.49,bmo,158631709.0,2025-04-25,2018-12-31,0.1224489795918368,22.869206349206348,4964058.952380952
2018-09-30,KKR,USD,1404912,2018-11-02,2018-11-02 16:39:48,2018,Q3,1129666000.0,560434000.0,569232000.0,0.5038940713,0,179656000.0,0.0,179656000.0,0.0,179656000.0,740090000.0,339393000.0,211081000.0,0.0,1433945000.0,1.2693530654,389576000.0,0.344859454,833288000.0,1222864000.0,1.0825004913,-129405000.0,648539000.0,0.5740980077,1.22,1.17,525240214,545672953,https://www.sec.gov/Archives/edgar/data/1404912/000140491218000021/0001404912-18-000021-index.htm,https://www.sec.gov/Archives/edgar/data/1404912/000140491218000021/kkr-201893010xq.htm,2.1507606803313046,1.2347474216816157,-1.336036314995485,-1.383188074019024,4.312074627248553,49.76753550709657,49.58823849690991,17.14790063656474,38.98645315836384,14444105885.0,32445402885.0,5.567940357094947,12.786173864664423,-20.583272843218285,-19.881605774763045,1.6036948535473383,1.6036948535473383,28.721235201378107,22.626671793548567,-46.23564694188731,-44.659511256617286,0.0448999062429678,-0.0502977481461463,2.250105059895521,0.4025542851744563,12.553687205576225,0.8924497343781154,1.845623244157456,-0.5189352118550378,0.0067503659123169,0.1503425391533893,0.1590346173116655,0.0,0.001870612133955,-0.0352922734916065,0.0219232941418082,0.0,0.0729295207610036,21.82658556006056,0.0090114263636612,0.0129063068024942,-43.36848530032775,-272943000.0,26045737000.0,-21939162000.0,465520000.0,0.0,1391465500.0,-1662220000.0,0.0,229.0695068464797,-269.6979305324088,0.0,0.3928938479808977,-0.3337066762890305,0.0720057485666055,0.0471517590235388,2018-10-25,0.55,bmo,1073215000.0,2025-04-25,2018-09-30,0.0909090909090907,26.715079365079365,6593198.253968254
2018-06-30,KKR,USD,1404912,2018-08-03,2018-08-03 17:09:22,2018,Q2,971620000.0,472500000.0,499120000.0,0.5136987711,0,202550000.0,0.0,202550000.0,0.0,202550000.0,675050000.0,351705000.0,203850000.0,0.0,1831206000.0,1.8846936045,296570000.0,0.3052324983,1330786000.0,1627356000.0,1.67488936,60960000.0,688722000.0,0.7088388465,1.33,1.24,510586631,548745498,https://www.sec.gov/Archives/edgar/data/1404912/000140491218000016/0001404912-18-000016-index.htm,https://www.sec.gov/Archives/edgar/data/1404912/000140491218000016/kkr-201863010xq.htm,1.9029483754736227,1.3488837313486182,-4.662885503557182,-4.734407156853271,4.044704413735423,47.56722664757746,47.3813639668133,16.43674841733175,39.51578787028601,12688077780.35,30595288780.35,4.605660114077233,13.058683209845412,-5.329318075908716,-5.248809233491566,1.5118561998428406,1.5118561998428406,31.48894504060229,16.70772637286575,-12.850805957958793,-12.6566716433868,0.0542810354667451,-0.1905194026902724,2.379822348736643,0.4111856619599864,9.778916735746824,0.6741979019011124,1.4548442482217316,-1.5199266341333864,0.0073030762897359,0.1345419487108005,0.2084662728227084,0.0,0.001953753246888,-0.0153384965686004,0.0375846524361375,0.0,0.087088573722237,22.335026462245377,0.0062725488701152,0.014206966843459,-45.13007215811728,-997982000.0,24192291000.0,-22220302000.0,-274244000.0,0.0,1322047000.0,-1577874000.0,0.0,258.3819047619048,-313.3369523809524,0.0,0.3483216058916111,-0.2872307249946657,0.0820651200042878,0.0715216532960887,2018-07-26,0.46,bmo,872457142.0,2025-04-25,2018-06-30,0.0652173913043477,22.216875,3542796.1875
2018-03-31,KKR,USD,1404912,2018-05-08,2018-05-08 16:39:08,2018,Q1,472606000.0,298136000.0,174470000.0,0.3691658591,0,138465000.0,0.0,138465000.0,0.0,138465000.0,436601000.0,298256000.0,219590000.0,0.0,840125000.0,1.7776435339,36005000.0,0.0761839672,584530000.0,620535000.0,1.3130070291,17641000.0,178443000.0,0.3775724388,0.36,0.32,487704838,535918274,https://www.sec.gov/Archives/edgar/data/1404912/000140491218000009/0001404912-18-000009-index.htm,https://www.sec.gov/Archives/edgar/data/1404912/000140491218000009/kkr-201833110xq.htm,0.9690410329700276,0.3658831860921585,-4.423782238551425,-4.441559384325812,3.856500599241543,44.6354768373243,44.2089606664923,15.174626992320302,45.64412584318058,9900408211.4,30060845211.4,13.870547193501569,20.948545324011967,-4.588833469942062,-4.570466866127774,1.337759406558961,1.337759406558961,63.60656701650001,35.78139587728017,-13.933184339003477,-13.877417382476906,0.0180238022705496,-0.2187960287845227,2.9782527127329117,0.4632547998490011,23.99694926350245,0.6952147556738375,0.1639646614144542,-3.57857268441882,0.0092014387745248,0.5105159630806476,0.2929818918930356,0.0,0.0043719567685452,-0.004018539976825,0.0183450908367646,0.0,0.2036093490137662,11.176903400024532,0.0007795520212257,0.0037669138586682,-50.61410832262443,-824566000.0,21560924000.0,-23929381000.0,-2222000.0,0.0,1330532000.0,-1687753000.0,0.0,388.691771540505,-456.0523049883275,0.0,0.2315459358537545,-0.1973457847171796,0.0241115110293865,0.0177771457743874,2018-05-03,0.11,bmo,123776190.0,2025-04-25,2018-03-31,2.8181818181818183,22.22065573770492,3135344.5901639345
2017-12-31,KKR,USD,1404912,2018-02-23,2018-02-23 16:40:17,2017,Q4,941648000.0,461173000.0,480475000.0,0.5102490527,0,175530000.0,0.0,175530000.0,0.0,175530000.0,636703000.0,348587000.0,211495000.0,0.0,873007000.0,0.9271054577,304945000.0,0.3238418177,356567000.0,661512000.0,0.7025045452,146826000.0,174730000.0,0.1855576606,0.35,0.32,481165742,520156583,https://www.sec.gov/Archives/edgar/data/1404912/000140491218000005/0001404912-18-000005-index.htm,https://www.sec.gov/Archives/edgar/data/1404912/000140491218000005/kkr-2017123110xk.htm,1.95701380585819,0.3631389036004978,-2.933207576527757,-2.9877251735016497,3.9002922198895855,42.94320687527251,42.50120117653763,14.934429808180315,44.48644641870617,10133350526.52,29450522526.52,14.498584282206831,10.761293526370787,-7.179853266617494,-7.048841100507723,1.4101643163145343,1.4101643163145343,31.275511153339675,33.73457775999505,-20.86678338149259,-20.48602316411274,0.0172430628490264,-0.1418672921890622,2.9493525965163063,0.4623974895537158,22.12716736521013,0.6731697990843077,1.4418544173621126,-2.7421748405824133,0.0088350836937589,0.5123848222972587,0.1864072349752774,0.0,0.0046401069896381,-0.0185863412498166,0.0278575433707712,0.0,0.0675347900701748,11.046430667637708,0.0055116855862584,0.003829947020564,-50.35192322565641,-911149000.0,20450122000.0,-23295232000.0,-81897000.0,0.0,1318051000.0,-1938639500.0,0.0,268.0398679020672,-363.9196787322762,0.0,0.3357709459582446,-0.2473073187839618,0.0243155519336659,0.0545175969738926,2018-02-08,0.51,bmo,1109441666.0,2025-04-25,2017-12-31,-0.0588235294117647,20.08650793650794,2346889.396825397
2017-09-30,KKR,USD,1404912,2017-11-03,2017-11-03 16:59:38,2017,Q3,749652000.0,368513000.0,381139000.0,0.5084212408,0,161734000.0,0.0,161734000.0,0.0,161734000.0,530247000.0,317134000.0,211959000.0,0.0,609317000.0,0.8127998058,219405000.0,0.2926758016,177953000.0,397358000.0,0.5300566129,18420000.0,161904000.0,0.2159722111,0.33,0.3,471758886,506873177,https://www.sec.gov/Archives/edgar/data/1404912/000140491217000020/0001404912-17-000020-index.htm,https://www.sec.gov/Archives/edgar/data/1404912/000140491217000020/kkr-201793010xq.htm,1.5890575085002214,0.3431922636853098,-1.10666489915359,-1.1544435434333291,5.164854488824616,42.10929478920298,41.89533379557794,14.548126603809218,43.46006743792421,9590858152.38,27445006152.38,14.809483015212717,12.793747168526195,-18.37051126817972,-17.610215861694137,1.397430786358216,1.397430786358216,36.61032872903694,45.042245912029365,-52.56868434160347,-50.393038348607,0.0168810754395135,-0.0567852210247579,2.956447480536798,0.4579713656765,29.30190360682535,0.9240519290602194,1.0351294354096785,-1.37774253307929,0.0092003237455975,0.5450081529795434,0.21574543921713,0.0,0.0022782201606436,-0.0431735427013919,0.030067284553366,0.0,0.0963780527498092,10.59896699139542,0.0050213629028129,0.0036625968808159,-48.774682751815725,-200262000.0,19764496000.0,-22003639000.0,500907000.0,0.0,1271491500.0,-1868574500.0,0.0,308.3647795328794,-491.5028235096184,0.0,0.2918621255525186,-0.183111867714914,0.0235901345260117,0.0477786442797391,2017-10-26,0.42,bmo,874650000.0,2025-04-25,2017-09-30,-0.1428571428571428,18.97206349206349,3325934.634920635
2017-06-30,KKR,USD,1404912,2017-08-04,2017-08-04 16:09:26,2017,Q2,1015800000.0,462841000.0,552959000.0,0.5443581414,0,166887000.0,0.0,166887000.0,0.0,166887000.0,629728000.0,295718000.0,198590000.0,0.0,1085652000.0,1.068765505,386072000.0,0.3800669423,500990000.0,887062000.0,0.8732644221,18538000.0,413987000.0,0.4075477456,0.87,0.81,466170025,501177423,https://www.sec.gov/Archives/edgar/data/1404912/000140491217000014/0001404912-17-000014-index.htm,https://www.sec.gov/Archives/edgar/data/1404912/000140491217000014/kkr-201763010xq.htm,2.1790332829743826,0.8880601021054496,-1.9547052601676824,-2.014316557569312,4.572767200121887,41.921097350693024,41.70053404870895,14.361948733190212,42.095891944146345,8670762465.0,25964328465.0,5.236132091708194,8.535895318960426,-9.515501072731762,-9.233901161218045,1.295088873073034,1.295088873073034,25.560472991730656,23.915885076433337,-28.49387194710417,-27.650629772293065,0.0477451667798628,-0.1082965891166296,2.9014090881255123,0.4531402513679117,15.929198306639696,0.7721855734410301,1.9440656629236115,-1.0491650201951817,0.0100160741746256,0.2097819496747482,0.164291199054932,0.0,0.002398521174764,-0.0304963099124804,0.0273567631423508,0.0,0.0865721598739909,16.940223059767483,0.0094247675654425,0.0096804506816876,-47.31397841377725,-628902000.0,19439539000.0,-21194035000.0,61142000.0,0.0,1217012000.0,-1668090500.0,0.0,248.96679421226727,-335.3597239656815,0.0,0.3614939907338271,-0.2683685415044354,0.0618342342396166,0.0596112974016293,2017-07-27,0.67,bmo,764703370.0,2025-04-25,2017-06-30,0.3283582089552238,18.304603174603177,2362374.507936508
2017-03-31,KKR,USD,1404912,2017-05-08,2017-05-05 19:04:07,2017,Q1,767755000.0,402963000.0,364792000.0,0.4751411583,0,137051000.0,0.0,137051000.0,0.0,137051000.0,540014000.0,280980000.0,186854000.0,0.0,1025290000.0,1.3354390398,227741000.0,0.2966323892,610695000.0,838436000.0,1.0920619208,40542000.0,267684000.0,0.3486581006,0.57,0.52,453695846,496684340,https://www.sec.gov/Archives/edgar/data/1404912/000140491217000010/0001404912-17-000010-index.htm,https://www.sec.gov/Archives/edgar/data/1404912/000140491217000010/kkr-201733110xq.htm,1.6922240015395689,0.5900076061088733,-2.536743525749628,-2.5842665528835367,6.079839664214162,40.308497777165016,39.82810545724062,13.74909656765956,43.66866740058273,8270875272.58,25137916272.58,7.724476689473408,10.772805481670584,-7.186378841594912,-7.05422588070835,1.3259052993256562,1.3259052993256562,32.74210688641559,24.517859603214703,-21.841774137491203,-21.440117727926747,0.0323646520081663,-0.1417589990610826,3.1461571737105065,0.4713607155318972,16.45099532815106,0.9905943031449166,1.2188179006068909,-1.4424347093724228,0.0097597893015765,0.3015570598167989,0.1785087690734674,0.0,0.0052347369488961,-0.0187338714582373,0.0280831775761799,0.0,0.1446242616459677,13.510055881490729,0.0055784420833068,0.006463024557581,-47.15776701204357,-26191000.0,18069846000.0,-20589516000.0,763031000.0,0.0,1128258000.0,-1787945000.0,0.0,257.6666344056402,-359.9289761094691,0.0,0.349288530149055,-0.2500493318788185,0.0429124636084585,0.0475230271339094,2017-04-27,0.5,bmo,590615384.0,2025-04-25,2017-03-31,0.3,17.76790322580645,2984607.5
2016-12-31,KKR,USD,1404912,2017-02-24,2017-02-24 16:33:50,2016,Q4,481475000.0,283751000.0,197724000.0,0.4106630666,0,169065000.0,0.0,169065000.0,0.0,169065000.0,452816000.0,268615000.0,182141000.0,0.0,650948000.0,1.3519871229,28659000.0,0.0595233397,440148000.0,468807000.0,0.9736891843,5800000.0,179310000.0,0.3724180902,0.38,0.35,451154845,484312804,https://www.sec.gov/Archives/edgar/data/1404912/000140491217000005/0001404912-17-000005-index.htm,https://www.sec.gov/Archives/edgar/data/1404912/000140491217000005/kkr-2016123110xk.htm,1.0672056508669434,0.3974466903929625,-2.2306354706220657,-2.352589164813247,5.561066289779067,37.94281096549013,37.44625417909454,13.165841096087531,41.507292246855954,6943273064.55,22978446064.55,9.680543562196757,14.420838183810169,-6.899379213990591,-6.541728675019927,1.168934053485836,1.168934053485836,47.72510735666442,35.299971832696315,-22.83318136470773,-21.64955319060433,0.0258249961268981,-0.1528647930352987,3.121985921678604,0.4754537848816717,24.633569808955556,1.045795022838321,0.1573451337150888,-2.1735351733343125,0.0115602539686665,0.4476381685349395,0.3511397268809388,0.0,0.0057437784685583,-0.0546721756187137,0.1142738459940806,0.0,0.1637842047873721,10.85063128680963,0.0007732637084798,0.0046239095189795,-45.12439625911587,109864000.0,16894059000.0,-19375912000.0,893844000.0,0.0,1153637000.0,-1917430000.0,0.0,349.8007760325074,-623.0534517940025,0.0,0.257289309134169,-0.1444498858659021,0.030187717403871,0.1219536941911817,2017-02-09,0.43,bmo,517612500.0,2025-04-25,2016-12-31,-0.069767441860465,15.07904761904762,2900900.476190476
2016-09-30,KKR,USD,1404912,2016-11-04,2016-11-04 16:41:27,2016,Q3,687056000.0,358161000.0,328895000.0,0.4787018817,0,152956000.0,0.0,152956000.0,0.0,152956000.0,511117000.0,256505000.0,255105000.0,0.0,1240693000.0,1.8058105889,175939000.0,0.2560766517,809649000.0,985588000.0,1.4345089774,10826000.0,360353000.0,0.5244885424,0.79,0.73,445989300,479975675,https://www.sec.gov/Archives/edgar/data/1404912/000140491216000022/0001404912-16-000022-index.htm,https://www.sec.gov/Archives/edgar/data/1404912/000140491216000022/kkr-201693010xq.htm,1.5405212636267285,0.8079857521245465,1.4240229530170343,1.4132805428291666,4.925678710229147,37.71898787706342,37.19995972997558,13.042014685105674,40.01095541978249,6359807418.0,21752360418.0,4.41220651555558,9.256607056775575,10.013883533118458,10.089999520869162,1.0933893531254262,1.0933893531254262,31.660243732679724,17.532427778668858,34.25034587993368,34.510684328931255,0.0566609924351014,0.0991080324564633,3.023992714643041,0.4630653860529105,12.406415608051306,0.887239629821397,0.6896728797945944,0.6515426329709201,0.0124805665931565,0.2202673489606025,0.2226252299666985,0.0,0.0060940751276589,0.0075437057844525,0.006973230711907,0.0,0.0895880394029016,15.398040329947865,0.0049004018101849,0.0095449864564828,-44.62166693236811,-279194000.0,16590784000.0,-18965534000.0,487677000.0,0.0,1189810000.0,-2048275000.0,0.0,302.652550110146,-470.027054871971,0.0,0.2973706977431573,-0.1914783395277422,0.0619525258660602,0.0107424101878677,2016-10-25,0.65,bmo,629035211.0,2025-04-25,2016-09-30,0.0923076923076922,14.1821875,2206857.125
2016-06-30,KKR,USD,1404912,2016-08-04,2016-08-04 17:02:01,2016,Q2,576757000.0,296412000.0,280345000.0,0.486071257,0,126806000.0,0.0,126806000.0,0.0,126806000.0,423218000.0,266213000.0,181313000.0,0.0,460589000.0,0.7985841524,153539000.0,0.2662108999,125737000.0,279276000.0,0.4842177902,6045000.0,99583000.0,0.1726602365,0.21,0.19,448221538,481809612,https://www.sec.gov/Archives/edgar/data/1404912/000140491216000017/0001404912-16-000017-index.htm,https://www.sec.gov/Archives/edgar/data/1404912/000140491216000017/kkr-201663010xq.htm,1.2867677054822833,0.2221736162977514,-1.0087177024500773,-1.014400160306442,3.374391616138714,34.991520197764345,34.42654511617869,12.235369195935426,40.32681936850612,5531053778.92,21912614778.92,13.885537137161966,9.589920501909816,-12.233353266258082,-12.16482457600577,1.0085515036276411,1.0085515036276411,37.99280247820139,47.57520214099772,-48.465404295942086,-48.19391122232094,0.0180043449187805,-0.0822042269292092,3.2628605027396853,0.477086878294913,35.56654848465769,0.539676032029276,0.8468173820961542,-1.6547500100647436,0.0137351765208896,0.7628812146651537,0.2198603571348072,0.0,0.0067516695807549,-0.0056333480046623,0.0044160712397075,0.0,0.1051690746709619,7.8207074470587,0.0043284424707467,0.0026731081316973,-47.79660097458324,-1290086000.0,15430719000.0,-20310443000.0,-508953000.0,584356000.0,1183841000.0,-1113023000.0,0.0,356.8258370106474,-675.8975345127728,0.0,0.2522238881410218,-0.1331562779924583,0.0181583091396667,0.0056824578563647,2016-07-26,0.05,bmo,125391304.0,2025-04-25,2016-06-30,3.6,13.3815625,2629857.453125
2016-03-31,KKR,USD,1404912,2016-05-06,2016-05-06 16:36:55,2016,Q1,162805000.0,125489000.0,37316000.0,0.2292067197,0,182834000.0,0.0,182834000.0,0.0,182834000.0,308323000.0,230476000.0,171394000.0,0.0,-921251000.0,-5.6586161359,-145518000.0,-0.8938177574,0.0,-758446000.0,-4.6586161359,1890000.0,-329939000.0,-2.0265900924,-0.73,-0.73,450262143,450262143,https://www.sec.gov/Archives/edgar/data/1404912/000140491216000012/0001404912-16-000012-index.htm,https://www.sec.gov/Archives/edgar/data/1404912/000140491216000012/kkr-201633110xq.htm,0.3615782550921675,-0.7327709094122088,-1.6407997240842875,-1.6461899174143984,4.620210764643387,33.11032302353698,32.53125812977797,11.922701216300124,37.75332051400111,6614350880.67,21361541880.67,-5.011798302618059,40.62744314161113,-8.952951286116487,-8.92363623698593,1.2321033408030526,1.2321033408030526,131.20937244353672,-23.187537251704477,-28.91422715612014,-28.81955200794099,-0.0498822947183259,-0.1120619412807623,3.134580497028784,0.4887653087552281,-16.00778832261783,1.6995099030886982,-0.849026220287758,0.9716625281454516,0.0108904110621817,-0.2183221747050212,1.1230244771352231,0.0,0.0075730970397474,-0.0032851013143112,0.0149074045637419,0.0,0.3920211295721876,,-0.0044939973062481,-0.0096564162125263,-36.786166142331005,1376192000.0,14647594000.0,-16176700000.0,2165067000.0,1100015500.0,1251747500.0,0.0,646.0740149258315,855.2456390599973,0.0,0.1393029249293239,0.1052329247757629,0.0,-0.0614601419693719,0.0053901933301108,2016-04-25,-0.3,bmo,129517187.0,2025-04-25,2016-03-31,1.1666666666666667,13.608852459016394,4118398.131147541
2015-12-31,KKR,USD,1404912,2016-02-26,2016-02-26 17:20:31,2015,Q4,307923000.0,306942000.0,981000.0,0.0031858614,0,218153000.0,0.0,218153000.0,0.0,218153000.0,525095000.0,320569000.0,170282000.0,0.0,1441673000.0,4.6819269753,-217172000.0,-0.7052802162,1488563000.0,1271391000.0,4.1289250884,27341000.0,32257000.0,0.1047567087,0.0,0.0,450262143,450262143,https://www.sec.gov/Archives/edgar/data/1404912/000140491216000009/0001404912-16-000009-index.htm,https://www.sec.gov/Archives/edgar/data/1404912/000140491216000009/kkr-2015123110xk.htm,0.6838749488206474,0.071640488771893,-2.9918971002632126,-3.360258070818981,5.596428745287609,109.863966511615,109.27322841796185,12.3198942798973,41.976211622126094,7019586809.37,23229743809.37,54.40359309118952,22.796565405539692,-5.21074070315736,-4.639524605382562,1.265432936826302,1.265432936826302,75.44010616085839,16.113046307567664,-17.243774438379734,-15.353463231830595,0.0045952847191721,-0.2155393246195626,3.376492244170103,0.2635886251352227,11.243990142008624,1.7626774866410853,-1.2753667445766437,-1.0828648366223224,0.0231398235268178,5.035558173419723,0.7084660775583507,0.0,0.0037432506139125,-0.123119531926202,0.5386379062298042,0.0,0.1550062840385421,4.4562958919008695,-0.0030855621491453,0.0004556602990528,-40.63593849594413,1668778000.0,49201598000.0,-17733344000.0,2516642000.0,1151181500.0,1267540500.0,0.0,301.43480675363645,384.4069237836465,0.0,0.2985720228173824,0.2341268963476167,0.0,0.0058150246377349,0.368360970555768,2016-02-11,0.25,bmo,1039162500.0,2025-04-25,2015-12-31,-0.6799999999999999,17.09765625,3861267.703125
2015-09-30,KKR,USD,1404912,2015-11-05,2015-11-05 17:02:40,2015,Q3,188626000.0,96959000.0,91667000.0,0.4859722414,0,179961000.0,0.0,179961000.0,0.0,179961000.0,276920000.0,299485000.0,151554000.0,0.0,-1413911000.0,-7.4958436271,-88294000.0,-0.4680902951,-30267000.0,-1225285000.0,-6.4958436271,-7390000.0,-190588000.0,-1.0104015353,-0.42,-0.42,452165697,452165697,https://www.sec.gov/Archives/edgar/data/1404912/000140491215000007/0001404912-15-000007-index.htm,https://www.sec.gov/Archives/edgar/data/1404912/000140491215000007/kkr-201593010xq.htm,0.4171612337058819,-0.421500351009599,1.6216488885931566,1.580011497422371,6.71777187025313,109.47477955188626,108.86906796912548,12.514540659637875,37.02005063864896,7587340395.660001,21137437395.66,-9.952542127075157,40.22425538186677,10.347492677380554,10.620175883134316,1.3408402638475707,1.3408402638475707,112.0600415407208,-14.94962370026119,28.826896812918857,29.586560132329826,-0.0251192104296542,0.0941603991312497,2.9313802277081837,0.2402024526837467,-9.583415787839543,2.072528178412976,-0.5825910236615331,-0.6020666806251771,0.0249319247767247,-0.9925441265976872,0.9540625364477856,0.0,0.0039660323136885,0.025675959490163,0.0998112667394738,0.0,0.3595527657905061,,-0.0013131289758946,-0.0027708573060535,-34.424011160669714,2384302000.0,49226858000.0,-14948817000.0,3118821000.0,1301612000.0,1306775000.0,0.0,606.4591307667024,1136.219020410689,0.0,0.1484024156520152,0.0792100804363134,0.0,-0.0336808487401403,0.0416373911707857,2015-10-27,-0.33,amc,152918918.0,2025-04-25,2015-09-30,0.1212121212121211,21.25,2950478.796875
2015-06-30,KKR,USD,1404912,2015-08-07,2015-08-07 17:02:59,2015,Q2,255874000.0,411691000.0,-155817000.0,-0.6089598787,0,142486000.0,0.0,142486000.0,0.0,142486000.0,554177000.0,302985000.0,139427000.0,0.0,3475842000.0,13.5841937829,-298303000.0,-1.1658198957,3634718000.0,3336415000.0,13.0392888687,30547000.0,376306000.0,1.4706691575,0.84,0.78,446794950,482651491,https://www.sec.gov/Archives/edgar/data/1404912/000140491215000005/0001404912-15-000005-index.htm,https://www.sec.gov/Archives/edgar/data/1404912/000140491215000005/kkr-201563010xq.htm,0.5726877620259584,0.8422342284755009,0.1251491316094777,0.0487874807000392,8.750797205742813,116.64441372938526,116.01687977896796,13.311285187981646,35.87551739338146,10209264607.5,22189025607.5,6.782555026693702,39.899577946567454,182.58216981722583,468.3578588631984,1.7165885695718224,1.7165885695718224,86.7185630720589,6.383784305356802,396.82784189677375,1017.938600215616,0.0368592660164332,0.0021351195054721,2.67167719084678,0.2216313799524106,3.446578124091946,1.924893911202304,-2.139492350835922,0.0169141659618593,0.019911228459165,0.540196010693425,0.5568600170396367,0.0,0.0039107900935838,0.6101652478718077,0.1333390653212127,0.0,0.2715320821967062,15.882457310886574,-0.0042917724697457,0.0052694092718111,-32.83075379433004,2612164000.0,51835756000.0,-14141113000.0,3401979000.0,1437656000.0,1323698500.0,0.0,468.5751580856203,303.7541262743174,0.0,0.1920716419703043,0.2962922713310629,0.0,0.0632721947266165,0.0763616509094384,2015-07-23,0.62,bmo,180293181.0,2025-04-25,2015-06-30,0.4193548387096774,22.97571428571429,2239011.8253968256
2015-03-31,KKR,USD,1404912,2015-05-07,2015-05-07 17:02:08,2015,Q1,291345000.0,364999000.0,-73654000.0,-0.2528068098,0,150034000.0,0.0,150034000.0,0.0,150034000.0,515033000.0,296158000.0,111963000.0,0.0,2071110000.0,7.1087885497,-223688000.0,-0.7677770341,2182835000.0,1959147000.0,6.7244915821,16138000.0,270507000.0,0.9284765484,0.62,0.57,434874820,472225344,https://www.sec.gov/Archives/edgar/data/1404912/000140491215000002/0001404912-15-000002-index.htm,https://www.sec.gov/Archives/edgar/data/1404912/000140491215000002/kkr-201533110xq.htm,0.6699514126846894,0.6220341752599058,2.1692955227897537,2.0621980366671955,6.07509305781374,119.93691655911464,119.27997348754292,12.88041004535512,27.2024004516978,9919494644.2,18995265644.2,9.16750273024358,34.04724517050232,10.514934346366012,11.061013343250096,1.7709063546642017,1.7709063546642017,65.19852973004512,9.171538761437102,20.13549866245765,21.18120874957348,0.0272702400376986,0.0904076298407363,2.091931860906786,0.174144749230126,4.3820806234338106,1.773116360288837,-1.997874297759081,0.4855211684557302,0.0152964445712684,0.5609207894804941,0.5149702243045187,0.0,0.0042458133437087,0.0493697078140966,0.1598585868986939,0.0,0.262746915169301,13.426512685368722,-0.0034190441892557,0.004037339453493,-26.053913629673936,1856850000.0,51871857000.0,-10870822000.0,2673511000.0,1539264000.0,1239177500.0,0.0,476.69216907789735,310.17315115931825,0.0,0.1888010876580876,0.2901605108746892,0.0,0.0482930413759786,0.1070974861225582,2015-04-23,0.54,bmo,253712903.0,2025-04-25,2015-03-31,0.148148148148148,23.61262295081967,2366838.4918032787
2014-12-31,KKR,USD,1404912,2015-02-27,2015-02-27 17:07:52,2014,Q4,212944000.0,253661000.0,-40717000.0,-0.1912098956,0,379500000.0,0.0,379500000.0,0.0,379500000.0,633161000.0,271083000.0,119846000.0,0.0,592684000.0,2.7832857465,-420217000.0,-1.9733685852,-220063000.0,472838000.0,2.2204805019,6524000.0,-583000.0,-0.002737809,-0.0014,-0.0014,431432521,458982859,https://www.sec.gov/Archives/edgar/data/1404912/000104746915001418/0001047469-15-001418-index.htm,https://www.sec.gov/Archives/edgar/data/1404912/000104746915001418/a2223180z10-k.htm,0.4935742894541786,-0.0013513121325408,-0.0680384499804547,-0.6233211149142834,5.30988019792787,119.84275288324868,119.15156252210296,12.515482114061587,25.39824762074438,10013548812.41,18560477812.41,-4293.974619386792,47.02432945943534,-341.13064019929146,-37.23602400857501,1.8545030697557183,1.8545030697557183,87.16130913484297,31.31597581917177,-632.2980790491927,-69.01832810531718,-5.8221117300339706e-05,-0.0268557136972978,2.007150918607464,0.1645260722017884,14.420718291703505,1.6575600801277166,-3.5063080953890826,-0.0629490000300226,0.0192623018685398,-330.8473413379074,1.7821586896085355,0.0,0.0045269405427085,-8.1613068065681,1.1250234803516417,0.0,0.2628296641370501,,-0.0065285389627285,-8.890645261530835e-06,-24.86201544366193,1574644000.0,51405859000.0,-10199363000.0,2409751000.0,1527935000.0,1243446000.0,0.0,648.9294838079495,433.015165910408,0.0,0.1386899536015464,0.2078449141862648,0.0,-0.000107971240758,0.5552826649338287,2015-02-10,0.4,bmo,1916100000.0,2025-04-25,2014-12-31,-0.875,21.91515625,3413775.546875
2014-09-30,KKR,USD,1404912,2014-11-06,2014-11-06 17:02:52,2014,Q3,344768000.0,320423000.0,24345000.0,0.0706127019,0,183987000.0,0.0,183987000.0,0.0,183987000.0,504410000.0,260292000.0,96618000.0,0.0,997929000.0,2.8944942686,-159642000.0,-0.4630418136,1060953000.0,901311000.0,2.614253643,29267000.0,89938000.0,0.2608652775,0.21,0.2,419961455,452019742,https://www.sec.gov/Archives/edgar/data/1404912/000110465914077770/0001104659-14-077770-index.htm,https://www.sec.gov/Archives/edgar/data/1404912/000110465914077770/a14-19763_110q.htm,0.8209515323257465,0.2141577493105885,-0.8311548496754303,-0.8351028310443396,7.677490306818753,124.09223365511008,123.36088320295966,13.125066442109553,24.772244871853776,9365140446.5,16447660446.5,26.03221231987592,27.163601165131336,-26.83013882275758,-26.703298289759942,1.6990390180772137,1.6990390180772137,47.706458970960185,16.481794242375962,-47.12081101294073,-46.898045531791134,0.0096034865161698,-0.0374485574459345,1.8698709838240848,0.1553792581473606,7.097218339180443,1.8766118645645835,-1.65230081351301,-0.4002699405075891,0.0297230993587534,3.095032133247348,0.5336545155002784,0.0,0.004630260495589,-0.0047499949864347,0.0048090310005568,0.0,0.2434970762947837,7.952595833931685,-0.0024226747008016,0.0013621635381998,-23.46506895495921,2259695000.0,51806816000.0,-9381575000.0,3288914000.0,1526627500.0,1266751000.0,0.0,396.912300445517,355.72109367929266,0.0,0.2267503423274584,0.2530072059239233,0.0,0.016316698300551,0.0039479813689092,2014-10-23,0.47,bmo,303424000.0,2025-04-25,2014-09-30,0.0638297872340426,23.4559375,2405629.375
2014-06-30,KKR,USD,1404912,2014-08-07,2014-08-07 06:02:02,2014,Q2,249370000.0,358730000.0,-109360000.0,-0.4385451337,0,226595000.0,0.0,226595000.0,0.0,226595000.0,585325000.0,215872000.0,65997000.0,0.0,2124669000.0,8.5201467699,-335955000.0,-1.3472149818,2394627000.0,2058672000.0,8.2554918394,6176000.0,178215000.0,0.7146609456,0.47,0.43,377542161,410179838,https://www.sec.gov/Archives/edgar/data/1404912/000110465914057776/0001104659-14-057776-index.htm,https://www.sec.gov/Archives/edgar/data/1404912/000110465914057776/a14-14044_110q.htm,0.6605090126609727,0.4720399955542978,7.338033433569291,7.330545528132419,13.404497623776646,137.10984453468762,136.26498789892767,14.673036741981248,28.1391963532253,9185600777.13,14682573777.13,12.88556066707348,36.835227882784615,3.315602227798198,3.318989003837274,1.6581434659935843,1.6581434659935843,58.878669355295344,6.910522898922138,5.299770315129455,5.305183852062624,0.0194015616750636,0.3012965691793021,1.905835164061527,0.160856949269389,2.587213820129159,3.2258372710058763,-5.090458657211691,1.3497794879990022,0.019099676140597,0.9844401425244788,0.9086698480170028,0.0,0.0048597900394088,0.0010204240011521,0.0113365681517423,0.0,0.3727673737819305,12.483623450953242,-0.0052706636384947,0.0027285317380533,-20.287062058745803,4640844000.0,51445778000.0,-7143738000.0,5824273000.0,1591442500.0,1252089500.0,0.0,553.1952119340738,317.8824185320436,0.0,0.1626912128999511,0.2831235537203128,0.0,0.0321705727215782,0.0074879054368711,2014-07-24,0.64,bmo,261467741.0,2025-04-25,2014-06-30,-0.03125,23.28428571428572,2831479.238095238
2014-03-31,KKR,USD,1404912,2014-05-07,2014-05-06 19:13:54,2014,Q1,302926000.0,331038000.0,-28112000.0,-0.0928015423,0,142133000.0,0.0,142133000.0,0.0,142133000.0,473171000.0,161960000.0,34731000.0,0.0,2060599000.0,6.8023180579,-170245000.0,-0.5620019411,2196113000.0,2025868000.0,6.6876662947,21702000.0,210041000.0,0.6933739593,0.72,0.65,293490461,325104229,https://www.sec.gov/Archives/edgar/data/1404912/000110465914035344/0001104659-14-035344-index.htm,https://www.sec.gov/Archives/edgar/data/1404912/000110465914035344/a14-9598_110q.htm,1.0321493890051847,0.7156655084609377,-3.077987601102988,-3.08442051886654,7.639008069839789,168.82390940808125,167.71143372867576,10.287867584221075,11.163844946906128,6703322129.24,7703097129.24,7.97858766769345,22.1285796836191,-7.420432750221396,-7.404956574596133,2.220090782955901,2.220090782955901,25.428973179060232,3.738280533592417,-8.527162071865037,-8.509377683507724,0.0313338663949622,-0.1350446812113196,1.0736439897979426,0.0574751377886995,0.4851865889481651,2.0759205829645992,-4.901816820707725,-0.4507411062756278,0.0206327545258041,0.6584809632405102,0.4692003987772591,0.0,0.0057887511913,-0.002089975203684,0.0062325452420723,0.0,0.2559304912750968,12.870902053737664,-0.0030911324395395,0.0037456377410973,-11.499198265254693,2062940000.0,49221706000.0,-2874147000.0,2708452000.0,1499454000.0,1232435000.0,0.0,490.249631923308,336.34250448588983,0.0,0.1835799440520112,0.2675843784227267,0.0,0.0695640279778273,0.0064329177635521,2014-04-24,0.5,bmo,269907066.0,2025-04-25,2014-03-31,0.6399999999999999,24.21049180327869,2312552.393442623
2013-12-31,KKR,USD,1404912,2014-02-24,2014-02-24 06:19:24,2013,Q4,224902000.0,405687000.0,-180785000.0,-0.8038390054,0,174604000.0,0.0,174604000.0,0.0,174604000.0,580291000.0,122509000.0,26923000.0,0.0,3319954000.0,14.7617806867,-355389000.0,-1.5801949293,-9700000.0,3293031000.0,14.6420707686,12401000.0,277913000.0,1.235707108,0.96,0.89,288045501,312340336,https://www.sec.gov/Archives/edgar/data/1404912/000104746914001189/0001047469-14-001189-index.htm,https://www.sec.gov/Archives/edgar/data/1404912/000104746914001189/a2218358z10-k.htm,0.7807863661095682,0.9648232624192246,2.715484176230893,2.693164785795422,6.06567710286855,161.727289050767,160.80193177535517,9.449930620509848,6.7195251905705,7011027494.34,7172442494.34,6.306854568102247,31.173700075321698,8.963410729126048,9.037694287544763,2.575680285649208,2.575680285649208,31.891412679033536,2.1604041785940407,9.169775480085862,9.245769270077886,0.0396394109457364,0.1106476904599598,0.7011752344774633,0.0371127722856237,0.0486196495493612,1.9242354062253104,-13.200200572001634,0.2384246318542475,0.009452680089117,0.2384667144034284,0.7763559239135268,0.0,0.0051829575558662,0.0082193041781782,0.0285857840303776,0.0,0.2682546175667624,14.322850276589568,-0.0071138606960014,0.0054321625586661,-7.233541203616994,1532447000.0,46318273000.0,-1651866000.0,2067005000.0,1382370500.0,1155655000.0,0.0,539.7566940267317,272.3679831988701,0.0,0.1667417949531585,0.3304353138095762,0.0,0.1020984493076807,0.0223193904354715,2014-02-06,0.93,bmo,193663888.0,2025-04-25,2013-12-31,0.1612903225806451,23.01046875,2164762.671875
2013-09-30,KKR,USD,1404912,2013-11-01,2013-11-01 17:04:28,2013,Q3,220028000.0,329182000.0,-109154000.0,-0.4960914065,0,126313000.0,0.0,126313000.0,0.0,126313000.0,455495000.0,114861000.0,25056000.0,0.0,2230854000.0,10.1389550421,-235467000.0,-1.0701683422,2441265000.0,2205798000.0,10.0250786264,7644000.0,204740000.0,0.9305179341,0.73,0.66,282148802,308135191,https://www.sec.gov/Archives/edgar/data/1404912/000110465913080110/0001104659-13-080110-index.htm,https://www.sec.gov/Archives/edgar/data/1404912/000110465913080110/a13-19514_110q.htm,0.7798296446426166,0.7256454698680592,-1.924427806005712,-1.9365916003428576,5.490340518971971,154.2033377125592,153.2409767240479,8.84318126220504,7.273367760037486,5806622345.16,6284645345.16,7.0902392609651255,26.39037915701638,-10.694087840434642,-10.626917929601928,2.327216800130182,2.327216800130182,28.5629344681586,2.8171477582844955,-11.574465390045582,-11.501765799413258,0.0352597410042788,-0.0941006608524226,0.8124410596368316,0.0420912344964086,0.2142780298486588,2.0778456036923765,-9.397629310344827,-0.2470140854553411,0.0200961924271285,0.5699472501709485,0.5740769356627339,0.0,0.0056380546606979,-0.0063207329987568,0.0155980147981166,0.0,0.3872916174305088,12.01594043336504,-0.0050250939823612,0.0042753459795647,-7.232773045763277,1578188000.0,43236758000.0,-1609370000.0,2079085000.0,1317434500.0,1010419500.0,0.0,579.1732415874343,296.2548073709984,0.0,0.1553939193622315,0.3037925385875458,0.0,0.0820570616333968,0.0121637943371455,2013-10-24,0.59,bmo,154523809.0,2025-04-25,2013-09-30,0.423728813559322,20.04953125,1666056.40625
2013-06-30,KKR,USD,1404912,2013-08-08,2013-08-07 19:17:43,2013,Q2,166376000.0,200602000.0,-34226000.0,-0.2057147666,0,91420000.0,0.0,91420000.0,0.0,91420000.0,292022000.0,128020000.0,24614000.0,0.0,310397000.0,1.8656356686,-125646000.0,-0.7551930567,411429000.0,285783000.0,1.7176936577,8525000.0,15134000.0,0.0909626388,0.06,0.05,271983811,298078764,https://www.sec.gov/Archives/edgar/data/1404912/000110465913061181/0001104659-13-061181-index.htm,https://www.sec.gov/Archives/edgar/data/1404912/000110465913061181/a13-13480_110q.htm,0.611712878749243,0.0556430176647535,3.0458687851829533,3.03391219119288,6.003769099330695,150.3934291147939,149.37677301683223,8.410018933075396,6.362966948793875,5374400105.360001,5447482105.360001,88.78023168626933,32.302736604798774,6.48747578888665,6.513042815596692,2.3495785392690096,2.3495785392690096,32.74199467086599,17.550047537057385,6.575693579953334,6.601608271409096,0.0028159421895118,0.1535380663559149,0.7458329125478875,0.0380740831168431,0.2354468632106624,2.1141142560472117,-5.104655886893638,2.9879282112689265,0.0132598985194509,4.708867450773094,0.5494782901380006,0.0,0.0061711344124423,0.0039255118435299,0.0195460883781314,0.0,0.482749915853248,3.2448534206055584,-0.0028066141082725,0.0003398521362504,-4.98537025058451,1532199000.0,40628064000.0,-995606000.0,1886740000.0,1094562000.0,995022000.0,0.0,659.373226907727,420.5030857120069,0.0,0.1364932580324415,0.2140293449871114,0.0,0.0066162773362991,0.0119565939900739,2013-07-26,0.3,bmo,240355555.0,2025-04-25,2013-06-30,-0.4,19.85,2611889.03125
2013-03-31,KKR,USD,1404912,2013-05-02,2013-05-02 17:16:48,2013,Q1,151240000.0,331121000.0,-179881000.0,-1.1893745041,0,108209000.0,0.0,108209000.0,0.0,108209000.0,439330000.0,109369000.0,23023000.0,0.0,2130565000.0,14.0873115578,-288090000.0,-1.9048532134,0.0,2107542000.0,13.9350833113,9356000.0,193439000.0,1.2790201005,0.75,0.69,257044184,282042521,https://www.sec.gov/Archives/edgar/data/1404912/000110465913036662/0001104659-13-036662-index.htm,https://www.sec.gov/Archives/edgar/data/1404912/000110465913036662/a13-8387_110q.htm,0.5883813344712752,0.7525515535492528,5.874935493580357,5.869944133806972,7.6690939640167075,162.52813952016902,161.4330009505292,8.387931469400607,6.44488419936395,4986657169.599999,4648958169.599999,6.444741196966485,32.971814133827024,3.3021639167270367,3.3049718289938923,2.3128467454427475,2.3128467454427475,30.73894584501454,2.182030667733676,3.078539670144982,3.081157429142351,0.0387913171932604,0.3025744398869573,0.757673803574932,0.0358694968870045,-0.1585020874744492,2.0718831248194483,-12.513139034878163,0.7197255152784358,0.0355659099809795,0.9168523410480824,0.7154787093361544,0.0,0.0061809782364897,0.0008496024813954,0.0084832055011901,0.0,0.5398704046548533,11.917545649719456,-0.0065032458308121,0.0042738285067072,-4.150796113714053,1543546000.0,41495414000.0,-782300000.0,1903367000.0,1054413500.0,963459500.0,0.0,577.3425019836022,286.14977606373503,0.0,0.155886669855039,0.3145206025950341,0.0,0.0897183717218697,0.0049913597733843,2013-04-25,0.82,bmo,140890909.0,2025-04-25,2013-03-31,0.0731707317073171,17.71216666666667,2677672.8833333333
2012-12-31,KKR,USD,1404912,2013-02-22,2013-02-22 16:04:58,2012,Q4,177621000.0,261454000.0,-83833000.0,-0.4719768496,0,96818000.0,0.0,96818000.0,975764000.0,96818000.0,358272000.0,98929000.0,16407000.0,0.0,1470375000.0,8.2781596771,0.0,0.0,-3700000.0,1453968000.0,8.1857888425,5628000.0,96728000.0,0.5445752473,0.39,0.36,249303558,268192128,https://www.sec.gov/Archives/edgar/data/1404912/000104746913001493/0001047469-13-001493-index.htm,https://www.sec.gov/Archives/edgar/data/1404912/000104746913001493/a2213011z10-k.htm,0.7124687727080092,0.3879928580882909,6.3475467927337,6.314097611073806,7.290862651867969,166.0844888543468,164.93535162462462,8.039833105791454,4.572020588651205,3796893188.34,3102669188.34,9.813324963660987,21.37637547553499,2.399352143009708,2.412062805821894,1.8943179291904888,1.8943179291904888,17.46791870522067,2.1101210156184647,1.960654565936962,1.9710412109950468,0.0254755652060598,0.4145829028938809,0.5604854223023348,0.0252871083070897,-0.4721407804131599,2.56134702970546,0.0,1.0926067083695816,0.0154881891807207,0.6079625341162849,0.545081944139488,0.0,0.0064485149163605,0.0052696234863813,0.0469482775122311,0.0,0.3950546388096002,8.377735437965915,0.0,0.00219139753224,-1.4010419779087149,1862865000.0,41118970000.0,35080000.0,2228919000.0,569317500.0,437069500.0,0.0,576.9427601466043,300.90383011925616,0.0,0.1559946778379375,0.2990988847311469,0.0,0.0482588199261004,0.0334491816598943,2013-02-07,0.22,bmo,-4920584625.0,2025-04-25,2012-12-31,1.181818181818182,14.50258064516129,1281647.935483871
2012-09-30,KKR,USD,1404912,2012-11-02,2012-11-02 17:16:37,2012,Q3,2548477000.0,380694000.0,2167783000.0,0.8506190168,0,446519000.0,0.0,446519000.0,0.0,65825000.0,446519000.0,95578000.0,17868000.0,0.0,2130266000.0,0.8358976754,-284365000.0,-0.1115823294,162154000.0,2112398000.0,0.828886429,9612000.0,127411000.0,0.0499949578,0.53,0.49,239696358,257646622,https://www.sec.gov/Archives/edgar/data/1404912/000110465912073758/0001104659-12-073758-index.htm,https://www.sec.gov/Archives/edgar/data/1404912/000110465912073758/a12-19835_110q.htm,10.63210564092092,0.5315516725539902,7.855325861897326,7.808650142277089,6.689454997893627,169.55076138453467,169.4611938993249,7.693304209486571,5.5600052129286,3583460552.1,3294867552.1,7.031301363500797,1.406118459024743,1.903167387684802,1.9145434521465725,1.9432482575647063,1.9432482575647063,1.2928770995775123,1.5466930196041244,1.7498963308589497,1.7603562271298094,0.0355552958230093,0.5223177352693705,0.7130175477222234,0.0301234036723268,-0.1354727531679142,0.0,-15.914763823595257,0.8954277800974517,0.008543138554172,0.2402775270581033,0.1752101353082645,0.0,0.000491859765555,0.0059419202259501,0.0043900729729952,0.0,0.0479333343012316,9.59224927743399,-0.205301438088896,0.0029204519910089,-5.859421526963709,1278354000.0,40619231000.0,-1729566000.0,1378807000.0,0.0,0.0,0.0,0.0,0.0,0.0,0.0,0.0,0.0,0.0690927666552606,0.0466757196202372,2012-10-26,0.49,bmo,112834782.0,2025-04-25,2012-09-30,0.326530612244898,14.172857142857143,918460.5238095238
2012-06-30,KKR,USD,1404912,2012-08-03,2012-08-02 18:50:00,2012,Q2,1864975000.0,294735000.0,1570240000.0,0.841963029,0,334644000.0,0.0,334644000.0,0.0,54004000.0,348739000.0,87892000.0,16884000.0,0.0,1533120000.0,0.8220592769,-236379000.0,-0.1267464711,112360000.0,1516236000.0,0.8130060725,11093000.0,146261000.0,0.07842518,0.62,0.58,235781983,252507802,https://www.sec.gov/Archives/edgar/data/1404912/000110465912053817/0001104659-12-053817-index.htm,https://www.sec.gov/Archives/edgar/data/1404912/000110465912053817/a12-11748_110q.htm,7.909743468397244,0.6203230549638731,10.059708421402156,10.013250249065893,4.641601474697921,169.20659709609788,169.20659709609788,7.188081033316274,4.824444113696338,3039229760.8700004,3065456760.8700004,5.194873822943232,1.6296356577809357,1.281349265807383,1.2872943029864328,1.793246339357572,1.793246339357572,1.6436985808764195,1.999489120792893,1.2924066552904048,1.2984029951028064,0.048124364233039,0.7768231380190761,0.6612106300374081,0.0262995955787659,0.0171069453141306,0.0,-14.000177683013504,1.5758622270442078,0.0114881080889407,0.238717087945522,0.1794361854716551,0.0,0.0,0.0046182424370693,0.0058735371787825,0.0,0.050155632113031,10.016285672996704,-0.3175412098386008,0.0034325288912122,-6.870762470430152,738958000.0,39895867000.0,-1975450000.0,738958000.0,0.0,0.0,0.0,0.0,0.0,0.0,0.0,0.0,0.0,0.0862988399948077,0.0464581723362637,2012-07-27,0.16,bmo,24302702.0,2025-04-25,2012-06-30,3.625,12.903492063492063,1256810.825396825
2012-03-31,KKR,USD,1404912,2012-05-04,2012-05-04 17:01:07,2012,Q1,3434305000.0,387607000.0,3046698000.0,0.8871366987,0,430061000.0,0.0,430061000.0,0.0,57651000.0,445258000.0,76199000.0,18005000.0,0.0,3007052000.0,0.8755925871,-328951000.0,-0.0957838631,116307000.0,2989047000.0,0.8703498961,17072000.0,190436000.0,0.0554511029,0.83,0.8,229099335,237832106,https://www.sec.gov/Archives/edgar/data/1404912/000110465912033287/0001104659-12-033287-index.htm,https://www.sec.gov/Archives/edgar/data/1404912/000110465912033287/a12-6464_110q.htm,14.990462543245703,0.8312376812442516,1.59098672198241,1.5626802234061483,4.712265969693888,174.66394217163486,174.66394217163486,6.59221904768951,7.592531859597061,3397543138.05,4039405138.05,4.4602164743667165,0.989295690991336,9.32125943925003,9.490105382965233,2.2496218485333443,2.2496218485333443,1.1761928943556266,1.3433107036559395,11.082226697970338,11.282970925451597,0.0560510911155935,0.1053729078493694,1.1398197544417463,0.0395547496195578,0.2134522449229345,0.0,-18.26998056095529,0.1226436965317676,0.0213942831765541,0.3816925371253334,0.1252250455332301,0.0,0.0,0.0177917880678419,0.0018883005440693,0.0,0.0332937814201126,11.103750253754422,-0.5351198190711391,0.0043757857807044,-10.58685744330074,611213000.0,40015393000.0,-2893806000.0,611213000.0,0.0,277135500.0,0.0,0.0,0.0,0.0,0.0,0.0,0.0,0.1260937592077723,0.0283064985762616,2012-04-27,0.74,bmo,86931313.0,2025-04-25,2012-03-31,0.3378378378378378,14.29,1224568.0
2011-12-31,KKR,USD,1404912,2012-02-27,2012-02-24 19:22:51,2011,Q4,924456000.0,0.0,924456000.0,1.0,0,314940000.0,0.0,314940000.0,0.0,-844783000.0,-844783000.0,102968000.0,20393000.0,0.0,614712000.0,0.6649445728,0.0,0.0,594319000.0,594319000.0,0.642885113,21322000.0,-303489000.0,-0.3282892858,-1.35,-1.32,225438555,229099335,https://www.sec.gov/Archives/edgar/data/1404912/000104746912001497/0001047469-12-001497-index.htm,https://www.sec.gov/Archives/edgar/data/1404912/000104746912001497/a2207447z10-k.htm,4.100700521257333,-1.3462160454319805,-4.882443466690957,-4.941940831726853,7.869758569025604,167.16151325579602,167.05367899470434,5.893836571122451,7.03122409562996,2892376660.65,2682945660.65,-2.382604197063156,3.1287337208585373,-2.6277826026105418,-2.596146015677172,2.176850315609717,2.176850315609717,2.90218859594183,4.364557159531619,-2.437510310023431,-2.4081644627880343,-0.1049272054116898,-0.3851863469779309,1.1776310342907117,0.0387520371730446,-0.3406977576491105,1.0200326599733882,0.0,-1.920936758831198,0.1245474024531245,-1.186988655272514,0.3406760300111633,0.0,0.0006020658213226,-0.0121859813517145,0.0145090734442742,0.0,0.0905267530309717,,0.0,-0.0075207910325131,-4.075824563371603,16561000.0,37660340000.0,-1849734000.0,100490000.0,0.0,277135500.0,0.0,0.0,0.0,0.0,0.0,0.0,0.0,-0.2284108202164826,0.0594973650358963,2012-02-09,0.74,bmo,469563636.0,2025-04-25,2011-12-31,-0.5540540540540541,12.523492063492064,1475027.746031746
2011-09-30,KKR,USD,1404912,2011-11-08,2011-11-08 16:39:16,2011,Q3,-3055990000.0,62650000.0,-3118640000.0,1.0205007215,0,115128000.0,0.0,115128000.0,0.0,52555000.0,115205000.0,64858000.0,17742000.0,0.0,-3167078000.0,1.0363509043,0.0,0.0,151183000.0,-3184820000.0,1.0421565516,11535000.0,-3184820000.0,1.0421565516,-1.09,-1.09,222733648,222733648,https://www.sec.gov/Archives/edgar/data/1404912/000110465911062174/0001104659-11-062174-index.htm,https://www.sec.gov/Archives/edgar/data/1404912/000110465911062174/a11-25049_110q.htm,-13.720378700931615,-14.298782553051886,-5.870603798488498,-5.887143733218072,5.661564883990945,161.24380991595845,161.24380991595845,5.680502301116174,7.107044733537521,2316429939.2000003,2620644939.2000003,-0.1818336624361816,-0.7579965704076258,-1.7715383897441157,-1.7665612513107574,1.8308240096930304,1.8308240096930304,-0.8575436893445333,-0.8274646027663355,-2.0041931927735264,-1.9985624104967343,-1.3748829377934506,-0.5660715128094299,1.2371069813687374,0.0405147187063998,-0.096055417643645,0.0,0.0,0.4090850359237318,0.010634899671737,-0.0077351310278131,-0.0376728981443002,0.0,0.0,-0.0028174162824329,-0.0012055013269022,0.0,-0.0405295828847607,,0.0,-0.0824361862559488,-6.5473672841743245,821769000.0,35914422000.0,-1897571000.0,821769000.0,0.0,0.0,0.0,0.0,0.0,0.0,0.0,0.0,0.0,-2.5171686930295385,0.0165399347295744,2011-11-04,-0.97,bmo,175665934.0,2025-04-25,2011-09-30,-0.0618556701030927,12.77609375,2250827.171875
2011-06-30,KKR,USD,1404912,2011-08-05,2011-08-04 19:29:37,2011,Q2,1539294000.0,285244000.0,1254050000.0,0.8146916703,0,318457000.0,0.0,318457000.0,0.0,32903000.0,318147000.0,88749000.0,17371000.0,0.0,1225379000.0,0.7960655989,0.0,0.0,104473000.0,1208008000.0,0.7847805552,25605000.0,1208008000.0,0.7847805552,0.18,0.18,219188351,220213799,https://www.sec.gov/Archives/edgar/data/1404912/000110465911043827/0001104659-11-043827-index.htm,https://www.sec.gov/Archives/edgar/data/1404912/000110465911043827/a11-12443_110q.htm,7.02269985141683,5.511278288689712,2.826030658901211,2.822522260774707,6.413342650677635,172.5928400273425,172.5928400273425,6.954238183944365,7.059804925490771,3577153888.32,3701479888.32,0.7403001239064643,2.323892569138839,5.774884270486074,5.782062457683008,2.346770353319058,2.346770353319058,2.4046607654678054,3.020681673441441,5.975593628883189,5.9830212980228366,0.3377008755324578,0.1729486679396266,1.0037840618045937,0.0376970915984364,0.1014592220039677,0.0,0.0,0.5238763771742798,0.0127000407078757,0.0376073668386302,0.2068851044699713,0.0,0.0,0.0012414579139309,0.0004995796774365,0.0,0.0784080234185282,29.36582525904669,0.0,0.0297625630876542,-6.168671801358641,933479000.0,37830340000.0,-1824352000.0,933479000.0,0.0,0.0,0.0,0.0,0.0,0.0,0.0,0.0,0.0,0.7925064029894613,0.0035083981265044,2011-08-03,0.4,bmo,130666666.0,2025-04-25,2011-06-30,-0.1,17.065079365079363,2037205.3015873013
2011-03-31,KKR,USD,1404912,2011-05-05,2011-05-05 16:36:42,2011,Q1,2771976000.0,369108000.0,2402868000.0,0.866843003,0,411198000.0,0.0,411198000.0,0.0,45121000.0,414229000.0,65368000.0,17252000.0,0.0,2365476000.0,0.8533537087,0.0,0.0,222320000.0,2348224000.0,0.8471299896,30783000.0,2348224000.0,0.8471299896,0.75,0.75,213479630,213509630,https://www.sec.gov/Archives/edgar/data/1404912/000104746911004640/0001047469-11-004640-index.htm,https://www.sec.gov/Archives/edgar/data/1404912/000104746911004640/a2203796z10-q.htm,12.984733016447516,10.999756744940958,7.40240181229469,7.400771680183257,5.9948014712223365,174.7164167372784,174.7164167372784,6.843950404073682,7.046405317453473,3503200728.3,3710444728.3,0.3729627931896616,1.2637918684360905,2.2168480469061462,2.217336341281867,2.397738006726697,2.397738006726697,1.3385558635067547,1.5685826989155671,2.347993388627962,2.348510569752531,0.6703081502096867,0.4509915710044641,1.0177735920341893,0.0372950824811588,0.0876119647800273,0.0,0.0,0.6818995607655168,0.0176989572704525,0.0264042101605298,0.1483411111784517,0.0,0.0,0.0002202166476191,0.0001255422124866,0.0,0.0512205011876004,41.15629072733772,0.0,0.0588947552301103,-6.058498415047843,1047548000.0,37298396000.0,-1525586000.0,1047548000.0,68278000.0,0.0,0.0,0.0,0.0,0.0,0.0,0.0,0.0,1.6072233279764332,0.0016301321114337,2011-05-04,0.61,bmo,147289583.0,2025-04-25,2011-03-31,0.5737704918032787,16.226774193548387,2254308.935483871
2010-12-31,KKR,USD,1404912,2011-03-07,2011-03-07 16:27:22,2010,Q4,3611953000.0,0.0,3611953000.0,1.0,0,408778000.0,0.0,408778000.0,0.0,-1314193000.0,-1314193000.0,55766000.0,18706000.0,0.0,3211757000.0,0.8892023235,0.0,0.0,3193051000.0,3193051000.0,0.8840234078,14362000.0,-4597782000.0,-1.2729351683,-21.95,-21.54,209420050,213479630,https://www.sec.gov/Archives/edgar/data/1404912/000104746911001800/0001047469-11-001800-index.htm,https://www.sec.gov/Archives/edgar/data/1404912/000104746911001800/a2202142z10-k.htm,17.247407781633132,-21.954831927506465,-2.0621950954552823,-2.08920779075356,6.850323070785247,171.9035116265133,171.9035116265133,6.334126078185924,7.189693632486478,2973764710.0,3026129710.0,-0.1616956126889008,0.8233121278156167,-6.885866439743901,-6.796834696312414,2.24182465342825,2.24182465342825,0.8378098247679303,0.9422038186575136,-7.007119609137114,-6.916520106417506,-1.5461149244722865,-0.1471273092079971,1.120970860758406,0.0387318360840232,0.0163041599971604,0.0,0.0,-0.1358626150592272,0.0673123194067361,-0.0435364269119327,0.1131736764016586,0.0,0.0,-0.0130990008451715,0.0015661887073281,0.0,0.0296349371102004,,0.0,-0.1197614856983862,-4.078420380474554,1571151000.0,36000042000.0,-819964000.0,1571151000.0,68278000.0,0.0,0.0,3.402602414815475,0.0,0.0,26.4503427165412,0.0,0.0,-3.466118554715328,0.0270126952982773,2011-02-23,0.68,bmo,97533333.0,2025-04-25,2010-12-31,0.4999999999999999,12.63953125,1413180.96875
2010-09-30,KKR,USD,1404912,2010-11-09,2010-11-09 08:48:46,2010,Q3,1820545000.0,341553000.0,1478992000.0,0.8123896965,0,439494000.0,0.0,439494000.0,0.0,94000000.0,435553000.0,66603000.0,10432000.0,0.0,1381110000.0,0.7586244778,0.0,0.0,81704000.0,1370678000.0,0.7528943256,16263000.0,1370678000.0,0.7528943256,0.04,0.04,204902226,204902226,https://www.sec.gov/Archives/edgar/data/1404912/000104746910009441/0001047469-10-009441-index.htm,https://www.sec.gov/Archives/edgar/data/1404912/000104746910009441/a2200557z10-q.htm,8.884944959065502,6.689424642951415,5.426646755902008,5.413494141347201,6.351653788280465,157.79315154926624,157.79315154926624,5.403460087349173,8.534841393084719,2171963595.6,2608871595.6,0.3961476721009602,1.1930293376983263,1.953324120180011,1.9580699125615173,1.961705986284085,1.961705986284085,1.4330168139760346,1.888967276755653,2.346251025782152,2.3519514725888158,0.6310777965048504,0.5107069944667171,1.5700919723152764,0.0498616924142206,0.3163455481460564,0.0,0.0,0.8209684623988954,0.053822725314927,0.085286989358551,0.2414079300429267,0.0,0.0,0.0024237093635222,0.0014803259463512,0.0,0.1309179394082541,28.51816752482799,0.0,0.0393150416451556,-6.004439405162929,1055352000.0,32332168000.0,-1476439000.0,1055352000.0,0.0,0.0,0.0,0.0,0.0,0.0,0.0,0.0,0.0,1.237989091214535,0.0131526145548072,2010-11-03,0.5,bmo,111627906.0,2025-04-25,2010-09-30,-0.14,9.9875,1285912.40625
2010-06-30,KKR,USD,1404912,2010-08-12,2010-08-12 14:06:36,2010,Q2,1312029000.0,358131000.0,953898000.0,0.7270403322,0,421076000.0,0.0,421076000.0,0.0,58046000.0,416177000.0,56152000.0,10134000.0,0.0,891577000.0,0.6795406199,0.0,0.0,72661000.0,881443000.0,0.6718167053,31283000.0,881443000.0,0.6718167053,0.15,0.15,204902226,204902226,https://www.sec.gov/Archives/edgar/data/1404912/000104746910007428/0001047469-10-007428-index.htm,https://www.sec.gov/Archives/edgar/data/1404912/000104746910007428/a2199809z10-q.htm,6.403195444055352,4.3017736664315205,-0.6292708601418513,-0.6373283616743138,4.683902262730909,154.76333087762552,154.76333087762552,5.431083018102497,6.358022679558395,1905590701.8,2238487701.8,0.5404747390926016,1.452399833997572,-14.779009468043029,-14.592164038594074,1.7123656495402308,1.7123656495402308,1.706126695217865,2.510705975815886,-17.360827226828192,-17.141340851520027,0.462556308218443,-0.0685299313628294,1.161566656871916,0.0382246032513234,0.3733799772762196,0.0,0.0,-0.1516643925849252,0.0618700541982251,0.1337568056017235,0.3209349793335361,0.0,0.0,-0.0128045044555952,0.0012583563320627,0.0,0.172291923425473,22.927582142873828,0.0,0.0260651341663498,-5.59215008235196,491857000.0,31711351000.0,-1613729000.0,491857000.0,66916000.0,0.0,0.0,0.0,0.0,0.0,0.0,0.0,0.0,0.7920655331714055,0.0080575015324626,2010-08-09,-0.21,amc,5791670871.0,2025-04-25,2010-06-30,-3.9047619047619047,10.89,33484.26666666667
2010-03-31,KKR,USD,1404912,2010-03-31,2010-03-30 20:00:00,2010,Q1,2869967000.0,0.0,2869967000.0,1.0,0,453623000.0,0.0,453623000.0,-3189657000.0,-2736034000.0,-2736034000.0,48303000.0,13827000.0,0.0,2420486000.0,0.8433846103,0.0,0.0,2406659000.0,2406659000.0,0.8385667849,13452000.0,113836000.0,0.0396645676,0.56,0.56,204902226,204902226,,,14.006519382566395,0.5555625344938908,0.8895364562803725,0.8745146575420806,4.894348975984283,149.25019897050802,149.25019897050802,5.395890623462529,6.543769807556898,2399405066.46,2723548066.46,5.269433804903545,0.8360392528764268,13.164159734347226,13.390284426921143,2.1701700084657616,2.1701700084657616,0.9489823633721224,1.1252071139680213,14.942546505475454,15.19921907729226,0.0474434273692477,0.0746810125996653,1.2002261154274034,0.0406746680048684,0.133916494456072,0.0,0.0,0.0761605661357333,0.032235907592758,0.6794599248041041,0.1580586118237596,0.0,0.0,0.0168872210152083,0.0010724861993186,0.0,0.0880703506346937,8.212763243209311,0.0,0.0034892393154229,-4.587265928482397,1136695000.0,30581698000.0,-906483000.0,1136695000.0,128910000.0,0.0,0.0,4.196870556351344,0.0,0.0,21.44454988343595,0.0,0.0,0.102960303175565,0.0150217987382918,2010-05-13,0.21,bmo,6395926457.0,2025-04-25,2010-03-31,3.4761904761904763,10.446065573770491,56782.65573770492
2009-12-31,KKR,USD,1404912,2009-12-31,2009-12-30 19:00:00,2009,Q4,2119564000.0,0.0,2119564000.0,1.0,0,828737000.0,0.0,828737000.0,-1648573000.0,-819836000.0,-819836000.0,45137000.0,18797000.0,0.0,1299728000.0,0.6132053573,0.0,0.0,1280931000.0,1280931000.0,0.604337024,31193000.0,1249738000.0,0.5896203181,0.0,0.0,204902226,204902226,,,10.344270247215372,6.099191914098581,1.8887642538349,1.867451649842008,4.04500241983706,133.5343277334625,133.5343277334625,4.947964791753897,10.146214809789328,1741668921.0,2973023921.0,0.348406810267432,0.8217109372493588,4.500296944280797,4.55165733512786,1.7178780281876296,1.7178780281876296,1.402658245280633,2.287420076354437,7.681994152636093,7.769666194514498,0.7175519898939507,0.2197001940990597,2.032043233262547,0.06817039254447,0.9473943779006068,0.0,0.0,0.30967450777683,0.0038813346890973,0.0054091337544349,0.3909940912376319,0.0,0.0,0.0112838878381032,0.0020603293884968,0.0,0.265324849827606,26.057977743964926,0.0,0.0413531454882648,-9.457237424058048,952818000.0,27361481000.0,-1906812000.0,952818000.0,,,,5.2647242546108535,0.0,0.0,17.09491241087847,0.0,0.0,1.2326667975211298,0.0213126039928917,2009-12-30,,bmo,,2025-04-25,2009-12-31,,9.102622950819672,50394.86885245902
2009-09-30,KKR,USD,1404912,2009-09-30,2009-09-29 20:00:00,2009,Q3,4282698000.0,0.0,4282698000.0,1.0,0,145146000.0,0.0,145146000.0,-281272000.0,-136126000.0,-136126000.0,38118000.0,18471000.0,0.0,4146572000.0,0.9682148963,0.0,0.0,4128101000.0,4128101000.0,0.9639019609,4115000.0,4123986000.0,0.962941118,0.0,0.0,204902226,204902226,,,20.901178496713843,20.126604188282464,-1.3561443690709345,-1.3802778306566568,,,,,,1936326035.7,,0.1173819476896866,0.4521276157459619,-6.968284657240433,-6.846447715170672,0.0,0.0,,,,,2.129799385003436,-0.1460611461012335,0.0,0.0,,0.0,0.0,-0.0673806846095015,0.0683562569317778,0.0320951623017148,0.0338912526636246,0.0,0.0,-0.0177956433961788,0.0011546459731692,0.0,0.0,,0.0,0.0,,,,,,,,,,0.0,0.0,0.0,0.0,0.0,0.0,0.0241334615857223,2010-02-24,0.27,bmo,1648549777.0,2025-04-25,2009-09-30,1.7777777777777777,7.743275862068966,69766.68965517242
2009-06-30,KKR,USD,1404912,2009-06-30,2009-06-29 20:00:00,2009,Q2,2359092000.0,0.0,2359092000.0,1.0,0,87941000.0,0.0,87941000.0,-165571000.0,-77630000.0,-77630000.0,31780000.0,20092000.0,0.0,2281462000.0,0.9670932715,0.0,0.0,2261370000.0,2261370000.0,0.9585764353,159000.0,2261211000.0,0.9585090365,0.0,0.0,204902226,204902226,,,11.513257059491387,11.035560931387831,-1.4622486336483236,-1.5005303065863227,,,,,,1227364333.74,,0.1356976785602935,0.520269804543443,-4.096430567389143,-3.991922038300668,0.0,0.0,,,,,1.842330706408653,-0.2505058942548118,0.0,0.0,,0.0,0.0,-0.1325033356020291,0.0097550496383711,0.0052949503606695,0.0372774779449042,0.0,0.0,-0.0261800025365632,0.0033250080963353,0.0,0.0,,0.0,0.0,,,,,,,,,,0.0,0.0,0.0,0.0,0.0,0.0,0.0382816729379992,2009-12-30,,bmo,,2025-04-25,2009-06-30,,4.16075,40193.475
2009-03-31,KKR,USD,1404912,2009-03-31,2009-03-30 20:00:00,2009,Q1,-676275000.0,0.0,-676275000.0,1.0,0,95873000.0,0.0,95873000.0,542496000.0,638369000.0,638369000.0,27082000.0,22278000.0,0.0,-758755000.0,1.1219622195,0.0,0.0,-781033000.0,-781033000.0,1.1549044398,1531000.0,-54583000.0,0.0807112491,-0.27,-0.27,204902226,204902226,,,-3.300476589258723,-0.2663855882170846,-0.765384559560617,-0.7843887454887875,,,,,,614706678.0,,-2.81546762728322,-0.9089596362426527,-3.919598275829088,-3.824634171836016,0.0,0.0,,,,,-0.0887951960723615,-0.2614629151629291,0.0,0.0,,0.0,0.0,0.2004040564094438,0.1085639743123142,-1.222633420662111,-0.1417662932978448,0.0,0.0,-0.024829591465864,-0.0057580126427858,0.0,0.0,,0.0,0.0,,,,,,,,,,0.0,0.0,0.0,0.0,0.0,0.0,0.0190041859281704,2009-08-18,0.95,bmo,1866864342.0,2025-04-25,2009-03-31,0.936842105263158,2.5691891891891894,9962.243243243243
