date,symbol,reportedCurrency,cik,fillingDate,acceptedDate,calendarYear,period,revenue,costOfRevenue,grossProfit,grossProfitRatio,researchAndDevelopmentExpenses,generalAndAdministrativeExpenses,sellingAndMarketingExpenses,sellingGeneralAndAdministrativeExpenses,otherExpenses,operatingExpenses,costAndExpenses,interestIncome,interestExpense,depreciationAndAmortization,ebitda,ebitdaratio,operatingIncome,operatingIncomeRatio,totalOtherIncomeExpensesNet,incomeBeforeTax,incomeBeforeTaxRatio,incomeTaxExpense,netIncome,netIncomeRatio,eps,epsdiluted,weightedAverageShsOut,weightedAverageShsOutDil,link,finalLink,revenuePerShare,netIncomePerShare,operatingCashFlowPerShare,freeCashFlowPerShare,cashPerShare,bookValuePerShare,tangibleBookValuePerShare,shareholdersEquityPerShare,interestDebtPerShare,marketCap,enterpriseValue,peRatio,priceToSalesRatio,pocfratio,pfcfRatio,pbRatio,ptbRatio,evToSales,enterpriseValueOverEBITDA,evToOperatingCashFlow,evToFreeCashFlow,earningsYield,freeCashFlowYield,debtToEquity,debtToAssets,netDebtToEBITDA,currentRatio,interestCoverage,incomeQuality,dividendYield,payoutRatio,salesGeneralAndAdministrativeToRevenue,researchAndDdevelopementToRevenue,intangiblesToTotalAssets,capexToOperatingCashFlow,capexToRevenue,capexToDepreciation,stockBasedCompensationToRevenue,grahamNumber,roic,returnOnTangibleAssets,grahamNetNet,workingCapital,tangibleAssetValue,netCurrentAssetValue,investedCapital,averageReceivables,averagePayables,averageInventory,daysSalesOutstanding,daysPayablesOutstanding,daysOfInventoryOnHand,receivablesTurnover,payablesTurnover,inventoryTurnover,roe,capexPerShare,report_date,epsEstimated,time,revenueEstimated,updatedFromDate,fiscalDateEnding,surprise(%),QuarterAvgPrice,QuarterAvgVolume
2025-03-31,KLAC,USD,319201,2025-05-01,2025-05-01 16:03:49,2025,Q3,3063029000.0,1175689000.0,1887340000.0,0.6161678521,338043000,0.0,0.0,248905000.0,0.0,586948000.0,1762637000.0,0.0,71889000.0,-35930000.0,1300392000.0,0.4245444624,1300392000.0,0.4245444624,-35959000.0,1264433000.0,0.4128047759,176017000.0,1088416000.0,0.3553397634,8.21,8.16,132607000,133303000,https://www.sec.gov/Archives/edgar/data/319201/000031920125000012/0000319201-25-000012-index.htm,https://www.sec.gov/Archives/edgar/data/319201/000031920125000012/klac-20250331.htm,23.09854683387755,8.207832165722774,8.085236827618452,7.465850219068375,30.38016092664791,30.20005731220825,12.982987323444464,30.20005731220825,46.46106163324711,90146238600.0,94377389600.0,20.705832742260316,29.43042282655502,84.07916978731699,91.05459928244164,22.509891056570726,22.509891056570726,30.81178454399224,72.57610751219632,88.02555367254297,95.32838557449112,0.0120738925650526,0.0109824216226366,1.5204918472839304,0.4009118988706246,3.25375040756941,2.5435293070539133,18.08888703417769,0.9850636153823538,0.0025045304552507,0.2074335548172757,0.0,0.1103623243527893,0.1503198480251946,0.0766071077144341,0.0268149599628341,0.8373347198010012,0.0229188166354285,74.68087131796749,0.0992491368690096,0.0843393164756881,-28.98228600300135,6035090000.0,1721635000.0,-1238549000.0,9516496000.0,2323357500.0,431104500.0,3101058500.0,67.9250571901213,32.864660637294385,241.5774324672596,1.324989683086924,2.7385038596098927,0.3725513558150655,0.2717820062680739,0.6193866085500765,2025-04-30,8.09,amc,3009538705.0,2025-05-12,2025-03-31,0.0395550061804697,,
2024-12-31,KLAC,USD,319201,2025-01-31,2025-01-31 16:05:22,2025,Q2,3076851000.0,1221461000.0,1855390000.0,0.6030158756,346157000,0.0,0.0,267081000.0,0.0,613238000.0,1834699000.0,0.0,74981000.0,40935000.0,1242152000.0,0.4037088569,1242152000.0,0.4037088569,-269623000.0,972529000.0,0.3160793292,148002000.0,824527000.0,0.2679775524,6.18,6.13,133327000,134415000,https://www.sec.gov/Archives/edgar/data/319201/000031920125000006/0000319201-25-000006-index.htm,https://www.sec.gov/Archives/edgar/data/319201/000031920125000006/klac-20241231.htm,23.077478680237316,6.184246251696956,6.37166515409482,5.679209762463717,28.35438433325583,26.885394556241422,9.379998049907371,26.885394556241422,46.10914518439626,84012009240.0,88246344240.0,25.47278901721836,27.304542611910684,98.8940857312702,110.95205607032298,23.437260653990226,23.437260653990226,28.68073372418749,71.04311246932743,103.87850036785696,116.54421103234054,0.0098143944831094,0.009012901927353,1.6941079616989474,0.4047950978342715,3.4088702509837767,2.361526033417926,16.566223443272296,1.0303058602083377,0.0026993283704495,0.2750376882746108,0.0,0.1125036603982448,0.1555785425861182,0.108677304108815,0.0300056778830044,0.8883874444294759,0.0200987958142919,61.16357381212424,0.0965807523178216,0.0650886494954038,-32.71909853218028,5634346000.0,1250607000.0,-1644543000.0,9142216000.0,2179770000.0,404698000.0,3078088500.0,68.2996771699377,31.89638473925897,224.4611985155482,1.3177221874134093,2.821636393457013,0.4009601685957575,0.2300225216617209,0.6924553916311025,2025-01-30,7.75,amc,2946839283.0,2025-04-30,2024-12-31,0.0580645161290321,666.1407142857142,1369743.5357142857
2024-09-30,KLAC,USD,319201,2024-10-31,2024-10-31 16:04:59,2025,Q1,2841541000.0,1147431000.0,1694110000.0,0.5961941074,323145000,0.0,0.0,251042000.0,0.0,574187000.0,1721618000.0,0.0,82171000.0,95823000.0,1257628000.0,0.4425866106,1119923000.0,0.3941252299,-41236000.0,1078687000.0,0.3796133858,132836000.0,945851000.0,0.3328655121,7.05,7.01,134134000,134858000,https://www.sec.gov/Archives/edgar/data/319201/000031920124000027/0000319201-24-000027-index.htm,https://www.sec.gov/Archives/edgar/data/319201/000031920124000027/klac-20240930.htm,21.184345505241023,7.051538014224581,7.419729524207136,6.969485738142454,34.51560379918589,26.53849135938688,6.948141410827978,26.53849135938688,51.50272115943758,103874710940.0,108723603940.0,27.45535791049541,36.5557670784972,104.37172911404106,111.11436755825832,29.180633876766503,29.180633876766503,38.2621978496879,86.4513226009599,109.24382302524624,116.30120922719809,0.0091056908023199,0.0089997362355114,1.917596469828756,0.4352894708028836,3.855586071556931,2.131717968394073,13.629175743267089,1.052214355115129,0.0019069030200663,0.2094188196660996,0.0,0.1137217446448951,0.1675663863001911,0.0606819675293748,0.0212536085173502,0.6302557841019379,0.0217135702071516,64.88903270098855,0.0841198900639328,0.0724567670994457,-32.9444156589679,5430225000.0,931982000.0,-1893584000.0,9176269000.0,1963431500.0,367996000.0,3072309000.0,64.12389263431356,29.53157967668644,243.9234516062404,1.4035330093457206,3.0475850254312693,0.3689682128034363,0.2657098294975383,0.4502437860646816,2024-10-30,7.05,amc,2749355393.0,2025-04-25,2024-09-30,0.0397163120567376,720.3071666666667,1099538.3
2024-06-30,KLAC,USD,319201,2024-08-05,2024-08-05 16:07:58,2024,Q4,2566232000.0,974055000.0,1592177000.0,0.6204337722,323529000,0.0,0.0,216124000.0,-117293000.0,539653000.0,1513708000.0,160688000.0,82836000.0,101001000.0,1075962000.0,0.4192769789,1052524000.0,0.4101437434,-29918000.0,945043000.0,0.3682609367,108597000.0,836446000.0,0.3259432506,6.22,6.18,134462000,135342000,https://www.sec.gov/Archives/edgar/data/319201/000031920124000021/0000319201-24-000021-index.htm,https://www.sec.gov/Archives/edgar/data/319201/000031920124000021/klac-20240630.htm,19.085183918133005,6.220686885514123,6.6384182891820736,6.1866549657152206,33.496415344112094,25.05040829379304,5.085734259493388,25.05040829379304,51.334049768707885,111306298980.0,116148812980.0,33.26762844822021,43.3734358312109,124.69687264946252,133.8025159940856,33.044970376994165,33.044970376994165,45.26044916437797,107.94880579425669,130.12195961304707,139.6237548895861,0.0075148127973448,0.0074737010180302,2.0246374462344523,0.4418708547331187,4.5006366395839255,2.092198634819024,12.706118100825728,1.0671519739469135,0.0017745716263146,0.2361431580759547,0.0,0.1260716100492862,0.173938414492153,0.0680528559345294,0.0236708917977797,0.6014296888149623,0.0228432191633492,59.21310490824124,0.0805923113656253,0.0656083625197622,-34.33778688402671,5090491000.0,683838000.0,-2313973000.0,9116761000.0,1807589000.0,357103500.0,3020917000.0,66.71532425751063,33.21560897485255,280.4054083188321,1.3490154024076118,2.709569469827838,0.3209638520868557,0.2483267662769184,0.4517633234668531,2024-07-24,6.15,amc,2520273590.0,2025-04-25,2024-06-30,0.0731707317073169,675.8284375,1134675.03125
2024-03-31,KLAC,USD,319201,2024-04-26,2024-04-26 16:05:41,2024,Q3,2355391000.0,963169000.0,1392222000.0,0.5910789334,321590000,0.0,0.0,222298000.0,45622000.0,543888000.0,1507057000.0,0.0,79981000.0,99263000.0,947597000.0,0.40230985,848334000.0,0.3601669532,-104833000.0,702008000.0,0.298043085,100467000.0,601541000.0,0.2553890203,4.46,4.43,134954000,135856000,https://www.sec.gov/Archives/edgar/data/319201/000031920124000012/0000319201-24-000012-index.htm,https://www.sec.gov/Archives/edgar/data/319201/000031920124000012/klac-20240331.htm,17.453287786949627,4.457378069564444,6.7428753501193,6.210894082428086,31.820486980749,22.932888243401457,2.60501356017606,22.932888243401457,51.15570490685715,95936099520.0,100911618520.0,39.87097285139334,40.73043478556215,105.4268339674146,114.45695105495804,30.9982760328736,30.9982760328736,42.84283098644769,106.49212536552986,110.89456945112958,120.39301409593348,0.0062702257336884,0.0087369092989366,2.204826996802789,0.4562114163870204,5.250669852268422,2.0826472713701216,10.60669408984634,1.5127447671896013,0.0020550554065302,0.3277482332875066,0.0,0.1365335946346063,0.1834107771802764,0.078895313952645,0.0304802896843878,0.7232604293644157,0.0240647943377553,47.95792369752858,0.0644150126661219,0.049250280068849,-35.418861241608255,4827024000.0,351557000.0,-2576842000.0,8917793000.0,1828850000.0,365695500.0,3022840500.0,65.44943918016159,33.14558504270798,280.9836799149474,1.3751072755911395,2.7152937528191248,0.3203033002743882,0.1943661880813018,0.5319812676912133,2024-04-25,5.01,amc,2306822555.0,2025-04-25,2024-03-31,0.0499001996007984,784.6009375,965310.125
2023-12-31,KLAC,USD,319201,2024-01-26,2024-01-26 16:10:28,2024,Q2,2486726000.0,976746000.0,1509980000.0,0.6072160745,320418000,0.0,0.0,237244000.0,32154000.0,557662000.0,1534408000.0,0.0,74202000.0,99063000.0,1051381000.0,0.4227972845,952318000.0,0.3829605674,-261048000.0,691270000.0,0.2779839838,108736000.0,582534000.0,0.2342574132,4.3,4.28,135539000,136254000,https://www.sec.gov/Archives/edgar/data/319201/000031920124000006/0000319201-24-000006-index.htm,https://www.sec.gov/Archives/edgar/data/319201/000031920124000006/klac-20231231.htm,18.34694073292557,4.2979068755118455,4.590870524350925,4.024236566597068,24.6644434443223,22.456348357299376,1.2636510524646043,22.456348357299376,45.4364205136529,78788820700.0,83207971700.0,33.81297087380307,31.68375635273046,126.62086567605527,144.4497584523349,25.885775850598165,25.885775850598165,33.460852422019954,79.14159728965998,133.722846898795,152.55173648478936,0.0073936123783104,0.0069228222373938,1.9989430665394976,0.4260498283638648,4.203187046370441,1.913963408858068,12.834128460149325,1.0681642616568303,0.0024985651295577,0.3379356398081485,0.0,0.1288513491233051,0.2011439934775397,0.1234262553797397,0.0308843837238199,0.7752743203819792,0.0195518123026018,46.60036604023447,0.0764684022356692,0.0510633530807681,-36.26901113332694,4177724000.0,171274000.0,-2488069000.0,8374086000.0,1851119500.0,370166500.0,3023166500.0,70.38732051701716,34.70747768611287,279.9873457377865,1.2786393819074444,2.5931011413143032,0.3214430986616328,0.1913893927511514,0.5666339577538568,2024-01-25,5.88,amc,2461710000.0,2025-04-25,2023-12-31,0.0476190476190476,738.7409523809524,831274.1587301587
2023-09-30,KLAC,USD,319201,2023-10-27,2023-10-27 16:04:58,2024,Q1,2396956000.0,946891000.0,1450065000.0,0.6049610423,311214000,0.0,0.0,239645000.0,26739000.0,550859000.0,1497750000.0,74234000.0,74234000.0,102403000.0,1001609000.0,0.4178670781,899206000.0,0.3751449755,-47495000.0,851711000.0,0.3553302605,110336000.0,741375000.0,0.3092985437,5.43,5.41,136412000,137104000,https://www.sec.gov/Archives/edgar/data/319201/000031920123000039/0000319201-23-000039-index.htm,https://www.sec.gov/Archives/edgar/data/319201/000031920123000039/klac-20230930.htm,17.571445327390553,5.434822449637862,6.478462305369029,5.979642553441046,24.55297921004017,21.92048353517286,-1.177220479136733,21.92048353517286,43.73489868926488,62566727920.0,66746888920.0,21.09820533468218,26.102576734825337,70.79766438092652,76.70358151024587,20.92380851289388,20.92380851289388,27.84652238923034,66.6396656978921,75.52774449498722,81.8282433017243,0.0118493490813191,0.0130372008752475,1.97033559771749,0.4167643252124007,4.173445925505861,2.2083181083692645,12.113128755017916,1.19202832574608,0.0029010147411269,0.2448248187489462,0.0,0.1298371768192657,0.22287893030699,0.0769966279675017,0.0283880888927456,0.664482485864672,0.0203474740462486,51.77367632819962,0.07559116642591,0.0674833882318073,-36.47324099052869,4613048000.0,-160587000.0,-2715833000.0,8823777000.0,1846408000.0,367344000.0,2942244500.0,65.98683079706095,34.565308995438755,285.87604064248154,1.3639085089082443,2.6037666844487464,0.3148217660974065,0.2479335111799578,0.4988197519279829,2023-10-25,5.41,amc,2361960000.0,2025-04-25,2023-09-30,0.0609981515711645,642.2073770491803,989088.1639344264
2023-06-30,KLAC,USD,319201,2023-08-04,2023-08-04 16:09:10,2023,Q4,2355137000.0,962949000.0,1392188000.0,0.5911282443,317110000,0.0,0.0,250857000.0,24776000.0,567967000.0,1530916000.0,604000.0,73491000.0,104813000.0,926126000.0,0.3932365718,824221000.0,0.3499673267,-48715000.0,775506000.0,0.3292827551,90852000.0,684654000.0,0.2907066553,5.0,4.97,136873000,137654000,https://www.sec.gov/Archives/edgar/data/319201/000031920123000031/0000319201-23-000031-index.htm,https://www.sec.gov/Archives/edgar/data/319201/000031920123000031/klac-20230630.htm,17.20673178786174,5.002111446377299,7.007335266999335,6.432473899161997,23.69465855208843,21.331840465248806,-2.150679827285148,21.331840465248806,43.57489789805148,66386142460.0,70349013460.0,24.240763385593304,28.18780498119642,69.21604026628715,75.40178282933833,22.736903587392497,22.736903587392497,29.87045486525837,75.96052098742504,73.34783989406901,79.90283572155488,0.0103132065613321,0.0132622858833903,2.0175460047476617,0.4186033654490146,4.278976078848882,2.236811492443443,11.215264454150848,1.4008754787089537,0.0027040281804016,0.2621908292363734,0.0,0.1346460948980887,0.2283997627405274,0.0820370862722405,0.0334090967956428,0.7506988636905727,0.0211906993096367,48.998423195844765,0.0702135324075526,0.0630538999251627,-36.67270937292234,4629190000.0,-294370000.0,-2780572000.0,8875154000.0,2019159500.0,390955500.0,2813263500.0,73.95999043792357,34.67716358810279,268.8725571136166,1.2168741432645154,2.5953679796025075,0.3347310747000817,0.2344903832618718,0.5748613678373382,2023-07-27,4.85,amc,2257610000.0,2025-04-25,2023-06-30,0.1134020618556702,520.495238095238,926418.6031746032
2023-03-31,KLAC,USD,319201,2023-04-28,2023-04-28 16:28:31,2023,Q3,2432608000.0,1005346000.0,1427262000.0,0.5867209185,328276000,0.0,0.0,238393000.0,14864000.0,566669000.0,1572015000.0,74774000.0,74774000.0,104854000.0,965447000.0,0.3968773432,875457000.0,0.3598841244,-59910000.0,800683000.0,0.3291459208,102846000.0,697837000.0,0.286867839,5.06,5.03,137865000,138645000,https://www.sec.gov/Archives/edgar/data/319201/000031920123000020/0000319201-23-000020-index.htm,https://www.sec.gov/Archives/edgar/data/319201/000031920123000020/klac-20230331.htm,17.644855474558444,5.061741558771262,7.332209045080332,6.7162876727233165,20.964051789794365,19.45947847532005,-4.323026148768723,19.45947847532005,43.26343887135966,55031572050.0,59352799050.0,19.715052386875445,22.62245789292808,54.4406191293509,59.43313024263965,20.5128827325078,20.5128827325078,24.39883411137347,61.4770143260065,58.7154429171345,64.09997942633494,0.012680666279458,0.0168256323689739,2.1953860564839247,0.4304248846552893,4.475882156141145,2.345678145607413,11.708040227886698,1.4485546051585112,0.0032863680477032,0.2591636728920937,0.0,0.1349481708520238,0.2396143719732359,0.0840021565902132,0.034906569410279,0.8098308123676732,0.0197853497152027,47.07678988086595,0.0740887252464585,0.0670689243226234,-37.41702027345592,4600229000.0,-595994000.0,-2982018000.0,8863275000.0,2252789500.0,470646000.0,2642559000.0,77.80242439390153,36.78300803902338,246.16089386141684,1.1567762920130105,2.446781946286674,0.365614531976261,0.2601170203605885,0.6159213723570159,2023-04-26,5.32,amc,2374580000.0,2025-04-25,2023-03-31,0.0319548872180451,479.59206349206346,985423.492063492
2022-12-31,KLAC,USD,319201,2023-01-27,2023-01-27 16:25:28,2023,Q2,2983887000.0,1208786000.0,1775101000.0,0.5948955172,332826000,0.0,0.0,243096000.0,18074000.0,575922000.0,1784708000.0,74280000.0,74280000.0,103508000.0,1302687000.0,0.4365738381,1217253000.0,0.4079420568,-56206000.0,1142973000.0,0.3830483527,164178000.0,978795000.0,0.3280268321,6.93,6.89,141299000,141966000,https://www.sec.gov/Archives/edgar/data/319201/000031920123000010/0000319201-23-000010-index.htm,https://www.sec.gov/Archives/edgar/data/319201/000031920123000010/klac-20221231.htm,21.11753798682227,6.927119087891634,4.871159739276287,4.208437427016468,20.28570619749609,18.42376803799036,-5.241650684010502,18.42376803799036,43.7938343512693,53273961969.99999,57816229969.99999,13.607027510867956,17.853880515582524,77.4004590652196,89.58907113115657,20.464326256309395,20.464326256309395,19.37614593649156,44.3822882779977,83.99981108253787,97.22765395662644,0.0183728591568088,0.0111620757685501,2.3484957322741487,0.4453137189004881,3.4868452667448127,2.335270542635881,16.387358642972536,0.7032013853769176,0.0034577492115891,0.1881987545911043,0.0,0.1115410871792396,0.2435634042033716,0.1360502113934533,0.0313825557067006,0.904683695946207,0.0128707957104273,53.58667551783879,0.1014194103662424,0.0942492634211039,-36.7290798236364,4650081000.0,-740640000.0,-2993232000.0,8958794000.0,2187032500.0,505057000.0,2471850000.0,72.4690010043946,39.491382262865386,188.77100661324667,1.2419103168614438,2.2789782186132537,0.4767681309470986,0.3759881840461575,0.6627223122598178,2023-01-26,7.1,amc,2817495443.0,2025-04-25,2022-12-31,0.0394366197183099,417.8282258064516,1022691.5
2022-09-30,KLAC,USD,319201,2022-10-28,2022-10-28 16:25:39,2023,Q1,2724424000.0,1041226000.0,1683198000.0,0.6178179314,318515000,0.0,0.0,253980000.0,47006000.0,572495000.0,1613721000.0,74395000.0,74395000.0,101938000.0,1212641000.0,0.4450999551,1157709000.0,0.424937161,-40675000.0,1070028000.0,0.3927538445,43963000.0,1025991000.0,0.3765900609,7.23,7.2,141829000,142563000,https://www.sec.gov/Archives/edgar/data/319201/000162828022027311/0001628280-22-027311-index.htm,https://www.sec.gov/Archives/edgar/data/319201/000162828022027311/klac-20220930.htm,19.20921673282615,7.234000098710419,7.132145047909807,6.537400672640997,20.8245140274556,14.821186076190342,-9.223769468867438,14.821186076190342,45.03411855121308,42921710270.0,47415179270.0,10.4585981431611,15.75441644545783,42.43183473795036,46.29209913146454,20.418743712162367,20.418743712162367,17.403744523613064,39.100755516265735,46.87401872383335,51.13841376067335,0.0239037772154459,0.0216019584067706,3.0031050286526546,0.4810207555031175,3.705522904140632,2.4348686549250105,15.561650648565092,0.985848849731742,0.0043796950032392,0.1832218801139581,0.0,0.1169109507183903,0.2598569361638056,0.0833892708678308,0.0309614068882082,0.827483372245875,0.0128401452930968,49.11588729330607,0.1108482048654965,0.1056265687124358,-37.97066185335862,4504575000.0,-1308198000.0,-3377639000.0,8827849000.0,1949015000.0,461522500.0,2277607000.0,65.12442263025139,41.46422582609347,208.16734311283045,1.381970025453915,2.1705457706474998,0.4323444717801791,0.4880851007148178,0.5947443752688096,2022-10-26,6.21,amc,2598118683.0,2025-04-25,2022-09-30,0.1368760064412237,394.0895161290322,1171383.4193548388
2022-06-30,KLAC,USD,319201,2022-08-05,2022-08-05 16:13:39,2022,Q4,2486739000.0,978564000.0,1508175000.0,0.6064870499,296881000,0.0,0.0,236778000.0,19380000.0,533659000.0,1512223000.0,8695000.0,44197000.0,100848000.0,1094574000.0,0.4401644081,971945000.0,0.3908512313,-24817000.0,949699000.0,0.3819053789,144301000.0,805374000.0,0.3238675229,5.43,5.4,148226000,149182000,https://www.sec.gov/Archives/edgar/data/319201/000031920122000023/0000319201-22-000023-index.htm,https://www.sec.gov/Archives/edgar/data/319201/000031920122000023/klac-20220630.htm,16.77667210880682,5.433419238190331,-11.295211366426942,-11.788781995061596,18.26945340223713,9.438897359437616,-14.271268198561655,9.454151093600313,45.23440556987303,47295952080.0,52371762080.0,14.681362969254035,19.019266629911705,-28.249139360810013,-27.06640941648297,33.75025391925363,33.75025391925363,21.060417711709995,47.84670755928791,-31.280842027804788,-29.97118129522423,0.0170283917456134,-0.0369461639559408,4.75306900269811,0.5287506128400469,4.637247002030014,2.4969361735623803,21.991198497635587,0.9783668679993268,0.0068361875759072,0.401458204511196,0.0,0.1193856693444708,0.2789901126355551,-0.0436973344387078,0.0294200557436868,-0.4525883400970009,-0.0214015222345409,33.996885809384615,0.0844686430403572,0.0886719423074276,-40.28697731841917,4297828000.0,-2115373000.0,-4029087000.0,8662220000.0,1825164500.0,433733000.0,2064593000.0,69.72833095873753,40.774461353575234,197.45260401976773,1.2907235661966217,2.20726398368739,0.4558055865953014,0.5747125452509757,0.4935706286346525,2022-07-28,5.5,amc,2431073330.0,2025-04-25,2022-06-30,0.0563636363636362,348.5101587301587,1686254.825396825
2022-03-31,KLAC,USD,319201,2022-04-29,2022-04-29 16:31:51,2022,Q3,2288676000.0,892091000.0,1396585000.0,0.6102152511,285189000,0.0,0.0,216489000.0,-8644000.0,501678000.0,1393769000.0,0.0,39978000.0,92127000.0,987034000.0,0.4312685588,886263000.0,0.3872382985,-48622000.0,846285000.0,0.3697705573,115625000.0,730572000.0,0.3192116315,4.87,4.83,150145000,151186000,https://www.sec.gov/Archives/edgar/data/319201/000031920122000012/0000319201-22-000012-index.htm,https://www.sec.gov/Archives/edgar/data/319201/000031920122000012/klac-20220331.htm,15.24310499850145,4.865776416131073,5.45391454926904,4.785866995237937,17.169376269606047,27.16456758466816,3.3865996203669786,27.175776749142496,24.90776915648207,54962078700.0,57246705700.0,18.807892548578376,24.014792264173696,67.1187633566905,76.48770857281227,13.47008416278481,13.47008416278481,25.0130231190435,57.9987170654709,69.90871130986545,79.66709858692354,0.01329229201806,0.0130739960532096,0.9067452522567542,0.307859617041771,2.314638604141296,2.326884608355724,22.168767822302268,1.1207374154873675,0.0028924670201747,0.2176048356630147,0.0,0.1246087257436177,0.2970709643319433,0.1224895527783137,0.0438262121855605,1.088757910276032,0.0162045654343384,54.54542332689761,0.082991000288591,0.0864820816251204,-20.495952246162044,3753734000.0,508481000.0,-1356471000.0,8132751000.0,1774378500.0,402001500.0,1905854500.0,67.78305448215475,42.78881862948959,199.98714256729417,1.3277654819125082,2.1033532329862683,0.4500289310834854,0.179048292199582,0.6680475540311033,2022-04-28,4.82,amc,2203742723.0,2025-04-25,2022-03-31,0.0643153526970953,346.3546875,1548821.09375
2021-12-31,KLAC,USD,319201,2022-01-28,2022-01-28 16:24:00,2022,Q2,2352630000.0,908162000.0,1444468000.0,0.6139800989,265031000,0.0,0.0,213479000.0,-1201000.0,478510000.0,1386672000.0,0.0,37852000.0,85545000.0,1050023000.0,0.4463188007,964684000.0,0.4100449284,-39053000.0,926905000.0,0.3939867297,209388000.0,717444000.0,0.3049540302,4.74,4.71,151251000,152331000,https://www.sec.gov/Archives/edgar/data/319201/000031920122000006/0000319201-22-000006-index.htm,https://www.sec.gov/Archives/edgar/data/319201/000031920122000006/klac-20211231.htm,15.554475672888112,4.743400043636076,5.360612491818236,4.931517808146723,18.58143747809932,26.75523467613437,5.943570621020688,26.76694368962849,23.02105771201513,65054567610.0,66841616610.0,22.66886600556977,27.651848191173283,80.23523443570409,87.21655618671211,16.06870044586587,16.06870044586587,28.411444472781525,63.65728808797522,82.43929635988249,89.61239502236904,0.0110283416884891,0.0114657129760915,0.8507059481139684,0.2948661058846665,1.7019141485472222,2.413990788509627,25.48568107365529,1.1300052821048143,0.0024460849690674,0.2217998896081087,0.0,0.112653073368953,0.2694966720281446,0.0800458313908026,0.0275865733243221,0.758676719855047,0.0118021108291571,53.44850083932415,0.0833755238712415,0.0840841530664339,-16.79013692471455,3925377000.0,898971000.0,-932006000.0,7790340000.0,1691951500.0,380351000.0,1772375500.0,69.8174723607197,37.64609177657731,181.29703731272616,1.2890755989418383,2.3906864100032905,0.4964228943507531,0.177211119006987,0.4290946836715129,2022-01-27,5.45,amc,2209430000.0,2025-04-25,2021-12-31,0.0256880733944953,336.23725806451614,1398784.4516129033
2021-09-30,KLAC,USD,319201,2021-10-28,2021-10-28 16:45:50,2022,Q1,2083838000.0,813624000.0,1270214000.0,0.6095550614,258153000,0.0,0.0,193261000.0,-14140000.0,451414000.0,1265038000.0,0.0,38312000.0,84824000.0,903624000.0,0.4336344764,818800000.0,0.3929288169,-52452000.0,766348000.0,0.3677579543,-302137000.0,1068417000.0,0.5127159597,7.01,6.96,152330000,153410000,https://www.sec.gov/Archives/edgar/data/319201/000031920121000037/0000319201-21-000037-index.htm,https://www.sec.gov/Archives/edgar/data/319201/000031920121000037/klac-20210930.htm,13.679761045099456,7.013831812512309,5.670563907306506,5.217895358760585,17.231096960546182,25.333722838574147,4.334097026193134,25.34582813628307,22.85661393028294,50955908300.0,52889780300.0,11.923225739575464,24.452912510473464,58.99060577890407,64.10822314371913,13.197832724240014,13.197832724240014,25.380946263577112,58.53073878073181,61.22940957192488,66.54125008492254,0.0209674802323168,0.015598622937313,0.891866985415431,0.3089259503249322,2.1401290802369126,2.435452891585844,21.37189392357486,0.8084315643177021,0.0031953311290498,0.1523946174574159,0.0,0.123883430477801,0.2869851164632556,0.0798277836111956,0.0330903841853349,0.8129185136282184,0.0121007487146313,63.24441440298475,0.1315770117800588,0.134432591256434,-17.303027965600997,3621662000.0,660213000.0,-1142719000.0,7519082000.0,1477691000.0,361455000.0,1645359500.0,67.32605413664594,42.125637886788006,189.74429220376985,1.336778178286443,2.1364661644263667,0.474322568308655,0.2767252967549269,0.45266854854592,2021-10-27,4.45,amc,2043370000.0,2025-04-25,2021-09-30,0.042696629213483,374.0056451612903,1531335.8870967743
2021-06-30,KLAC,USD,319201,2021-08-06,2021-08-06 16:53:10,2021,Q4,1925471000.0,772241000.0,1153230000.0,0.5989339751,241428000,0.0,0.0,192022000.0,29033000.0,433450000.0,1205691000.0,8929000.0,39970000.0,84647000.0,833181000.0,0.4327154239,719780000.0,0.3738202237,-10937000.0,708843000.0,0.3681400551,75785000.0,632978000.0,0.3287393059,4.14,4.1,152971000,154283000,https://www.sec.gov/Archives/edgar/data/319201/000031920121000029/0000319201-21-000029-index.htm,https://www.sec.gov/Archives/edgar/data/319201/000031920121000029/klac-20210630.htm,12.587163580024972,4.1378954180857805,3.0438579861542383,2.681861267822005,16.30715625837577,22.06720228017075,1.1711958475789528,22.07970138130757,22.767302299128595,49594727910.0,51602884910.0,19.5878560984742,25.75719286865396,106.5128535808016,120.88992219321533,14.683622500188005,14.683622500188005,26.800136127731864,61.93478357043668,110.82570177096444,125.78491715966236,0.0127630098333974,0.0082719881182628,1.0193077594022182,0.3351889238217745,2.410228989859346,2.7083372360662925,18.00800600450338,0.7355123859109276,0.0028081008984005,0.2200187052314614,0.0,0.1253864638833823,0.3112106328382366,0.1189269407373363,0.0287591971003458,0.6541873899842877,0.0143808969337891,45.33959242774834,0.078200554668044,0.0894713950856305,-16.77358290133424,3593021000.0,179159000.0,-1199234000.0,7452531000.0,1349114500.0,318597000.0,1512984000.0,65.27638692039505,39.86769674233821,183.60097430724343,1.3787527809980589,2.25746675514422,0.4901934771293275,0.1874072183597953,0.3619967183322329,2021-07-29,3.99,amc,1925470000.0,2025-04-25,2021-06-30,0.1102756892230575,385.9140625,1175800.3125
2021-03-31,KLAC,USD,319201,2021-04-30,2021-04-30 16:25:01,2021,Q3,1803773000.0,709629000.0,1094144000.0,0.6065863055,238957000,0.0,0.0,183040000.0,7348000.0,421997000.0,1131626000.0,0.0,39092000.0,84365000.0,763581000.0,0.4233243318,672147000.0,0.3726339179,-31744000.0,640403000.0,0.3550352511,73233000.0,567496000.0,0.3146160853,3.69,3.66,153801000,155159000,https://www.sec.gov/Archives/edgar/data/319201/000031920121000017/0000319201-21-000017-index.htm,https://www.sec.gov/Archives/edgar/data/319201/000031920121000017/klac-20210331.htm,11.727966658214186,3.6898069583422735,4.201208054564015,3.803401798427839,15.88237397676218,20.23955630977692,-0.8836873622408177,20.252508111130616,22.634371688090457,50815850400.0,52805797400.0,22.38599496736541,28.171976407230844,78.64404611932213,86.86960187497756,16.31402877051138,16.31402877051138,29.275190059946567,69.15546274723965,81.7237443318115,90.27141257541024,0.0111676966051521,0.0115115066538372,1.1050581471503016,0.3463139032763068,2.6060719164044155,2.663343460792149,17.193978307582114,1.1392527813530335,0.0027420184628062,0.2455312460352143,0.0,0.132476204045631,0.3268636233756303,0.0946885398127369,0.0339194566056815,0.7252178035915368,0.0168130912260023,41.0045914554394,0.0747725867240754,0.0848216207425972,-17.43866099700262,3375699000.0,-135912000.0,-1421211000.0,7252913000.0,1307631000.0,220757999.5,1435603000.0,64.94876018212935,37.42799406450413,183.9734847363904,1.3857077448071673,2.4046172457143244,0.4892009309328355,0.1821901237167946,0.397806256136176,2021-04-29,3.62,amc,1742680000.0,2025-04-25,2021-03-31,0.0635359116022099,333.84078125,1028571.09375
2020-12-31,KLAC,USD,319201,2021-02-04,2021-02-04 16:39:37,2021,Q2,1650870000.0,669733000.0,981137000.0,0.5943151187,229064000,0.0,0.0,181909000.0,-3882000.0,410973000.0,1080706000.0,0.0,38880000.0,84257000.0,650260000.0,0.3938892826,570164000.0,0.3453718342,-42762000.0,527402000.0,0.3194691284,70419000.0,457251000.0,0.2769757764,2.96,2.94,154273000,155560000,https://www.sec.gov/Archives/edgar/data/319201/000031920121000008/0000319201-21-000008-index.htm,https://www.sec.gov/Archives/edgar/data/319201/000031920121000008/klac-20201231.htm,10.700965172129926,2.9639081368742426,3.6369358215630734,3.25356348810226,14.886143395150157,19.12392965716619,-2.495459348038866,19.025895652512105,22.689291061948623,39942822430.00001,41972821430.00001,21.83856483091344,24.19501379878489,71.18904833704939,79.57736215899607,13.608294964332709,13.608294964332709,25.424667859976864,64.54775232983731,74.8070624918684,83.62169242355118,0.0114476387040834,0.0125663878880779,1.1793016582958058,0.3526837040650685,3.121826653953803,2.585477438874676,14.66471193415638,1.227794031725469,0.0034945953117014,0.3052677850895897,0.0,0.1387535057272831,0.3398277105109467,0.1054108052135075,0.0358259584340378,0.7019476126612626,0.0162502195811905,35.620186075531954,0.06296852037323,0.070570439407867,-18.618462076967457,3202842000.0,-384982000.0,-1641384000.0,7132315000.0,1220099000.0,200431499.5,1407421500.0,71.61118682876301,19.67418345818408,190.90536079303243,1.2567868790557597,4.574522759294578,0.4714377827114678,0.1557828441302788,0.3833723334608129,2021-02-03,3.19,amc,1596290000.0,2025-04-25,2020-12-31,0.0156739811912226,320.43619047619046,1166680.4603174604
2020-09-30,KLAC,USD,319201,2020-10-30,2020-10-30 16:36:28,2021,Q1,1538620000.0,620562000.0,918058000.0,0.5966762423,219038000,0.0,0.0,172631000.0,-3197000.0,391669000.0,1012231000.0,0.0,39386000.0,80066000.0,606455000.0,0.394155152,526389000.0,0.3421176119,-42583000.0,483806000.0,0.3144415125,63664000.0,420567000.0,0.2733403959,2.71,2.69,155281000,156442000,https://www.sec.gov/Archives/edgar/data/319201/000031920120000057/0000319201-20-000057-index.htm,https://www.sec.gov/Archives/edgar/data/319201/000031920120000057/klac-20200930.htm,9.908617280929413,2.708425370779425,3.2983494439113605,2.938195915791372,18.489615600105616,17.789330310855803,-4.01852126145504,17.691694412065868,22.280826372833765,30084140940.0,31461090940.0,17.88308458580916,19.552677685198425,58.738470042232,65.93842124643284,10.95090133751507,10.95090133751507,20.447603007890187,51.87704106652596,61.42692760816212,68.95642030834243,0.0139796911880841,0.0151656648900143,1.2450578483275965,0.3669922498652374,2.270489978646396,2.718791670764649,13.3648758442086,1.2190426094034874,0.0046923061649504,0.3356516322012902,0.0,0.1423600369161976,0.3633379956601305,0.1091920471873651,0.0363475062068606,0.6984862488447031,0.0175429930717136,32.83480264823599,0.0601421379341346,0.0708770893824159,-13.810942742511962,3005871000.0,-624000000.0,-1803052000.0,6954068000.0,1166961500.0,241548999.5,1352605000.0,65.90130116597992,36.90399992265076,202.20421166619937,1.365678649854345,2.4387600311249797,0.4450945865982894,0.1530902189296385,0.3601535281199889,2020-10-28,2.77,amc,1047201699.0,2025-04-25,2020-09-30,0.0938628158844764,301.3018032786885,1383380.9344262294
2020-06-30,KLAC,USD,319201,2020-08-07,2020-08-07 18:36:10,2020,Q4,1459593000.0,621544000.0,838049000.0,0.574166223,217100000,566358000.0,-398567000.0,167791000.0,-7868000.0,384891000.0,1006435000.0,0.0,40221000.0,78937000.0,530267000.0,0.3632978508,453158000.0,0.3104687403,-48089000.0,405069000.0,0.2775218845,-5246000.0,411253000.0,0.281758682,2.65,2.63,155106000,156183000,https://www.sec.gov/Archives/edgar/data/319201/000031920120000047/0000319201-20-000047-index.htm,https://www.sec.gov/Archives/edgar/data/319201/000031920120000047/klac-20200630.htm,9.410293605663224,2.651431923974572,2.9195904736115947,2.650161824816577,17.57852694286488,17.285017987698733,-4.87282890410429,17.18453186852862,22.62898276017691,30165014880.0,31654212880.0,18.337261296574127,20.66673030084414,66.61208198813725,73.38419796816005,11.317154373938257,11.317154373938257,21.68701335235233,59.6948572700168,69.90061274693825,77.00705714063291,0.0136334426366442,0.0136269118923106,1.3017328575116005,0.3738884650364872,2.8083927530847665,2.778905697540749,11.266701474354193,1.103654509340385,0.0044011912650513,0.322823176973785,0.3880246068595834,0.148740093985104,0.3703480402932771,0.0922830277842798,0.0286312691277637,0.5294095291181575,0.0180721612120639,32.01845356794175,0.0603254908903374,0.0703821315404632,-14.90242640516808,3023759000.0,-755805000.0,-1875405000.0,6980398000.0,1208967000.0,235936999.5,1287557500.0,74.44267682840353,33.107229592756106,189.83153244179013,1.2089839301111829,2.718439480049158,0.4741045854834342,0.1542917749671347,0.2694286487950176,2020-08-03,2.41,amc,1293851670.0,2025-04-25,2020-06-30,0.1327800829875517,233.07015625,943788.296875
2020-03-31,KLAC,USD,319201,2020-05-06,2020-05-06 16:26:18,2020,Q3,1423964000.0,590158000.0,833806000.0,0.5855527246,215433000,185760000.0,0.0,185760000.0,1004000.0,401193000.0,991351000.0,0.0,39231000.0,81990000.0,236261000.0,0.1659178181,432613000.0,0.3038089446,-317414000.0,115199000.0,0.0809002194,37190000.0,78452000.0,0.0550940895,0.5,0.5,156067000,157172000,https://www.sec.gov/Archives/edgar/data/319201/000031920120000026/0000319201-20-000026-index.htm,https://www.sec.gov/Archives/edgar/data/319201/000031920120000026/klac10q033120.htm,9.124055694028849,0.5026815406203746,2.8322963855267287,2.553922353860842,14.883908834026412,14.898703761845876,-7.40564629293829,14.784887259958865,22.31841452709413,22433070580.0,24242476580.0,71.48661149492683,15.753959074808073,50.750338394852825,56.28205563207664,9.72208969014485,9.72208969014485,17.02464147970033,102.6088799251675,54.843757816246935,60.82165215275112,0.0034971583457657,0.0177676523852848,1.4925404117909382,0.3893237648070653,7.658504789195001,2.612068537943499,11.027325329458847,5.666371828891538,0.0059433236981328,1.699472288788049,0.1304527361646783,0.1512910438747046,0.3935105414389823,0.0982856289646809,0.0305099005311932,0.5298816928893767,0.0219598248270321,12.931435453151751,0.0405682874731484,0.0146229999666354,-17.029956685269788,2665191000.0,-1155777000.0,-2202285000.0,6643907000.0,1243758500.0,249940000.0,1257765000.0,76.5174189796933,37.09355799633319,192.7817635277333,1.1762027679460123,2.4262973104089065,0.46684913735138,0.0339996870981735,0.2783740316658871,2020-05-05,2.35,amc,1314428307.0,2025-04-25,2020-03-31,0.051063829787234,197.6140625,1242874.46875
2019-12-31,KLAC,USD,319201,2020-02-05,2020-02-05 16:28:28,2020,Q2,1509453000.0,633618000.0,875835000.0,0.5802333693,220751000,192253000.0,0.0,192253000.0,2568000.0,413004000.0,1046622000.0,0.0,40472000.0,88534000.0,551365000.0,0.3652747055,462831000.0,0.3066216702,-37904000.0,424927000.0,0.2815105869,44622000.0,380555000.0,0.2521145077,2.42,2.4,157290000,158620000,https://www.sec.gov/Archives/edgar/data/319201/000031920120000008/0000319201-20-000008-index.htm,https://www.sec.gov/Archives/edgar/data/319201/000031920120000008/klac10q123119.htm,9.596624070188824,2.419448153093013,2.465070888168352,2.24335304215144,15.354949456418082,17.089261872973488,-7.020541674613771,16.973513891537923,21.87264924661453,28024359300.0,29746714300.0,18.41018991998528,18.565903873787388,72.27784030681065,79.42129332845883,10.496942538741251,10.496942538741251,19.706949669847287,53.95103842282335,76.7199793155564,84.30246332083534,0.0135794362299658,0.0125910817879072,1.273474734096347,0.3675256628673227,3.1238018372584406,2.5476274310443867,11.43583218027278,1.0195264327316234,0.0048063899894403,0.3539462101404527,0.1273660060962481,0.1462456929761973,0.4099390101527232,0.0899438012436457,0.0231037336041599,0.3939051663767592,0.0177474886597992,30.397320257196203,0.0547746610905437,0.0697180117061699,-16.302473138788226,2659200000.0,-1104261000.0,-2185307000.0,6941411000.0,1221064000.0,239017000.0,1252820000.0,76.13253277843033,36.45436209198602,177.75063208431578,1.18214903294927,2.46884034818388,0.506327313408982,0.1425425618144525,0.2217178460169114,2020-02-04,2.58,amc,1469730552.0,2025-04-25,2019-12-31,0.0310077519379845,170.94396825396825,1414096.746031746
2019-09-30,KLAC,USD,319201,2019-10-31,2019-10-31 16:24:48,2020,Q1,1413414000.0,604241000.0,809173000.0,0.5724953906,210580000,188345000.0,0.0,188345000.0,1618000.0,398925000.0,1003166000.0,0.0,38732000.0,98588000.0,508836000.0,0.3600049242,410248000.0,0.290253245,-38732000.0,371516000.0,0.262850092,25120000.0,346525000.0,0.2451687899,2.18,2.16,158697000,160131000,https://www.sec.gov/Archives/edgar/data/319201/000031920119000039/0000319201-19-000039-index.htm,https://www.sec.gov/Archives/edgar/data/319201/000031920119000039/klac10q093019.htm,8.906368740429876,2.183563646445742,3.126996729616817,2.921788061526053,15.84589500746706,16.885127003030934,-7.141099075596892,16.7688299085679,21.820588921025603,25304236650.0,26976844650.0,18.25570784936152,17.902919208384805,50.9914188556056,54.5727467709342,9.508713539907175,9.508713539907175,19.086300722930435,53.01677682003632,54.36194752591965,58.1800009273657,0.0136943471084712,0.0183241647006964,1.2867043469340285,0.3710024888944556,3.2871259109025304,2.2412491825092222,10.591965300010328,1.4325944872342635,0.0048069420817719,0.3510165211745184,0.1332553660852375,0.1489867795281495,0.4131244082090285,0.0656248425676833,0.0230406660751909,0.3303241773846715,0.0190630629100886,28.70288602370973,0.0505642961525863,0.0639757083390796,-15.96767424715023,2412302000.0,-1133271000.0,-2194031000.0,6700402000.0,1124692000.0,211902000.0,1258370000.0,74.1983877335303,32.975120854096296,186.81552559326497,1.212964361479366,2.729330406345421,0.4817586745758387,0.1302156237705093,0.2052086680907641,2019-10-30,2.2,amc,1253835000.0,2025-04-25,2019-09-30,0.1272727272727271,161.05209677419353,1790550.5806451612
2019-06-30,KLAC,USD,319201,2019-08-16,2019-08-16 16:58:19,2019,Q4,1258435000.0,592785000.0,665650000.0,0.5289506411,206710000,190040000.0,0.0,190040000.0,-36468000.0,396750000.0,989535000.0,0.0,37590000.0,127886000.0,396786000.0,0.3153011479,268900000.0,0.2136781002,-37590000.0,231310000.0,0.1838076659,13982000.0,217845000.0,0.1731078681,1.36,1.35,160546000,161937000,https://www.sec.gov/Archives/edgar/data/319201/000031920119000031/0000319201-19-000031-index.htm,https://www.sec.gov/Archives/edgar/data/319201/000031920119000031/klac10k2019.htm,7.8384699712232,1.3569008259315087,2.027213384325988,1.6793629240217758,15.340002242347987,16.67866530464789,-6.819447385795971,16.56290408979358,21.557509997134776,19541659120.0,21225656120.0,22.4261047074755,15.528540703333904,60.043013202810776,72.47986617955233,7.348952776645401,7.348952776645401,16.86670834806724,53.49396430317602,65.21720304429716,78.72579834208037,0.0111477228551717,0.0137969349656734,1.2874174347187102,0.3800161980064197,4.244093793631832,2.439982561354741,7.153498270816707,1.4975566885076934,0.0062104757459304,0.5571071174458905,0.1510129645154497,0.1642595763785972,0.41877352496238,0.1715904516977456,0.0443773416982204,0.4366857982891012,0.022383357106247,22.48710542474217,0.0337309503808442,0.0416053283544576,-15.096614054538886,2546589000.0,-1094835000.0,-2015748000.0,6767916000.0,1066833500.0,204332000.0,1289880000.0,77.5340164569485,30.7319517194261,191.6799514157747,1.1607808303078604,2.928548138487076,0.4695326732673267,0.081924088829788,0.3478504603042118,2019-08-05,1.71,amc,1230155561.0,2025-04-25,2019-06-30,0.0409356725146199,167.72890625,1297655.046875
2019-03-31,KLAC,USD,319201,2019-05-08,2019-05-08 08:48:30,2019,Q3,1097311000.0,486945000.0,610366000.0,0.5562379307,184887000,182184000.0,0.0,182184000.0,9282000.0,367071000.0,854016000.0,0.0,21905000.0,73445000.0,316740000.0,0.2886510752,243295000.0,0.2217192756,-21905000.0,221390000.0,0.2017568401,28745000.0,192728000.0,0.1756366244,1.23,1.23,156349000,157182000,https://www.sec.gov/Archives/edgar/data/319201/000031920119000018/0000319201-19-000018-index.htm,https://www.sec.gov/Archives/edgar/data/319201/000031920119000018/klac10q033119.htm,7.01834357750929,1.2326781751082514,1.0463386398377987,0.8803254258102067,17.28423590812861,18.45606943440636,-6.278434783721035,18.2226493293849,22.03116745230222,19099593840.0,20624971840.0,24.77532304595077,17.40581643672578,116.74996540215412,138.76686554585217,6.7037453112271175,6.7037453112271175,18.79592188540897,65.11641043126855,126.07413377018716,149.84940089219546,0.0100906857818291,0.0072063312525393,1.201310732924478,0.3725286404890066,4.8158679042748,2.6119953717422284,11.106824925816024,0.8491993044200472,0.0059467756723773,0.5893331534597983,0.1660276803932522,0.1684909747555615,0.4209165500693597,0.1586610755895693,0.0236541873725862,0.3534073115937096,0.0311607192491463,22.481323308963265,0.0273636852323429,0.0362244121201641,-13.775973942909772,2741772000.0,-981627000.0,-1859389000.0,7020839000.0,865467500.0,179369500.0,1161625000.0,86.0818036090042,38.11995194529156,243.4636355235191,1.0455171270433972,2.360968348783988,0.369665062326344,0.0676453874970034,0.1660132140275921,2019-05-06,1.63,amc,1018060761.0,2025-04-25,2019-03-31,0.1042944785276074,139.7590625,1598199.875
2018-12-31,KLAC,USD,319201,2019-01-29,2019-01-29 16:51:12,2019,Q2,1119898000.0,408260000.0,711638000.0,0.6354489427,165903000,112462000.0,0.0,112462000.0,9228000.0,278365000.0,686625000.0,0.0,26538000.0,15806000.0,449079000.0,0.4009999125,433273000.0,0.3868861271,-17310000.0,415963000.0,0.3714293623,46863000.0,369100000.0,0.3295835871,2.43,2.42,152148000,152648000,https://www.sec.gov/Archives/edgar/data/319201/000031920119000009/0000319201-19-000009-index.htm,https://www.sec.gov/Archives/edgar/data/319201/000031920119000009/klac10q123118.htm,7.360583116439257,2.4259273864921,1.8545889528616872,1.6812971580303389,17.707061545337435,10.500446933249204,7.97462996555985,10.500446933249204,14.886268633172962,13615724520.0,14060120520.0,9.222246356001085,12.15800413966272,48.253279985257215,53.226759810168645,8.522494382275656,8.522494382275656,12.554822421327655,31.308790925427378,49.82819174120749,54.96399818612542,0.0271083627946373,0.0187875422732186,1.4010685881891962,0.3993333436807071,0.9895719906742466,3.025564268841676,16.32651292486246,0.7644865890002709,0.0084139481400142,0.3103820102953129,0.100421645542719,0.1481411699994106,0.0685599149517232,0.0934394624555235,0.023543215542844,1.668100721245097,0.0140146691930872,23.940545945737437,0.0879218500235071,0.0706954180520204,-1.9686686647211928,3002976000.0,1213324000.0,477849000.0,3693625000.0,649489500.0,153710500.0,999758500.0,54.7600227877896,33.616298437270366,221.76823592808503,1.6435347433797671,2.677272757080746,0.4058290837881092,0.2310308696299875,0.1732917948313484,2019-01-29,2.2,amc,1009744098.0,2025-04-25,2018-12-31,0.1090909090909089,115.63888888888889,1563042.6666666667
2018-09-30,KLAC,USD,319201,2018-10-31,2018-10-31 16:34:02,2019,Q1,1093260000.0,381387000.0,711873000.0,0.6511470282,153530000,114438000.0,0.0,114438000.0,10025000.0,267968000.0,649355000.0,0.0,16337000.0,16087000.0,459992000.0,0.4207526115,443905000.0,0.406037905,-16337000.0,427568000.0,0.3910945246,31624000.0,395944000.0,0.3621681942,2.55,2.54,155221000,156083000,https://www.sec.gov/Archives/edgar/data/319201/000031920118000055/0000319201-18-000055-index.htm,https://www.sec.gov/Archives/edgar/data/319201/000031920118000055/klac10q093018.htm,7.043248014121801,2.5508404146346177,2.457173964863002,2.3133145643952817,25.19699009798932,10.097660754665927,7.613737831865533,10.097660754665927,14.522693449984216,15640067960.0,15097649960.0,9.875176767421657,14.305899749373433,41.00645759756689,43.55654935598413,9.978548739958493,9.978548739958493,13.809752446810457,32.82154898346058,39.58430004850487,42.045951291512914,0.0253160025271399,0.0229586598292505,1.4278003456748218,0.3964299006449654,-1.1791900728708324,3.448730290709649,27.17175736059252,0.9632801608308246,0.0078488789379915,0.310036267755036,0.1046759233851051,0.1404331997877906,0.0682993012180987,0.0585466892148765,0.0204251504674094,1.388077329520731,0.014761355944606,24.07372480093419,0.0948444156479747,0.0752809364751978,5.110859677492092,3210114000.0,1181812000.0,443304000.0,3886903000.0,634630500.0,162142000.0,962686000.0,50.84103506942539,36.56050153780806,234.4532718734514,1.7702235974759668,2.4616730136190537,0.3838718021754819,0.252616965117978,0.1438594004677202,2018-10-29,2.21,amc,982192276.0,2025-04-25,2018-09-30,0.1131221719457013,107.5555737704918,1627845.8688524591
2018-06-30,KLAC,USD,319201,2018-08-06,2018-08-06 16:48:30,2018,Q4,1070004000.0,377898000.0,692106000.0,0.6468256193,151951000,116649000.0,0.0,116649000.0,-24660000.0,268600000.0,646498000.0,0.0,17017000.0,14989000.0,436521000.0,0.4079620263,423506000.0,0.3957985204,-17017000.0,406489000.0,0.3798948415,57722000.0,348767000.0,0.3259492488,2.24,2.22,155740000,156822000,https://www.sec.gov/Archives/edgar/data/319201/000031920118000045/0000319201-18-000045-index.htm,https://www.sec.gov/Archives/edgar/data/319201/000031920118000045/klac10k2018.htm,6.870450751252087,2.239418261204572,2.398311288044176,2.2517336586618724,27.97132400154103,10.405233080775652,8.003595736483883,10.405233080775652,14.475529729035571,15968022200.0,15325106200.0,11.446052952257524,14.9233294454974,42.75091415827562,45.533804411366326,9.85369565525936,9.85369565525936,14.322475616913582,35.107374444757525,41.029646089962064,43.70048961318562,0.0218415903755444,0.0219617054390117,1.3806768358869517,0.3981598603113951,-1.4728180316639978,3.734556676351283,24.887230416642183,1.0709528137696511,0.0073293360025514,0.3355678719603632,0.1090173494678524,0.1420097494962635,0.0665611860149098,0.0611170160074749,0.0213344996841133,1.5229835212489158,0.0175737660793791,22.89732630453882,0.082559650917538,0.0664910181923903,8.424874791318866,3330917000.0,1246480000.0,550155000.0,3991254000.0,656066500.0,169406500.0,895384500.0,54.81383247165431,40.33326453169903,221.92774240668115,1.6419213169694236,2.23140876507198,0.4055374016064904,0.2152203841874569,0.1465776293823038,2018-07-30,2.14,amc,1031441441.0,2025-04-25,2018-06-30,0.0373831775700934,93.11777777777776,1893635.4603174604
2018-03-31,KLAC,USD,319201,2018-04-27,2018-04-26 17:41:09,2018,Q3,1021294000.0,368688000.0,652606000.0,0.6389991521,153284000,113518000.0,0.0,113518000.0,8298000.0,266802000.0,635490000.0,0.0,19821000.0,16283000.0,402087000.0,0.3937034781,385804000.0,0.377759979,-19821000.0,365983000.0,0.3583522472,59102000.0,306881000.0,0.3004825251,1.96,1.95,156221000,157201000,https://www.sec.gov/Archives/edgar/data/319201/000031920118000021/0000319201-18-000021-index.htm,https://www.sec.gov/Archives/edgar/data/319201/000031920118000021/klac10q033118.htm,6.537494959064403,1.964402993195537,2.257103718450144,2.1611243046709467,28.960779920753293,8.770543012783172,6.431715326364573,8.770543012783172,15.886052451334969,17029651210.0,16601583210.0,13.873171693588068,16.674582647112388,48.296407076433546,50.44133730040016,12.429104998529352,12.429104998529352,16.25543987333716,41.28853509315148,47.082398279103934,49.17341219088127,0.0180203925621093,0.0198250096749926,1.796829965923265,0.4397701111646205,-1.0646153693106215,3.7823905500922574,19.46440643761667,1.1490023820308195,0.0054098583032576,0.300207572316305,0.1111511474658619,0.1500880255832306,0.0652665221436094,0.0425232624423224,0.0146813748049043,0.9208376834735614,0.0158720211809723,19.6888247818625,0.0735606190613171,0.0586455460832707,7.816133874447098,3340079000.0,1004769000.0,312473000.0,3989949000.0,700679000.0,159651500.0,823447500.0,58.20160502264773,41.36643991667752,209.670941283687,1.5463491078120386,2.1756767123611023,0.4292440309037819,0.2239773512691741,0.0959794137791974,2018-04-26,1.99,amc,1006132178.0,2025-04-25,2018-03-31,0.0150753768844221,109.3063492063492,1529194.492063492
2017-12-31,KLAC,USD,319201,2018-01-26,2018-01-25 18:10:51,2018,Q2,975822000.0,347334000.0,628488000.0,0.6440600847,156745000,105546000.0,0.0,105546000.0,8482000.0,262291000.0,609625000.0,0.0,18890000.0,16130000.0,382327000.0,0.3917999389,366197000.0,0.3752702849,-18890000.0,347307000.0,0.3559122463,481626000.0,-134319000.0,-0.1376470299,-0.86,-0.86,156184883,156587000,https://www.sec.gov/Archives/edgar/data/319201/000031920118000008/0000319201-18-000008-index.htm,https://www.sec.gov/Archives/edgar/data/319201/000031920118000008/klac10q123117.htm,6.247864590070474,-0.8600000039696544,0.8283196011998165,0.7427223286391936,28.446965638793607,7.847270340497678,5.500141777485597,7.847270340497678,16.040707345537403,16410345656.81,16138581656.81,-30.54360451017726,16.81694577167762,126.8471732985754,141.46605797150048,13.389369225342172,13.389369225342172,16.538448258811545,42.211462064698544,124.74651704640144,139.12330526034037,-0.0081850195485833,0.0070688334314189,2.0287004589495155,0.4598303616539813,-0.7108156107206658,3.732373635718376,19.3857596611964,-0.963162322530692,0.0056412583827314,-0.6892174599274861,0.1081611195484422,0.1606286802306158,0.0677950491819528,0.1033384607060314,0.0137002445118064,0.8288282703037818,0.0140794120239141,,-0.0333963571482155,-0.0266469894351597,7.7536681318895635,3187445000.0,859039000.0,172350000.0,3835665000.0,703820500.0,144250500.0,775186000.0,68.33343581103931,38.827065591044935,204.1763547478796,1.3170711955546135,2.317970689517098,0.4407954099833623,-0.1095922488526262,0.0855972725606229,2018-01-25,1.72,amc,856920812.0,2025-04-25,2017-12-31,0.1453488372093023,108.7240625,1395762.625
2017-09-30,KLAC,USD,319201,2017-10-27,2017-10-26 17:51:05,2018,Q1,969581000.0,353449000.0,616132000.0,0.6354621223,146732000,107713000.0,0.0,107713000.0,5041000.0,254445000.0,607894000.0,0.0,25535000.0,15282000.0,376969000.0,0.3887957788,361687000.0,0.3730343313,-25535000.0,336152000.0,0.3466982129,55216000.0,280936000.0,0.2897499023,1.79,1.78,156826000,157846000,https://www.sec.gov/Archives/edgar/data/319201/000031920117000045/0000319201-17-000045-index.htm,https://www.sec.gov/Archives/edgar/data/319201/000031920117000045/klac10q93017.htm,6.182527131980667,1.7913866323186207,2.3824429622639105,2.2819749276267967,30.557885809750932,9.334906201777766,6.991920982490148,9.334906201777766,17.856560774361395,16623556000.0,16341910000.0,14.793009795825384,17.145092570914652,44.49214595226815,46.45099239115552,11.355229255524073,11.355229255524073,16.854610393561757,43.35080603444845,43.738334015828535,45.66399253366418,0.0168998738897983,0.0215280653549697,1.8954381142602648,0.4876351355388498,-0.7471330533810473,3.1100761234345584,14.164362639514392,1.3299434746703875,0.0060352309698358,0.3571169234273998,0.1110923171968097,0.151335473776817,0.0645721090159247,0.0421701741567169,0.0162503184365205,1.0310168826069883,0.014471199415005,19.397283034894084,0.0675576062554036,0.0527781832541574,9.227315623684849,3093456000.0,1096515000.0,333054000.0,3740769000.0,618927500.0,143018500.0,747694500.0,61.889022165244576,35.30673449351958,194.13293006911888,1.454215898898818,2.549088758591344,0.4635998641135045,0.1919019424081051,0.1004680346371137,2017-10-26,1.64,amc,883413333.0,2025-04-25,2017-09-30,0.0975609756097561,111.26344262295082,1568498.508196721
2017-06-30,KLAC,USD,319201,2017-08-04,2017-08-04 17:12:04,2017,Q4,938647000.0,347930000.0,590717000.0,0.6293281713,136555000,105164000.0,0.0,105164000.0,-16138000.0,241719000.0,589649000.0,0.0,23966000.0,14324000.0,363322000.0,0.3870698995,348998000.0,0.3718096366,-23966000.0,325032000.0,0.3462771415,68870000.0,256162000.0,0.2729055758,1.64,1.62,156668000,157931000,https://www.sec.gov/Archives/edgar/data/319201/000031920117000034/0000319201-17-000034-index.htm,https://www.sec.gov/Archives/edgar/data/319201/000031920117000034/klac10k2017.htm,5.991312839890725,1.6350626803176145,2.95297699594046,2.884883958434396,31.151409349707663,8.466419434728214,6.11438200525953,8.466419434728214,18.857858656522072,14336688680.0,14250405680.0,13.99181834151826,15.273780963450584,30.98906633062207,31.72051330954114,10.808583333898769,10.808583333898769,15.181858227853496,39.222523491558455,30.802563737876564,31.529608623600293,0.0178675847483074,0.0315253410385137,2.2093029567624662,0.5297117425648113,-0.2374835545328937,3.3963772520380275,14.562213135274972,1.8060329010548013,0.005903524997238,0.3304041973438683,0.1120378587477507,0.1454806759090478,0.0666083652843105,0.0230591154620144,0.0113652949404834,0.7447640323931862,0.0154317863904108,17.648522465263113,0.0612720623466414,0.0496083803733923,9.379737725636378,3098904000.0,957928000.0,186310000.0,3751368000.0,652917000.0,143416000.0,714886000.0,54.76023467821235,38.12318569827264,189.6040008047596,1.6435283838512948,2.360768082507803,0.4746735280795865,0.1931232787275796,0.0680930375060637,2017-07-27,1.59,amc,909984146.0,2025-04-25,2017-06-30,0.031446540880503,105.41142857142856,1498248.619047619
2017-03-31,KLAC,USD,319201,2017-04-28,2017-04-27 18:16:52,2017,Q3,913809000.0,343274000.0,570535000.0,0.6243481953,130170000,96252000.0,0.0,96252000.0,5508000.0,226422000.0,569696000.0,0.0,24964000.0,14198000.0,358311000.0,0.3921071033,344113000.0,0.3765699397,-24964000.0,319149000.0,0.3492513206,65587000.0,253562000.0,0.2774781163,1.62,1.61,156749000,157746000,https://www.sec.gov/Archives/edgar/data/319201/000031920117000017/0000319201-17-000017-index.htm,https://www.sec.gov/Archives/edgar/data/319201/000031920117000017/klac10q33117.htm,5.829759679487588,1.6176307344863443,1.4343823565062617,1.374324557094463,28.39712534051253,7.319421495511933,5.1677395071100936,7.319421495511933,19.009952216601064,14902127429.999998,15153440429.999998,14.692784634527255,16.3077048157766,66.27939863368292,69.17579949309268,12.988731426150864,12.988731426150864,16.58272180510369,42.291306797726,67.39715008139193,70.34239652963457,0.017015154459728,0.0144559225527975,2.575434581003249,0.5549549295748195,0.7013823187119569,3.4048812586756494,13.78436949206858,0.8867180413468895,0.0057383753025657,0.3372508498907565,0.1053305450044812,0.1424477106266189,0.0633444424724079,0.0418701465054839,0.0103019339927709,0.6630511339625299,0.0137184028609917,16.321848128214597,0.0632095289513659,0.0508428525911784,7.486604380251229,3004144000.0,810038000.0,76197000.0,3627158000.0,699284500.0,127807500.0,683978000.0,72.36143439165076,36.56169706997908,182.6836870837873,1.2437564395542773,2.461592519289792,0.4926548255987508,0.2210052714518805,0.0600577994117984,2017-04-27,1.55,amc,874314814.0,2025-04-25,2017-03-31,0.0451612903225806,95.4747619047619,1131299.4444444445
2016-12-31,KLAC,USD,319201,2017-01-27,2017-01-26 18:01:59,2017,Q2,876885000.0,318507000.0,558378000.0,0.6367744915,130912000,93532000.0,0.0,93532000.0,3535000.0,224444000.0,542951000.0,0.0,27089000.0,14892000.0,348826000.0,0.397801308,333934000.0,0.3808184654,-27089000.0,306845000.0,0.3499261591,68594000.0,238251000.0,0.2717015344,1.52,1.52,156335000,157123000,https://www.sec.gov/Archives/edgar/data/319201/000031920117000006/0000319201-17-000006-index.htm,https://www.sec.gov/Archives/edgar/data/319201/000031920117000006/klac10q123116.htm,5.609012697092782,1.523977356318163,1.4226692679182524,1.3674736943102952,27.17830939968657,6.173256148655131,4.013016918796175,6.173256148655131,19.22976940544344,12300437800.000002,12686657800.000002,12.907015920185016,14.027424120608748,55.30449119430969,57.53675579089175,12.745299742201814,12.745299742201814,14.467869561002871,36.36958770275152,57.04099040973325,59.343345619878015,0.0193693105785226,0.0173801943862518,3.086943682286529,0.5847919777891889,1.1071995780131068,3.394389830736797,12.327291520543394,0.9335238886720308,0.0068720318231274,0.354789696580497,0.1066639297057196,0.1492920964550654,0.0662918670806068,0.0387971926101441,0.0098405150048181,0.5794386247649744,0.0141911425101353,14.54915145873812,0.0623777834046222,0.0500870870460515,6.0961141139220265,2843903000.0,627375000.0,-97721000.0,3461590000.0,674152000.0,110614500.0,687217000.0,68.13513744675755,32.82398816980475,189.6519699724025,1.3209043582003217,2.741897161746856,0.4745534676655164,0.2468676691230717,0.0551955736079572,2017-01-26,1.39,amc,801901973.0,2025-04-25,2016-12-31,0.0935251798561151,99.83,1292368.396825397
2016-09-30,KLAC,USD,319201,2016-10-20,2016-10-20 17:06:56,2017,Q1,750673000.0,277836000.0,472837000.0,0.6298841173,129233000,94388000.0,0.0,94388000.0,3736000.0,223621000.0,501457000.0,0.0,30732000.0,14422000.0,267563000.0,0.3564308294,249216000.0,0.3319900942,-26996000.0,222220000.0,0.2960276978,44119000.0,178101000.0,0.2372551031,1.14,1.13,156129000,157021000,https://www.sec.gov/Archives/edgar/data/319201/000031920116000104/0000319201-16-000104-index.htm,https://www.sec.gov/Archives/edgar/data/319201/000031920116000104/klac10q93016.htm,4.808030538849285,1.1407297811425168,1.0874148940939865,1.0241146744038585,15.977947722716472,5.005533885440886,2.838972900614236,5.005533885440886,19.530638126164902,10883752589.999998,12935994589.999998,15.277500673774991,14.498659989103109,64.10616626515959,68.06854910127959,13.926586373285526,13.926586373285526,17.232529463561363,48.34747177300299,76.19403446874428,80.90356479917945,0.0163639331680177,0.0146910726496034,3.86248526888366,0.6041849059005648,7.670126288014411,4.030980537394036,8.10933229207341,0.9532624746632528,0.0082060851035938,0.50147388279684,0.1257378379134456,0.1721561851831623,0.0677054373232871,0.0582116541109808,0.0131655194738587,0.6852725003466925,0.0152902795225084,11.33464315304676,0.0496691246374844,0.0382368632637266,-5.476227990956197,2954421000.0,443246000.0,-285427000.0,3565035000.0,648842500.0,105791500.0,700948500.0,82.06060428442211,34.034250421111736,227.8091392044228,1.096750393015142,2.644394951744617,0.3950675566147467,0.2278937286710709,0.063300219690128,2016-10-20,1.03,amc,666569827.0,2025-04-25,2016-09-30,0.1262135922330096,88.06758064516129,1128216.3548387096
2016-06-30,KLAC,USD,319201,2016-08-05,2016-08-05 17:00:53,2016,Q4,919171000.0,337568000.0,581603000.0,0.6327473343,127454000,103797000.0,0.0,103797000.0,-4559000.0,231251000.0,568819000.0,5483000.0,21865000.0,14888000.0,365540000.0,0.3976844352,350352000.0,0.3811608504,-21865000.0,328487000.0,0.3573731112,56946000.0,271541000.0,0.2954194595,1.74,1.73,155712000,156618000,https://www.sec.gov/Archives/edgar/data/319201/000031920116000090/0000319201-16-000090-index.htm,https://www.sec.gov/Archives/edgar/data/319201/000031920116000090/klac10k2016.htm,5.903019677353062,1.7438668824496506,2.274025123304562,2.2258079017673653,24.87990649404028,4.425567714755446,2.245209103986848,4.425567714755446,19.77882886354295,11405904000.0,11972546000.0,10.501088233452776,12.408903239984726,32.21160542569325,32.90939884876726,16.551548800343628,16.551548800343628,13.025373951092886,32.753039339060024,33.81186863338163,34.54432823116984,0.0238070564156948,0.0303864559968241,4.437489297852024,0.6162172096262478,1.550150462329704,3.8586824125144776,16.02341641893437,1.304013021974582,0.0071121061513405,0.2987394168836382,0.1129245809539247,0.1386619029538573,0.0684156478113957,0.0212034691451115,0.0081682298505936,0.5042987641053197,0.0133729197287555,13.177481622469031,0.0731350654258752,0.0587379329619089,2.633221909679408,2865609000.0,349606000.0,-405286000.0,3483131000.0,619025500.0,116419500.0,710064000.0,60.04428990905935,28.39881149872026,186.2651376907764,1.4988935690023204,3.169146708976032,0.4831822053003357,0.3940436560569078,0.0482172215371968,2016-07-28,1.42,amc,737437288.0,2025-04-25,2016-06-30,0.2464788732394367,76.37587301587303,2346941.253968254
2016-03-31,KLAC,USD,319201,2016-04-26,2016-04-26 17:01:44,2016,Q3,712433000.0,274599000.0,437834000.0,0.61456165,115589000,87407000.0,0.0,87407000.0,5988000.0,202996000.0,477595000.0,0.0,30895000.0,15780000.0,250618000.0,0.3517776408,234838000.0,0.3296281896,-24907000.0,209931000.0,0.2946677091,34154000.0,175777000.0,0.2467277625,1.13,1.12,155690000,156429000,https://www.sec.gov/Archives/edgar/data/319201/000031920116000077/0000319201-16-000077-index.htm,https://www.sec.gov/Archives/edgar/data/319201/000031920116000077/klac10q33116.htm,4.575971481790738,1.129019204830111,0.7161474725415891,0.6586357505298992,14.395979189414865,3.061031537028711,0.8718735949643522,3.061031537028711,20.092497912518468,11335788900.0,13507120900.0,16.122400683820977,15.911375385474845,101.66900365032244,110.5466867558,23.786099267267065,23.786099267267065,18.95914549157605,53.89525453079986,121.14335722037364,131.72153047989624,0.0155063755642097,0.009045951799614,6.499135492643294,0.6476871467818963,8.66391081247157,3.915509997073245,7.60116523709338,0.6343093806356919,0.0072433423667584,0.4671202717079026,0.1226880282075647,0.1622454322020456,0.0712720054904726,0.0803070934643981,0.0125681993955922,0.567427122940431,0.0128924404119404,8.818116370158714,0.0519583875791497,0.0395780758305278,-7.931530605690796,2908781000.0,135742000.0,-399057000.0,3537485000.0,525966500.0,124318000.0,706639500.0,78.9318013062281,41.40211726918161,236.4697977778506,1.1402248334715068,2.173801871407989,0.3805982871628692,0.3688361884458172,0.0575117220116898,2016-04-26,0.98,amc,607088695.0,2025-04-25,2016-03-31,0.1734693877551019,71.98234375,1344913.640625
2015-12-31,KLAC,USD,319201,2016-01-28,2016-01-28 17:29:44,2016,Q2,710245000.0,280980000.0,429265000.0,0.6043900344,118272000,96532000.0,0.0,96532000.0,1553000.0,214804000.0,495784000.0,0.0,30539000.0,16529000.0,232390000.0,0.3271969532,214461000.0,0.3019535512,-28986000.0,185475000.0,0.2611422819,33268000.0,152207000.0,0.214302107,0.98,0.98,155252000,155996000,https://www.sec.gov/Archives/edgar/data/319201/000031920116000065/0000319201-16-000065-index.htm,https://www.sec.gov/Archives/edgar/data/319201/000031920116000065/klac10q123115.htm,4.574788086465875,0.9803867260969265,0.6462010151237987,0.5950712390178549,14.437334140622989,2.355042125061191,0.1512766341174349,2.355042125061191,20.36827222837709,10766726200.0,13011811200.0,17.684347960343477,15.159172116663967,107.31954666879312,116.5406684995562,29.447456273504272,29.447456273504272,18.320172898084465,55.991269848100174,129.6978908336988,140.84180720022513,0.0141367948968554,0.0085806955878565,8.565267692307692,0.6848912065042528,9.660850294763112,4.292876865541225,7.022528570025214,0.6591286865912869,0.0075584721379837,0.5346666053466661,0.1359136635949566,0.166522819590423,0.0748251072276182,0.079123639408317,0.011176425036431,0.480246838889225,0.0159452020077578,7.207577323428761,0.0473842405520601,0.0359795356300395,-8.3685669105712,2826375000.0,23486000.0,-522186000.0,3460907000.0,443964000.0,114838500.0,671141000.0,54.12266189835902,39.17809096732864,221.58424087123635,1.6628893857626166,2.297202282649574,0.4061660686975452,0.4162926495726495,0.0511297761059438,2016-01-28,0.86,amc,587280769.0,2025-04-25,2015-12-31,0.2093023255813954,71.68765625,972925.109375
2015-09-30,KLAC,USD,319201,2015-10-22,2015-10-22 17:20:05,2016,Q1,642644000.0,270244000.0,372400000.0,0.579481019,119943000,91663000.0,0.0,91663000.0,4069000.0,211606000.0,481850000.0,0.0,26495000.0,19735000.0,187629000.0,0.2919641357,160794000.0,0.2502069575,-26495000.0,134299000.0,0.2089788437,29402000.0,104897000.0,0.16322723,0.67,0.66,156820000,157984000,https://www.sec.gov/Archives/edgar/data/319201/000031920115000060/0000319201-15-000060-index.htm,https://www.sec.gov/Archives/edgar/data/319201/000031920115000060/klac10q93015.htm,4.097972197423798,0.6689006504272414,1.2356969774263489,1.188885346256855,24.073440887641883,1.8775730136462183,-0.3125813034051779,1.8775730136462183,20.26234536411172,7841000000.0,8722599000.0,18.68737904801853,12.201156472323712,40.46299449897308,42.056200084745306,26.630122842946463,26.630122842946463,13.572987532755304,46.48854388180931,45.01243149518531,46.78476837176372,0.0133780130085448,0.0237777069251371,10.70179085113826,0.6893072311888703,4.6986286768036924,4.015792561740569,6.068843177958105,1.8473550244525585,0.0129669684989159,0.9692746217718332,0.1426341800436945,0.1866398814895961,0.0751336101168086,0.0378827754899835,0.0114231207324739,0.3719787180136812,0.0190587634833593,5.315822676329912,0.0343513809171959,0.0248108796335169,1.0787702461420736,2760177000.0,-49019000.0,-601464000.0,3406505000.0,523153500.0,105352500.0,634200000.0,64.53521700972856,35.75535442044967,216.636225041074,1.3945873922827698,2.51710552052383,0.4154429850452578,0.3562581298120846,0.0468116311694936,2015-10-21,0.56,amc,506839436.0,2025-04-25,2015-09-30,0.2678571428571427,67.26590163934426,1690821.31147541
2015-06-30,KLAC,USD,319201,2015-08-07,2015-08-07 16:31:43,2015,Q4,756332000.0,323267000.0,433065000.0,0.5725858485,128839000,101739000.0,0.0,101739000.0,0.0,230578000.0,553845000.0,5206000.0,27549000.0,19966000.0,258253000.0,0.3414545464,202487000.0,0.2677223759,-27549000.0,174938000.0,0.2312978956,32919000.0,142019000.0,0.1877733588,0.9,0.89,158635000,159965000,https://www.sec.gov/Archives/edgar/data/319201/000031920115000053/0000319201-15-000053-index.htm,https://www.sec.gov/Archives/edgar/data/319201/000031920115000053/klac10k2015.htm,4.767749866044694,0.8952564062155262,2.001317489835156,1.9430894821445457,24.812916443407826,2.656658366690831,0.4682510164843824,2.656658366690831,20.28534056166672,8916873350.0,9720178350.0,15.69662043458974,11.789628562588916,28.08649816208316,28.928158232817072,21.15815895064292,21.15815895064292,12.851734886266875,37.63820110511785,30.616760006173635,31.5342437111101,0.0159269953071611,0.0345683949856706,7.570291311435344,0.661087456889871,3.1105350179862383,3.8977043472358233,7.350067153072707,2.2354684936522577,0.0089328396707574,0.5608615748597019,0.134516323519301,0.1703471491355648,0.0719347568965845,0.0290948377687973,0.0122128906353294,0.462636482019433,0.0161357710635012,7.315311647010397,0.0427946153535504,0.0317087808622473,1.7631449554007628,2902813000.0,74281000.0,-499997000.0,3564562000.0,608551000.0,103265500.0,625128500.0,69.67107037650133,28.77120151453752,172.02918949351465,1.2917843735375598,3.128127963461129,0.5231670291825268,0.3369858983150586,0.0582280076906105,2015-07-30,0.91,amc,695184848.0,2025-04-25,2015-06-30,0.0879120879120878,63.9765625,2266298.5625
2015-03-31,KLAC,USD,319201,2015-04-24,2015-04-23 18:05:32,2015,Q3,738459000.0,320282000.0,418177000.0,0.5662833008,124583000,98608000.0,0.0,98608000.0,0.0,223191000.0,543473000.0,1976000.0,28532000.0,20510000.0,215496000.0,0.2918185031,194986000.0,0.2640444493,-28532000.0,166454000.0,0.2254072332,34816000.0,131638000.0,0.1782604044,0.81,0.81,161559000,162794000,https://www.sec.gov/Archives/edgar/data/319201/000031920115000029/0000319201-15-000029-index.htm,https://www.sec.gov/Archives/edgar/data/319201/000031920115000029/klac10q33115.htm,4.570831708539914,0.8147983089769063,1.5004858906034328,1.4365711597620685,25.11576575740132,3.057341280894286,0.8857569061457424,3.057341280894286,20.211384076405523,9417274110.0,10314288110.0,17.884794113401906,12.752602527696189,38.84741627031107,40.57578324881189,19.06558497877277,19.06558497877277,13.967313161597326,47.86301420908045,42.5477095665733,44.4407069209922,0.0139783549318391,0.0246452420614525,6.553007342982259,0.6602720808123667,4.162555221442625,4.062103285327381,6.8339408383569324,1.8415427156292257,0.0087339498711904,0.6248195809720597,0.1335321256833487,0.1687067257627031,0.0715673715173941,0.0425960225561738,0.0139831730671574,0.5034617259873233,0.0172887052632576,7.486662899907671,0.0389094319655259,0.0289226500703852,2.719015963208488,2990496000.0,143102000.0,-441168000.0,3662416000.0,631848500.0,105748000.0,647576000.0,76.97748961012053,28.9963532137304,177.6926895673188,1.16917296804347,3.103838587446336,0.5064924180007053,0.2665055138164274,0.0639147308413644,2015-04-23,0.75,amc,668166666.0,2025-04-25,2015-03-31,0.1199999999999999,51.40421875,1634855.75
2014-12-31,KLAC,USD,319201,2015-01-23,2015-01-22 18:05:05,2015,Q2,676357000.0,283213000.0,393144000.0,0.5812669936,133557000,104873000.0,0.0,104873000.0,0.0,238430000.0,521643000.0,1988000.0,29313000.0,18901000.0,176115000.0,0.2603876355,154714000.0,0.2287460616,-160982000.0,-6268000.0,-0.0092672952,-26536000.0,20268000.0,0.0299664231,0.12,0.12,164036000,165317000,https://www.sec.gov/Archives/edgar/data/319201/000031920115000013/0000319201-15-000013-index.htm,https://www.sec.gov/Archives/edgar/data/319201/000031920115000013/klac10q123114.htm,4.123222951059524,0.1235582433124436,0.0675705332975688,-0.0103574825038406,25.29201516740228,3.6707734887463728,1.5076873369260406,3.6707734887463728,19.96747055524397,11535011519.999998,12414249519.999998,142.28107756068678,17.0546198531249,1040.690321183688,-6789.294596821659,19.156725473686308,19.156725473686308,18.354581264036597,70.48945018879708,1120.0152941176468,-7306.797834020011,0.0017570853713373,-0.0001472907068236,5.390899775633201,0.6508587899905481,4.992408369531272,4.293830252350531,5.277999522396207,0.5468719163212946,0.2424565415605237,137.98791197947503,0.1550556880464015,0.197465243946614,0.0711445680946615,1.1532840129916997,0.018899782215605,0.6763134225702344,0.0219529035701559,3.1945222314168227,-0.1225413225268776,0.0043751357246194,3.4689961349947573,3103908000.0,247315000.0,-338979000.0,3782085000.0,538068500.0,108297000.0,669520000.0,84.10944220286032,34.41801753450584,210.62560687539064,1.0700344413524046,2.614909470302012,0.4272984720858058,0.03366000209254,0.0779280158014094,2015-01-22,0.51,amc,517247058.0,2025-04-25,2014-12-31,0.3333333333333334,58.45555555555556,1339735.761904762
2014-09-30,KLAC,USD,319201,2014-10-24,2014-10-23 20:39:15,2015,Q1,642901000.0,288467000.0,354434000.0,0.5513041666,143637000,101644000.0,0.0,101644000.0,0.0,245281000.0,533748000.0,0.0,10146000.0,21159000.0,130312000.0,0.2026937273,109153000.0,0.1697819727,-10146000.0,99007000.0,0.1540003826,26774000.0,72233000.0,0.1123547794,0.44,0.43,164845000,166580000,https://www.sec.gov/Archives/edgar/data/319201/000031920114000051/0000319201-14-000051-index.htm,https://www.sec.gov/Archives/edgar/data/319201/000031920114000051/klac10q93014.htm,3.900033364675908,0.4381873881525069,0.2118717583184203,0.1303102914859413,31.6376050229003,21.41235706269526,19.234923716218265,21.41235706269526,4.599472231490188,12986489100.0,10792051100.0,44.94652409563496,20.19982718956729,371.8286978182443,604.5570085191565,3.679183929603481,3.679183929603481,16.78648983280474,82.81701685186322,308.99762641012427,502.399846375867,0.0055621653738576,0.0016541037253864,0.2119301247691035,0.1411004132359232,-16.839876603843084,5.427853093235028,10.758229844273606,0.4835186133761577,0.0063460569954969,1.1409328146415074,0.158102102812097,0.2234200911182281,0.0677042582841466,0.3849567657332646,0.0209130177119027,0.6354270050569497,0.0240830236692741,14.529592504559607,0.0177095747621673,0.014614275427692,24.96045072643999,3563700000.0,3170781000.0,2596685000.0,4252598000.0,468455500.0,105854500.0,666349000.0,62.1624791375344,33.78490433914451,210.98319738479617,1.4478187042842214,2.663911642210053,0.426574253853286,0.020464229457294,0.081561466832479,2014-10-23,0.46,amc,629221276.0,2025-04-25,2014-09-30,0.0217391304347825,63.9872131147541,1487359.0327868853
2014-06-30,KLAC,USD,319201,2014-08-08,2014-08-08 16:20:32,2014,Q4,734343000.0,326665000.0,407678000.0,0.5551601908,138448000,96216000.0,0.0,96216000.0,0.0,234664000.0,561329000.0,13555000.0,6408000.0,22010000.0,191424000.0,0.2606738268,173014000.0,0.2356037982,-6408000.0,166606000.0,0.2268776308,37875000.0,128731000.0,0.1753009152,0.78,0.77,165510000,167345000,https://www.sec.gov/Archives/edgar/data/319201/000031920114000038/0000319201-14-000038-index.htm,https://www.sec.gov/Archives/edgar/data/319201/000031920114000038/klac10k2014.htm,4.436849737176002,0.777783819708779,1.5022657241254305,1.4233218536644312,34.28441181801704,22.16993535133829,19.97640021750951,22.16993535133829,4.557591686302942,12022646400.0,9617928400.0,23.34839005367782,16.371976583149834,48.35362934362934,51.03554042466486,3.2765093289103837,3.2765093289103837,13.097324274896064,50.24410941156804,38.68214446589447,40.82763123264876,0.0107073763726428,0.0195941885141028,0.2038289657066954,0.1350359942397661,-12.562259695753928,5.12145339885285,26.999687890137327,1.931469498411416,0.0061938110398056,0.5784620643046352,0.1310232411829349,0.1885331514020015,0.0655486593878957,0.0525498712998713,0.0177927753107199,0.5936392548841436,0.0192389659872838,19.697128788375817,0.0287918858009233,0.0248726140985838,27.20663857168751,3691219000.0,3306294000.0,2717512000.0,4384534000.0,525262000.0,112096500.0,668688000.0,60.40456571384217,28.49396170388625,180.861524803698,1.4899535976528977,3.1585639419079112,0.4976182750736149,0.035082818573119,0.0789438704609993,2014-07-24,0.86,amc,789372500.0,2025-04-25,2014-06-30,-0.069767441860465,73.823125,1948784.984375
2014-03-31,KLAC,USD,319201,2014-04-25,2014-04-24 19:15:12,2014,Q3,831599000.0,342826000.0,488773000.0,0.587750827,134161000,93449000.0,0.0,93449000.0,0.0,227610000.0,570436000.0,0.0,9917000.0,20614000.0,281777000.0,0.3388375888,261163000.0,0.3140491992,-9917000.0,251246000.0,0.3021239804,47665000.0,203581000.0,0.2448066917,1.22,1.21,166253000,167989000,https://www.sec.gov/Archives/edgar/data/319201/000031920114000015/0000319201-14-000015-index.htm,https://www.sec.gov/Archives/edgar/data/319201/000031920114000015/klac10q33114.htm,5.002008986304007,1.22452527172442,1.4299110391992926,1.3203190318370197,31.74333696234053,21.893908681347103,19.685022225162857,21.893908681347103,4.557511744148978,11494732420.0,9215691420.0,14.115674375310077,13.82244617898771,48.35265838545895,52.36613146733362,3.157955987041502,3.157955987041502,11.081893340420082,32.70561976314603,38.76585924190353,41.983587858245976,0.0177108080955224,0.0190963122915391,0.2054389537375464,0.1362863689937999,-8.088101583876611,5.117269590276315,26.334879499848743,1.1677268507375442,0.0065077634925928,0.3674458814918877,0.1123726700008056,0.1613289578270296,0.0669298291497254,0.0766425353451648,0.0219095982558901,0.8838653342388668,0.0152994411970192,24.56047639471931,0.0460115710608358,0.0397648886625698,25.19778440088299,3654682000.0,3272694000.0,2695406000.0,4347965000.0,565369000.0,131158000.0,671979500.0,60.35299465247073,31.705267395121723,178.75747463727956,1.4912267488671431,2.838645038958028,0.5034754500902456,0.0559299524605981,0.1095920073622731,2014-04-24,1.12,amc,757229268.0,2025-04-25,2014-03-31,0.0982142857142855,75.4590625,1550742.125
2013-12-31,KLAC,USD,319201,2014-01-24,2014-01-23 18:46:36,2014,Q2,705129000.0,285814000.0,419315000.0,0.5946642387,134587000,96746000.0,0.0,96746000.0,0.0,231333000.0,517147000.0,0.0,11237000.0,19811000.0,206693000.0,0.2931279241,187982000.0,0.266592354,-11237000.0,176745000.0,0.2506562629,37499000.0,139246000.0,0.1974759228,0.84,0.83,166414000,168206000,https://www.sec.gov/Archives/edgar/data/319201/000031920114000007/0000319201-14-000007-index.htm,https://www.sec.gov/Archives/edgar/data/319201/000031920114000007/klac10q123113.htm,4.237197591548788,0.8367445046690783,0.6926760969629959,0.6057543235545086,30.694172365305803,21.33358371290877,19.21431490139051,21.33358371290877,4.560217289410747,10727046439.999998,8524032439.999998,19.25916442842164,15.212885074929549,93.05936827129112,106.4127774140428,3.021527037719209,3.021527037719209,12.088614196834902,41.24006347578292,73.94776170936314,84.5587806281372,0.0129808331472087,0.0093973677250156,0.2105925091128489,0.1374165691614403,-10.658387076485417,4.857261699635452,16.728842217673755,0.8278227022679288,0.0069900881309133,0.5384930267296727,0.1372032635163211,0.1908686212026452,0.0648214009359766,0.1254868960970235,0.0205139768751533,0.7301499167129373,0.0210883398640532,20.041009856670616,0.0328179936199912,0.0273672194774509,23.908690074152418,3579535000.0,3197531000.0,2617007000.0,4258067000.0,506875500.0,128130500.0,661658000.0,73.14538190884221,44.57111967923195,208.78473412778945,1.2304262777951305,2.0192447631495285,0.431065999034749,0.039221938326413,0.0869217734084872,2014-01-23,0.8,amc,663623529.0,2025-04-25,2013-12-31,0.0624999999999999,66.37888888888888,1436057.0793650793
2013-09-30,KLAC,USD,319201,2013-10-25,2013-10-24 18:17:39,2014,Q1,658337000.0,277657000.0,380680000.0,0.5782448807,132273000,98496000.0,0.0,98496000.0,0.0,230769000.0,508426000.0,0.0,10047000.0,20637000.0,170548000.0,0.2590588103,149911000.0,0.2277116431,-10047000.0,139864000.0,0.2124504623,28667000.0,111197000.0,0.1689058947,0.67,0.66,165886000,168734000,https://www.sec.gov/Archives/edgar/data/319201/000031920113000040/0000319201-13-000040-index.htm,https://www.sec.gov/Archives/edgar/data/319201/000031920113000040/klac10q93013.htm,3.968610973801286,0.670321787251486,1.068492820370616,0.9373726535090364,30.133953437903138,21.04555538140651,18.8960189527748,21.04555538140651,4.566738603619353,10094163100.0,7889799100.0,22.69432426234521,15.33282057669552,56.94937657970753,64.91548454311015,2.891346837715684,2.891346837715684,11.98443821325552,46.26145777141919,44.512767986098574,50.73923676984122,0.011015970209556,0.0154046450864262,0.2141151816744162,0.1414788763316799,-12.925182353355067,5.214568140723976,14.920971434258982,1.5939998381251292,0.0073920937536664,0.6710342904934485,0.1496133439256794,0.2009198936107191,0.0674883108938835,0.1227150658963711,0.0330393096544778,1.0539807142511024,0.0291932551261739,17.816119714508602,0.0267924663939475,0.0225690251257668,23.311524179255635,3519628000.0,3134585000.0,2562349000.0,4196043000.0,482642000.0,115198000.0,647362000.0,60.24370497176977,37.18415166914574,214.02248097472776,1.4939320223112778,2.42038599672234,0.4205165718578291,0.03185099062977,0.1311201668615796,2013-10-24,0.66,amc,638938235.0,2025-04-25,2013-09-30,0.0303030303030303,64.68606557377049,1377342.262295082
2013-06-30,KLAC,USD,319201,2013-08-08,2013-08-08 16:10:34,2013,Q4,720032000.0,306804000.0,413228000.0,0.573902271,127694000,97899000.0,0.0,97899000.0,0.0,225593000.0,532397000.0,1203000.0,10545000.0,20425000.0,211288000.0,0.2934425137,187635000.0,0.2605925848,-10545000.0,177090000.0,0.2459474023,42320000.0,134770000.0,0.1871722368,0.81,0.8,165463000,168685000,https://www.sec.gov/Archives/edgar/data/319201/000031920113000033/0000319201-13-000033-index.htm,https://www.sec.gov/Archives/edgar/data/319201/000031920113000033/klac10k2013.htm,4.351619395272659,0.8145023358696506,1.0610770988075884,0.946791729873144,29.32602454929501,21.044898255199048,18.86223506161498,21.044898255199048,4.580607144799743,9146794640.0,6975289640.0,16.967416042145878,12.70331685258433,52.09800500088284,58.38665279364735,2.626764897109604,2.626764897109604,9.687471723478955,33.013184089962515,39.72961992151234,44.52530425957015,0.0147341232972078,0.0171272020599338,0.2146304928676289,0.1413515296962168,-10.27746488205672,5.050889578100407,17.793741109530583,1.302730578021815,0.0072354308372227,0.4910662610373228,0.1359647904537576,0.1773448957824096,0.0683044477609512,0.1077069414304347,0.0262627216568152,0.9258261933904528,0.0244516910359539,19.63861432758106,0.0322640442295913,0.0273577622702415,22.71111064104966,3489971000.0,3121002000.0,2546298000.0,4156402000.0,489417000.0,111716500.0,642135000.0,65.57333562952758,33.93436852192279,186.1133492392537,1.3725091019995803,2.6521784232365144,0.4835762741784984,0.0387030778667904,0.1142853689344445,2013-07-25,0.79,amc,693658536.0,2025-04-25,2013-06-30,0.0379746835443036,63.05609375,1218884.328125
2013-03-31,KLAC,USD,319201,2013-04-26,2013-04-25 18:04:49,2013,Q3,729029000.0,309508000.0,419521000.0,0.575451731,118788000,98487000.0,0.0,98487000.0,0.0,217275000.0,526783000.0,3338000.0,10131000.0,21168000.0,226752000.0,0.3110328944,202246000.0,0.2774183194,-10131000.0,192115000.0,0.2635217529,25733000.0,166382000.0,0.2282241173,1.0,0.98,166234000,169180000,https://www.sec.gov/Archives/edgar/data/319201/000031920113000016/0000319201-13-000016-index.htm,https://www.sec.gov/Archives/edgar/data/319201/000031920113000016/klac10q33113.htm,4.385558910932781,1.000890311248,2.4951754755344875,2.3850896928426195,29.024176762876422,20.732118579833248,18.531606049303992,20.732118579833248,4.556053514924745,8572687380.0,6440424380.0,12.881031872438124,11.759048515216817,20.667885086900863,21.621828375995943,2.4874447732593854,2.4874447732593854,8.834249913240763,28.40294409751623,15.527213940783492,16.243885311602263,0.0194083829987977,0.0462495577437002,0.2168186182441127,0.1438528990332609,-9.403502504939317,5.1995297606852615,19.963083604777417,2.492955968794701,0.0077643097257093,0.4000492841773749,0.1350933913465719,0.1629400202186744,0.0704210032471051,0.0441194552332183,0.0251018820924819,0.8645124716553289,0.0254256003533467,21.60759065489473,0.040040552378714,0.0344570858287566,22.512205685960755,3443648000.0,3080583000.0,2515566000.0,4108065000.0,530169500.0,105664000.0,656278500.0,56.07480635201069,31.332857309019477,188.95789446476343,1.6049988551903906,2.872384063552755,0.4762965858342746,0.0482772808477757,0.110085782691868,2013-04-25,0.86,amc,620732673.0,2025-04-25,2013-03-31,0.1744186046511628,58.62171875,1478328.453125
2012-12-31,KLAC,USD,319201,2013-01-25,2013-01-24 18:21:34,2013,Q2,673011000.0,303915000.0,369096000.0,0.5484249143,121608000,94241000.0,0.0,94241000.0,0.0,215849000.0,519764000.0,5058000.0,8373000.0,21925000.0,180230000.0,0.2677965145,153247000.0,0.2277035591,-8373000.0,144874000.0,0.2152624548,38244000.0,106630000.0,0.1584372321,0.64,0.63,166268000,169076000,https://www.sec.gov/Archives/edgar/data/319201/000031920113000007/0000319201-13-000007-index.htm,https://www.sec.gov/Archives/edgar/data/319201/000031920113000007/klac10q123112.htm,4.047748213727235,0.641314023143359,0.4657721269276108,0.362980248755022,26.39830274015445,20.21517068828638,17.988085500517236,20.21517068828638,4.54373060360382,7940959680.0,6109810680.0,18.61802419581731,11.799152881602232,102.53941195459886,131.57740721102863,2.362582079392205,2.362582079392205,9.078322167096823,33.90007590301282,78.89429231822115,101.23625861611876,0.0134278480557654,0.0076000889605322,0.2222772300793541,0.1473937526769352,-10.16006769128336,5.291165698949903,18.30252000477726,0.7262777829879021,0.0083770731348178,0.623858201256682,0.1400289148320012,0.1806924403910188,0.073053918677989,0.2206913471843807,0.0253948300993594,0.779521094640821,0.0222254911138153,17.079113851698498,0.0263102407420098,0.0226946218662671,20.855003668775712,3354563000.0,2990843000.0,2428673000.0,4017250000.0,597498500.0,109911000.0,676224000.0,81.05417296299763,30.67222743201224,196.25931592715068,1.110368494427625,2.934250543084721,0.4585769576074902,0.0317243931813529,0.1027918781725888,2013-01-24,0.56,amc,598222222.0,2025-04-25,2012-12-31,0.1249999999999999,54.58625,1984914.4375
2012-09-30,KLAC,USD,319201,2012-10-26,2012-10-25 18:20:04,2013,Q1,720709000.0,317225000.0,403484000.0,0.5598431544,119742000,97185000.0,0.0,97185000.0,0.0,216927000.0,534152000.0,3488000.0,10015000.0,24016000.0,214061000.0,0.2970144677,186557000.0,0.2588520471,-10015000.0,176542000.0,0.2449560086,41175000.0,135367000.0,0.187824767,0.81,0.8,166531000,169824000,https://www.sec.gov/Archives/edgar/data/319201/000031920112000011/0000319201-12-000011-index.htm,https://www.sec.gov/Archives/edgar/data/319201/000031920112000011/klac10q093012.htm,4.327776810323604,0.812863671028217,1.4735574757852892,1.3518263866787563,27.41959154751968,20.13025803003645,17.878851385027414,20.13025803003645,4.54559811686713,7876916300.0,5985807300.0,14.547334837885156,10.929399105602954,32.09918905592254,34.98970020566718,2.3496966571130606,2.3496966571130606,8.305442696011843,27.963091361808083,24.39273858667525,26.58928887131809,0.0171852784572561,0.0285798390418341,0.2228217421290142,0.1474625484357245,-8.83443971578195,5.261023680569584,18.62775836245632,1.812797801532131,0.0084587670431384,0.4922100659688107,0.1348463804392619,0.1661447269286216,0.0740165386234186,0.0826103434083286,0.0281278574292814,0.844103930712858,0.026340728366095,19.18778250406793,0.0334347025090794,0.0288595338667323,21.855186121502904,3353856000.0,2977383000.0,2427793000.0,4017661000.0,656552500.0,127715000.0,670257500.0,73.5378356590524,32.9804712743321,195.67868232327217,1.22385978854847,2.728887627207584,0.4599376842251777,0.0403801913425719,0.1217310891065327,2012-10-25,0.89,amc,763598809.0,2025-04-25,2012-09-30,-0.0561797752808989,53.272333333333336,2131409.5166666666
2012-06-30,KLAC,USD,319201,2012-08-06,2012-08-06 17:18:59,2012,Q4,892465000.0,361663000.0,530802000.0,0.5947594584,118710000,93793000.0,0.0,93793000.0,0.0,212503000.0,574166000.0,4451000.0,12407000.0,23282000.0,250544000.0,0.2807325777,318299000.0,0.3566515213,-12407000.0,305892000.0,0.3427495756,58015000.0,247877000.0,0.2777442253,1.48,1.46,166938000,170178000,https://www.sec.gov/Archives/edgar/data/319201/000031920112000008/0000319201-12-000008-index.htm,https://www.sec.gov/Archives/edgar/data/319201/000031920112000008/klac10k2012.htm,5.346086571062311,1.4848446728725635,1.6371706861229918,1.5396973726772814,25.863458289904035,19.86123590794187,17.564862404006277,19.86123590794187,4.54803579772131,8221696500.0,6434085500.0,8.292113124654566,9.212346142425751,30.08238567759215,31.9868052475548,2.4797046985533515,2.4797046985533515,7.20934210305166,25.680461316176,23.541691364258376,25.03204050825961,0.0301491304136561,0.0312628908157823,0.2252485602131744,0.1464289999741192,-7.134918417523469,4.825598818876194,25.65479164987507,1.102587170249761,0.0071124007070803,0.2359073250039334,0.1050943174242127,0.1330136195817202,0.0751625195968557,0.0595376610831814,0.0182326477789044,0.6989090284339833,0.0199212294039542,25.75935039025416,0.0608700728856662,0.0525502039874868,20.37552414668919,3301136000.0,2932243000.0,2379330000.0,3962174000.0,703857000.0,139277000.0,650639000.0,73.03375482511919,34.63575206753248,161.95237002402789,1.2323068999465634,2.5984710776459767,0.5557189437033077,0.0747609403440408,0.0974733134457103,2012-07-26,1.31,amc,784681208.0,2025-04-25,2012-06-30,0.1374045801526717,46.5591935483871,2168754.9032258065
2012-03-31,KLAC,USD,319201,2012-04-27,2012-04-26 18:51:03,2012,Q3,840521000.0,355149000.0,485372000.0,0.5774656433,110102000,90996000.0,0.0,90996000.0,0.0,201098000.0,556247000.0,3264000.0,13505000.0,22400000.0,309938000.0,0.3687450998,284274000.0,0.3382116568,-10241000.0,274033000.0,0.3260275472,68687000.0,205346000.0,0.2443079947,1.23,1.21,167070000,170146000,https://www.sec.gov/Archives/edgar/data/319201/000031920112000006/0000319201-12-000006-index.htm,https://www.sec.gov/Archives/edgar/data/319201/000031920112000006/klac10q033112.htm,5.030951098342013,1.2291015741904592,1.56876758245047,1.4833063985155923,14.184102472017717,18.90683545819118,16.567791943496736,18.90683545819118,4.550200514754295,9091949400.0,9074733400.0,11.069060755992323,10.817040145338426,34.68965104122948,36.68830664686704,2.878324091852354,2.878324091852354,10.796557611291092,29.27918938626435,34.6239646844262,36.61883574910417,0.0225854754537019,0.0272566409135537,0.2363889051575536,0.1513614681249751,-0.0555465931896056,4.570761903124302,21.04953720844132,1.2763530821150644,0.0064369033993963,0.2850018992334888,0.1082614235694289,0.1309925629460775,0.0792150496918432,0.0544766381527238,0.0169870830116082,0.0,0.0248821861678649,22.866230068684526,0.0524570280402446,0.0452062997256968,8.578172322978393,3114972000.0,2767981000.0,2212888000.0,3775927000.0,613794500.0,134217500.0,645058500.0,73.1857859589469,35.31866906565976,164.8402219913332,1.2297469900847269,2.5482273930731645,0.5459832491898241,0.0650083181243302,0.0854611839348776,2012-04-26,1.1,amc,727992125.0,2025-04-25,2012-03-31,0.1545454545454544,50.25079365079365,2239235.031746032
2011-12-31,KLAC,USD,319201,2012-01-27,2012-01-26 18:18:10,2012,Q2,642482000.0,272855000.0,369627000.0,0.5753110593,116363000,93801000.0,0.0,93801000.0,0.0,210164000.0,483019000.0,740000.0,13296000.0,23267000.0,183470000.0,0.2855644205,159463000.0,0.2481983931,-12556000.0,146907000.0,0.2286554331,36110000.0,110797000.0,0.1724515239,0.67,0.66,166343000,169103000,https://www.sec.gov/Archives/edgar/data/319201/000031920112000003/0000319201-12-000003-index.htm,https://www.sec.gov/Archives/edgar/data/319201/000031920112000003/klac10q123111.htm,3.862392766753034,0.6660755186572324,1.1255778722278664,1.0358957094677863,13.08528161690002,17.84548793757477,15.452655056118983,17.84548793757477,4.568013081404087,8026049750.0,7947624750.0,18.109808365749977,12.49225620328663,42.86686971244232,46.57804792413849,2.703764680953703,2.703764680953703,12.370190526738492,43.31838856488799,42.44800434754743,46.12291949580417,0.0138046739618079,0.021469341128866,0.2514967296305978,0.1588093821979549,-0.4274540796860522,4.517047398732499,11.99330625752106,1.68986524905909,0.0072390530596947,0.5243914546422737,0.1459978645316133,0.181114801659813,0.0846696481675766,0.0796765510169201,0.0232193275453631,0.0,0.0305782885746215,16.353744502666927,0.031068577752702,0.0257490372318384,7.045820984351611,2919079000.0,2570441000.0,2016543000.0,3584739000.0,532302000.0,121819500.0,626122000.0,76.21819755261626,42.571182496197615,210.98271975957928,1.1808203669191948,2.11410617987975,0.4265752195372091,0.0373245898900174,0.08968216276008,2012-01-26,0.66,amc,588958333.0,2025-04-25,2011-12-31,0.0909090909090908,49.53365079365079,2291052.365079365
2011-09-30,KLAC,USD,319201,2011-10-28,2011-10-27 18:09:45,2012,Q1,796476000.0,340349000.0,456127000.0,0.5726814116,107762000,94076000.0,0.0,94076000.0,0.0,201838000.0,542187000.0,6866000.0,13893000.0,23184000.0,284339000.0,0.3569963188,254289000.0,0.3192676239,-7027000.0,247262000.0,0.3104450103,55267000.0,191995000.0,0.2410555999,1.15,1.13,166684000,169835000,https://www.sec.gov/Archives/edgar/data/319201/000031920111000006/0000319201-11-000006-index.htm,https://www.sec.gov/Archives/edgar/data/319201/000031920111000006/klac10q093011.htm,4.778359050658732,1.1518502075784118,1.3137733675697727,1.241012934654796,12.599595642053227,17.605739003143672,15.170472270883828,17.605739003143672,4.561433610904466,6380663520.0,6381141520.0,8.308371988853876,8.011118376448255,29.13744557846428,30.84577036310108,2.174291007788128,2.174291007788128,8.011718520080956,22.44201998318908,29.13962837637281,30.84808113817758,0.030090130814483,0.0324193556597386,0.2543536672010958,0.1634990516540253,0.0016810919360341,4.898972922247994,18.303390196501837,1.1405765775150394,0.0091620565505074,0.3044870960181254,0.118115297887193,0.1352984898477794,0.0889138695078567,0.0553827887754869,0.0152270752665491,0.52311939268461,0.0257333554306721,21.360744786177367,0.0515391027436277,0.0461593351151621,6.995932423028005,2862700000.0,2528675000.0,1966197000.0,3532899000.0,581775000.0,128760000.0,594166500.0,58.81600952194416,30.297576899006607,161.99333625190613,1.530195617341587,2.970534584333406,0.5555784088553272,0.0654247008530989,0.0727604329149768,2011-10-27,1.17,amc,796500000.0,2025-04-25,2011-09-30,0.0,50.184677419354834,2874264.64516129
2011-06-30,KLAC,USD,319201,2011-08-05,2011-08-05 17:09:55,2011,Q4,892439000.0,356180000.0,536259000.0,0.6008914895,100929000,91261000.0,0.0,91261000.0,0.0,192190000.0,548370000.0,15320000.0,13897000.0,22533000.0,370473000.0,0.415124171,344069000.0,0.3855378351,-10026000.0,334043000.0,0.3743034538,89026000.0,245017000.0,0.2745476161,1.46,1.43,167350000,170884000,https://www.sec.gov/Archives/edgar/data/319201/000144530511002394/0001445305-11-002394-index.htm,https://www.sec.gov/Archives/edgar/data/319201/000144530511002394/klac10k2011.htm,5.332769644457724,1.4640991933074394,1.7317119808783985,1.6444278458320885,12.18126680609501,17.095267403645057,14.621063639079772,17.095267403645057,4.542497759187332,6774327999.999999,6809288999.999999,6.912099976736308,7.590802284525888,23.375711692810956,24.6164646886753,2.3679068039245084,2.3679068039245084,7.629976950805601,18.37998720554534,23.496349231544293,24.743505514271696,0.0361684583326936,0.0406232175353776,0.2608591093759885,0.1596164363287,0.0943685504746634,4.167726735735552,24.758509030726056,1.182783235448969,0.0061795059229491,0.1708534509850336,0.1022602105017821,0.1130934439216573,0.0885586868286978,0.050403378858669,0.0163675052300493,0.3349614749587232,0.0212216185083798,23.730913643150423,0.065705794942852,0.0574959820136887,5.939976097998208,2793992000.0,2446835000.0,1861382000.0,3465408000.0,649486000.0,142535500.0,566264000.0,64.8492053798635,36.11951822112415,145.47616373743614,1.387835047057433,2.491727587533666,0.6186580515172042,0.0856435385734454,0.0872841350463101,2011-07-28,1.37,amc,815058666.0,2025-04-25,2011-06-30,0.094890510948905,45.53968253968254,3109642.365079365
2011-03-31,KLAC,USD,319201,2011-04-29,2011-04-28 20:27:38,2011,Q3,834059000.0,327696000.0,506363000.0,0.6071069313,95617000,98967000.0,0.0,98967000.0,0.0,194584000.0,522280000.0,3150000.0,13409000.0,21075000.0,336004000.0,0.4028539947,311779000.0,0.3738092869,-10259000.0,301520000.0,0.3615091978,91737000.0,209783000.0,0.2515205759,1.25,1.22,167629000,171313000,https://www.sec.gov/Archives/edgar/data/319201/000144530511000754/0001445305-11-000754-index.htm,https://www.sec.gov/Archives/edgar/data/319201/000144530511000754/klac10q33111.htm,4.975624742735445,1.251472000668142,1.4550644578205445,1.372566799300837,10.974079664019948,15.946029624945565,13.428481945248135,15.946029624945565,4.531214765941454,7932204280.0,8039600280.0,9.452868297240482,9.510363511454226,32.52089606454813,34.47555341139246,2.967509851228032,2.967509851228032,9.639126584570157,23.92709693932215,32.96120420973224,34.94232612720682,0.0264469991688111,0.0290060608474394,0.2791430058245047,0.1676998154558999,0.3196271472958655,4.00460234587744,23.251472891341635,1.162682390851499,0.0052875592356781,0.1999304042748936,0.1186570734204654,0.1146405709907812,0.0948486102330164,0.0566969099384611,0.0165803618209263,0.0,0.0225967227738085,21.18986115911315,0.0603797674727391,0.0520898590604343,4.9728447941585285,2574154000.0,2251003000.0,1654565000.0,3246739000.0,593690500.0,132646000.0,530747500.0,70.77859000382468,39.0341658122162,152.92167130511206,1.2715709651059262,2.30567243150444,0.5885365967550171,0.0784817305688665,0.0824976585197072,2011-04-28,1.24,amc,789529770.0,2025-04-25,2011-03-31,0.0564516129032258,38.38015625,3633605.5
2010-12-31,KLAC,USD,319201,2011-01-28,2011-01-27 21:20:16,2011,Q2,766327000.0,311398000.0,454929000.0,0.5936486643,94897000,91166000.0,0.0,91166000.0,0.0,186063000.0,497461000.0,17675000.0,17675000.0,21653000.0,286337000.0,0.373648586,268866000.0,0.3508502245,-17675000.0,251191000.0,0.3277856581,65699000.0,185492000.0,0.2420533271,1.11,1.09,166886000,169513000,https://www.sec.gov/Archives/edgar/data/319201/000119312511016303/0001193125-11-016303-index.htm,https://www.sec.gov/Archives/edgar/data/319201/000119312511016303/d10q.htm,4.591919034550531,1.1114892801073788,1.162020780652661,1.092799875364021,9.805495967307024,14.77795620962813,12.201065397936317,14.77795620962813,4.576135805280251,6448475040.0,6598389040.0,8.691041985638194,8.41478251451404,33.25241737785227,35.358715599348585,2.614705271275961,2.614705271275961,8.610409185634852,23.044136943531573,34.02546881526364,36.18073420955953,0.0287652505203772,0.0282815702733959,0.3024927885999463,0.1789672495436565,0.5235579055448649,3.93773183514561,15.211654879773691,1.045462877105212,0.0064835483956529,0.2253951652901472,0.1189648805275032,0.1238335593030129,0.103166852226757,0.0595694211679773,0.0150745047479731,0.5335057497806308,0.025356016426408,19.22432438215199,0.0588361807993384,0.0496178325889,3.5060535335498484,2332374000.0,2036187000.0,1424084000.0,3011889000.0,539704500.0,130696000.0,484469500.0,62.415613700156726,35.59733845432533,145.86712181838033,1.4419468890005325,2.528278908140233,0.6169999029120442,0.0752126521652041,0.0692209052886401,2011-01-27,1.05,amc,731468181.0,2025-04-25,2010-12-31,0.0476190476190476,42.16444444444445,2432084.253968254
2010-09-30,KLAC,USD,319201,2010-11-24,2010-11-23 17:51:11,2011,Q1,682342000.0,263969000.0,418373000.0,0.6131426763,94720000,88037000.0,0.0,88037000.0,0.0,182757000.0,446726000.0,1225000.0,13529000.0,20783000.0,257624000.0,0.3775584677,235616000.0,0.3453048471,-12304000.0,223312000.0,0.3272728339,69116000.0,154196000.0,0.22598052,0.92,0.91,167187000,169839000,https://www.sec.gov/Archives/edgar/data/319201/000119312510267778/0001193125-10-267778-index.htm,https://www.sec.gov/Archives/edgar/data/319201/000119312510267778/d10qa.htm,4.081310149712597,0.9222965900458768,0.5713841387189196,0.504614593239905,9.085586798016593,14.003822067505247,11.389779109619766,14.003822067505247,4.542284986272856,5889998009.999999,6097496009.999999,9.549531132454796,8.632032045513832,61.657294301147296,69.81565827060984,2.515741761797188,2.515741761797188,8.936128818100013,23.668198653852123,63.8294113767691,72.27518532566822,0.0261792957719522,0.0143234343809226,0.31858185581506,0.1863370360978948,0.805429618358538,3.841398447915057,17.41562569295587,0.6195232042335729,0.0070942299011065,0.2709862772056344,0.1290218101773011,0.1388160189465107,0.109180299610404,0.1168557909722803,0.0163598312869499,0.53712168599336,0.0354851379513499,17.047074240483585,0.0502252098800921,0.0432426550781571,2.9934863356600694,2169743000.0,1904223000.0,1271753000.0,2854157000.0,518007500.0,123082000.0,432986000.0,72.27466578343412,47.1280339736863,158.28290443195982,1.245249618582514,1.909691374994574,0.5686021514641071,0.0658603476679407,0.0667695454790145,2010-10-28,0.86,amc,592705050.0,2025-04-25,2010-09-30,0.1511627906976744,45.22161290322581,2610363.1774193547
2010-06-30,KLAC,USD,319201,2010-08-06,2010-08-05 19:25:05,2010,Q4,559419000.0,227919000.0,331500000.0,0.5925790865,83309000,87349000.0,0.0,87349000.0,0.0,170658000.0,398577000.0,-11334000.0,13426000.0,19554000.0,95734000.0,0.17113112,160842000.0,0.2875161552,-10740000.0,150102000.0,0.2683176653,37017000.0,113085000.0,0.2021472277,0.68,0.68,167187000,167187000,https://www.sec.gov/Archives/edgar/data/319201/000119312510179757/0001193125-10-179757-index.htm,https://www.sec.gov/Archives/edgar/data/319201/000119312510179757/d10k.htm,3.3460675770245296,0.6763982845556173,0.4981128915525729,0.4634750309533636,9.17561772147356,13.437713458582309,10.773977641802292,13.437713458582309,4.860814537015438,4661173560.0,4930494560.0,10.304579652473803,8.332168839456651,55.97124762842528,60.15426536064114,2.074757739546365,2.074757739546365,8.813598680059133,51.50202185221551,59.205247004010666,63.62995805748061,0.02426105755221,0.0166239250700632,0.3557531766736653,0.2045629752939297,2.8132220527712204,3.6738957769436382,11.979889766125428,0.7364195074501482,0.0054462679136968,0.224486006101605,0.1561423548359995,0.1489205765267179,0.1139840329905688,0.0695381733471024,0.010351811432933,0.2961542395417817,0.041934578553821,14.30063084147121,0.0386494376906657,0.032667343402719,2.6348235807808025,2063678000.0,1801269000.0,1175020000.0,2745772000.0,441360000.0,99791500.0,388082500.0,78.51951757090839,42.62224737735775,158.63398839061244,1.1462118309466682,2.111573310604236,0.5673437383317154,0.0503358169260276,0.0346378605992092,2010-07-29,0.6,amc,479485714.0,2025-04-25,2010-06-30,0.1666666666666666,37.2534375,2461928.109375
2010-03-31,KLAC,USD,319201,2010-04-30,2010-04-29 18:44:11,2010,Q3,478299000.0,208565000.0,269734000.0,0.563944311,84741000,93714000.0,0.0,93714000.0,0.0,178455000.0,387020000.0,3084000.0,14092000.0,21420000.0,115783000.0,0.2420724275,91279000.0,0.1908408757,-11008000.0,80271000.0,0.1678259833,23255000.0,57016000.0,0.1192057688,0.33,0.33,171506000,173357000,https://www.sec.gov/Archives/edgar/data/319201/000119312510099767/0001193125-10-099767-index.htm,https://www.sec.gov/Archives/edgar/data/319201/000119312510099767/d10q.htm,2.7888178839224285,0.3324431798304432,0.744417104940935,0.6858710482432101,9.058132077011884,12.938462794304572,10.291144333142864,12.938462794304572,4.429600130607676,5304680580.0,5506786580.0,23.259613880314298,11.0907206161836,41.549287079390936,45.09594052588178,2.390546735862253,2.390546735862253,11.513272200025508,47.561270480122296,43.1322966664578,46.814076051381015,0.010748243770787,0.0221749449803818,0.3360085334813864,0.1967391806261205,1.7455585016798667,3.895915906820703,6.477363042861198,2.2392310930265187,0.0048506219388613,0.4512943735091904,0.1959318334347343,0.1771716018641059,0.1198019971793041,0.078646845040416,0.0209931444556647,0.4687675070028011,0.0448861486225143,9.837648781734948,0.020893709586676,0.0170920800740089,2.716617785966672,1988805000.0,1764993000.0,1104746000.0,2686594000.0,346366000.0,89638500.0,363338000.0,74.26210383044916,39.54666410951023,161.57624721309904,1.211923650930799,2.2757924600360084,0.5570125655988356,0.0256941790625067,0.0585460566977248,2010-04-29,0.35,amc,408304878.0,2025-04-25,2010-03-31,0.1714285714285714,30.45015625,3952237.234375
2009-12-31,KLAC,USD,319201,2010-01-29,2010-01-28 19:21:11,2010,Q2,440355000.0,207286000.0,233069000.0,0.5292752438,83301000,102673000.0,0.0,102673000.0,0.0,185974000.0,393260000.0,4463000.0,13542000.0,23240000.0,74798000.0,0.1698584097,47095000.0,0.1069478035,-9079000.0,38016000.0,0.0863303471,16222000.0,21794000.0,0.0494918872,0.13,0.13,171408000,173808000,https://www.sec.gov/Archives/edgar/data/319201/000119312510015997/0001193125-10-015997-index.htm,https://www.sec.gov/Archives/edgar/data/319201/000119312510015997/d10q.htm,2.569045785494259,0.1271469242975823,0.9544537011108,0.8918253523756184,14.662349481937833,12.99200737421824,10.270745822832072,12.99200737421824,4.428130542331746,6198113279.999999,5421244279.999999,71.09884922455721,14.075264911264773,37.88554642086539,40.54605523792079,2.783249651763366,2.783249651763366,12.311076926570603,72.4784657343779,33.13698742672722,35.464029149712815,0.0035162313135393,0.0246633117360513,0.3347539711549601,0.2000877140949948,-10.386226904462688,4.219931333132172,3.477699010485896,7.506699091493071,0.0041441643351184,1.1785812608974948,0.2331596098602264,0.1891678305003917,0.1251954980230778,0.0656169583315505,0.0243780586118018,0.4619191049913941,0.0473595167535284,6.096524420264021,0.0083810854784761,0.0066867221285584,8.249969371324559,1974156000.0,1760488000.0,1088454000.0,2702544000.0,270997500.0,81596500.0,349720000.0,60.91991688524032,38.04830041585056,152.9369566685642,1.4773493563614035,2.3654144604710607,0.5884777751596209,0.0097865495789278,0.0626283487351815,2010-01-28,0.27,amc,424671428.0,2025-04-25,2009-12-31,0.037037037037037,31.41190476190476,4274192.19047619
2009-09-30,KLAC,USD,319201,2009-10-30,2009-10-29 20:26:27,2010,Q1,342687000.0,171892000.0,170795000.0,0.498399414,78209000,77636000.0,0.0,77636000.0,0.0,155845000.0,327737000.0,7842000.0,13457000.0,23134000.0,59383000.0,0.17328641,14950000.0,0.043625816,7842000.0,22792000.0,0.0665096721,2387000.0,20405000.0,0.0595441321,0.12,0.12,170698000,172718000,https://www.sec.gov/Archives/edgar/data/319201/000119312509217736/0001193125-09-217736-index.htm,https://www.sec.gov/Archives/edgar/data/319201/000119312509217736/d10q.htm,2.00756306459361,0.1195386003350947,0.4291145766206985,0.4078196581096439,8.12682046655497,12.92572847953696,10.118448956636868,12.92572847953696,4.445254191613259,6121230280.0,6325730280.0,74.99669541778975,17.862452558748945,83.56742453821896,87.93102364466918,2.7743117192018114,2.7743117192018114,18.459207031489377,106.5242624993685,86.35927152589115,90.8686511333927,0.0033334802101253,0.0113725504213509,0.3378083535321855,0.2027432696727933,3.44374652678376,4.101222370234723,1.110945976071933,3.5897574123989218,0.0041831460063939,1.2548885077186964,0.2265507591475603,0.2282228389171459,0.1303486958248442,0.0496252508566669,0.0106073472293959,0.1571280366560041,0.0589430004639802,5.896208827882091,0.0042010517908824,0.0063824004018675,1.6045911492811866,1876407000.0,1727199000.0,1011587000.0,2638764000.0,227033500.0,69523000.0,358702500.0,64.06184068844163,39.56257417448165,181.7880413282759,1.4048925075023369,2.274877251492172,0.4950820710889144,0.009248113212678,0.0212949185110546,2009-10-29,0.01692,amc,45693333.0,2025-04-25,2009-09-30,7.865248226950355,30.98934426229508,4177865.295081967
2009-06-30,KLAC,USD,319201,2009-08-07,2009-08-06 18:47:45,2009,Q4,281502000.0,164621000.0,116881000.0,0.4152048653,79227000,72621000.0,0.0,72621000.0,446744000.0,151848000.0,316469000.0,2595000.0,14004000.0,25732000.0,-6640000.0,-0.0235877543,-34967000.0,-0.1242158137,-11409000.0,-46376000.0,-0.1647448331,-20800000.0,-25576000.0,-0.0908554824,-0.15,-0.15,169965000,170698000,https://www.sec.gov/Archives/edgar/data/319201/000119312509167528/0001193125-09-167528-index.htm,https://www.sec.gov/Archives/edgar/data/319201/000119312509167528/d10k.htm,1.6562351072279586,-0.1504780395963875,0.4320771923631336,0.4204277351219369,7.8244579766422495,12.85201070808696,10.036966434265878,12.85201070808696,4.466849057158827,4291616250.0,4511853250.0,-41.949642731466994,15.245420103587186,58.438631907187016,60.057883651935406,1.964673121857249,1.964673121857249,16.02778399442988,-679.4959713855421,61.43758340368746,63.13993184807859,-0.005959526320649,0.0166506033711658,0.3411493907686899,0.2064541223835294,-33.168222891566266,4.25299521439476,-2.496929448728934,-2.871363778542384,0.0059394872502871,-0.9966374726305912,0.257976852739945,0.2814438263316068,0.1325540830987234,0.0269615185598736,0.0070336978067651,0.076946992072128,0.0926885066535939,,-0.0063318593976979,-0.0081684301162634,1.4558776806989675,1834634000.0,1705933000.0,973471000.0,2604971000.0,225784000.0,59919500.0,391050000.0,67.18556173668394,34.70790482380741,202.3954416508222,1.33957352850202,2.593069228951721,0.4446740463417665,-0.0117085211811799,0.0116494572411967,2009-07-23,-0.15,amc,469166666.0,2025-04-25,2009-06-30,-0.4,34.6684375,3538023.109375
2009-03-31,KLAC,USD,319201,2009-04-24,2009-04-23 18:08:54,2009,Q3,309612000.0,209223000.0,100389000.0,0.3242413085,82609000,90061000.0,0.0,90061000.0,0.0,172670000.0,381893000.0,8723000.0,13609000.0,31762000.0,-31796000.0,-0.1026962779,-72281000.0,-0.2334567136,-4886000.0,-77167000.0,-0.2492377556,5660000.0,-82827000.0,-0.2675187008,-0.49,-0.49,169934000,169934000,https://www.sec.gov/Archives/edgar/data/319201/000119312509085952/0001193125-09-085952-index.htm,https://www.sec.gov/Archives/edgar/data/319201/000119312509085952/d10q.htm,1.821954405828145,-0.4874068756105311,0.4501100427224687,0.4315910883048713,7.171272376334342,12.768674897313074,9.98209304788918,12.768674897313074,4.464539174032272,3398680000.0,3478819000.0,-10.25836985524044,10.977223105047608,44.433578684516725,46.34015979929645,1.5663332460761938,1.5663332460761938,11.236059971835717,-109.41058623726256,45.48129796441318,47.43283521038423,-0.0243703437805265,0.0215795544152435,0.34337589269584,0.2048935668191815,-2.520411372499685,3.9672924404514074,-5.311264604305974,-0.923479058761032,0.0074982051855426,-0.307677448175112,0.2908834282908931,0.2668145937495962,0.1302220403556737,0.0411431709134646,0.0101643347157086,0.0990806624267993,0.0,,-0.0249644272256281,-0.0261876148298786,0.8186987300952134,1788764000.0,1696297000.0,925057000.0,2565602000.0,286889000.0,80085500.0,442239500.0,70.17896593155304,24.24140749344001,177.18157181571814,1.282435538987263,3.712655712105618,0.5079535026001836,-0.0381720796817449,0.0185189544175974,2009-04-23,-0.26,bmo,236752941.0,2025-04-25,2009-03-31,0.3076923076923077,31.3415625,4693053.25
2008-12-31,KLAC,USD,319201,2009-01-30,2009-01-29 21:00:10,2009,Q2,396589000.0,238167000.0,158422000.0,0.3994614071,95266000,568787000.0,0.0,568787000.0,434833000.0,664053000.0,902220000.0,1381000.0,13853000.0,35646000.0,-468604000.0,-1.1815859744,-505631000.0,-1.274949633,-12472000.0,-518103000.0,-1.3063978073,-83849000.0,-434254000.0,-1.0949723769,-2.57,-2.57,169022000,169022000,https://www.sec.gov/Archives/edgar/data/319201/000119312509014499/0001193125-09-014499-index.htm,https://www.sec.gov/Archives/edgar/data/319201/000119312509014499/d10q.htm,2.3463750281028504,-2.5692158417247457,-0.2106234691341955,-0.2518429553549242,7.02829809137272,13.531558022032636,10.575451716344618,13.531558022032636,4.489267669297488,3682989380.0,3771591380.0,-2.1202967502890013,9.286665489965682,-103.45475786516852,-86.52217398454202,1.6103097636296302,1.6103097636296302,9.510075619848257,-8.04856847145991,-105.94357808988764,-88.60364554702,-0.1179080239433109,-0.0115577308561231,0.3257058734283257,0.1931831000963929,-0.1890764910244044,3.7029598370883066,-36.49974734714503,0.0819796708838606,0.0068789229036549,-0.0583414315124328,1.4341976202063094,0.2402134199385257,0.129573379065287,-0.1957022471910112,0.0175673051950507,0.1954496998260674,0.0,,-0.1334190627476088,-0.1293791111193208,0.6184535149270509,1837018000.0,1787484000.0,947688000.0,2659685000.0,351348000.0,103239000.0,488129000.0,75.4225911459975,39.23100177606469,178.58330499187545,1.1932764259687745,2.294104048469904,0.5039664822201297,-0.1898684421661898,0.0412194862207286,2009-01-29,-0.07,bmo,280445078.0,2025-04-25,2008-12-31,0.7142857142857141,25.493650793650797,5402072.666666667
2008-09-30,KLAC,USD,319201,2008-10-31,2008-10-31 16:22:48,2009,Q1,532513000.0,258203000.0,274310000.0,0.5151235744,114361000,125011000.0,0.0,125011000.0,0.0,239372000.0,497575000.0,0.0,13873000.0,42708000.0,34938000.0,0.0656096659,34938000.0,0.0656096659,4177000.0,39115000.0,0.0734536058,19826000.0,19289000.0,0.0362225899,0.11,0.11,172088000,174386000,https://www.sec.gov/Archives/edgar/data/319201/000119312508221615/0001193125-08-221615-index.htm,https://www.sec.gov/Archives/edgar/data/319201/000119312508221615/d10q.htm,3.0944226209846124,0.1120880014876109,0.4727639347310678,0.4138870810283111,7.351424852401097,16.04179838222305,10.392630514620429,16.04179838222305,4.408610710799126,5446585200.0,5457922200.0,70.59185546166209,10.22807931449561,66.94673107415466,76.47013267813267,1.972970813239581,1.972970813239581,10.24936893559406,156.217362184441,67.0860798702017,76.62930431730432,0.003541485039103,0.0130770009803573,0.2697948743769925,0.1661657646265366,0.3244890949682294,3.3873767705966844,2.5184170691270813,4.217792524236612,0.0047442570071243,1.33962361967961,0.2347567101648222,0.2147571984158133,0.2168898768854103,0.1245375321115577,0.0190267655437519,0.2372389247916081,0.064565559901824,6.360589219635071,0.0046481651522412,0.0054952959935819,0.4244325577611454,1851616000.0,1788447000.0,905556000.0,3174470000.0,431415500.0,103488000.0,481561000.0,62.59165503940749,35.78382125691801,175.56174792701867,1.4378913601715166,2.515103106340285,0.5126401454912215,0.0069872466176749,0.0588768537027567,2008-10-30,0.34,bmo,565781250.0,2025-04-25,2008-09-30,-0.0588235294117647,19.38360655737705,5258518.426229509
2008-06-30,KLAC,USD,319201,2008-08-07,2008-08-07 06:16:46,2008,Q4,590694000.0,268868000.0,321826000.0,0.5448269324,116470000,101945000.0,0.0,101945000.0,0.0,218415000.0,487283000.0,0.0,10767000.0,46469000.0,149880000.0,0.2537354366,103411000.0,0.1750669551,-5894000.0,97517000.0,0.1650888616,21507000.0,76010000.0,0.1286791469,0.44,0.44,172088000,172088000,https://www.sec.gov/Archives/edgar/data/319201/000119312508169062/0001193125-08-169062-index.htm,https://www.sec.gov/Archives/edgar/data/319201/000119312508169062/d10k.htm,3.4325112733020315,0.4416926223792478,1.0946376272604714,1.0386836967133095,8.932848310166891,17.3267746734229,12.098868021012503,17.3267746734229,4.389777323229976,7005702480.0,6622257480.0,23.04204209972372,11.860121281069386,37.19038975654814,39.19383747797141,2.349542876115544,2.349542876115544,11.210978069863584,44.18373018414732,35.154838141144744,37.04863061903829,0.0108497328022414,0.025514215099811,0.249741257592069,0.1535893358413824,-2.558346677341873,3.1944246852678853,9.604439491037429,2.478279173792922,0.003761792636104,0.3467175371661623,0.1725851286791469,0.1971748485679556,0.1855585049882538,0.0511163961056196,0.0163011643930698,0.2072134110912651,0.1326998412037366,13.12230704620061,0.0206780147770998,0.0192492269666449,1.567026753753893,2085432000.0,2082070000.0,1169104000.0,3340566000.0,532886000.0,102777000.0,451579500.0,75.03702424605633,34.91806388264874,153.79446419804515,1.19940790435503,2.577462493409385,0.5851966159464924,0.0254919124132634,0.0559539305471619,2008-07-31,0.57,bmo,561165000.0,2025-04-25,2008-06-30,0.0526315789473684,20.9178125,4968498.171875
2008-03-31,KLAC,USD,319201,2008-04-28,2008-04-28 06:17:08,2008,Q3,602219000.0,285650000.0,316569000.0,0.5256708938,96646000,94723000.0,0.0,94723000.0,0.0,191369000.0,477019000.0,0.0,0.0,26610000.0,125200000.0,0.2078977913,125200000.0,0.2078977913,36009000.0,161209000.0,0.2676916537,50229000.0,110980000.0,0.1842851189,0.62,0.61,178112000,180617000,https://www.sec.gov/Archives/edgar/data/319201/000119312508091840/0001193125-08-091840-index.htm,https://www.sec.gov/Archives/edgar/data/319201/000119312508091840/d10q.htm,3.38112535932447,0.6230910887531441,0.8321280991735537,0.774849532878189,3.637452838663313,16.782080937836866,14.196325907294288,16.782080937836866,0.0,6607955200.0,6044473200.0,14.88546404757614,10.97267804569434,44.58448168839231,47.880263749003696,2.2106912806238688,2.2106912806238688,10.037001821596462,48.27853993610224,40.78261679216258,43.79735671328165,0.0167949080526453,0.0208854321530509,0.0,0.0,-4.500654952076677,2.822144165350473,0.0,1.335483870967742,0.004018943711967,0.2392953685348711,0.1572899559794692,0.1604831464965403,0.1120295402219165,0.0688338326181415,0.0169406810479244,0.3833897031191281,0.0,15.33874878762129,0.0275623995234725,0.0304017229651897,0.9981191609773624,1792804000.0,2528536000.0,1654787000.0,2594544000.0,575939500.0,107965000.0,463329000.0,85.67574254548595,31.89746192893401,139.80010502363032,1.0504723662268614,2.8215411057003723,0.6437763404025152,0.0371283567908627,0.0572785662953647,2008-04-24,0.63,bmo,566247761.0,2025-04-25,2008-03-31,0.0634920634920635,36.81953125,4704297.78125
2007-12-31,KLAC,USD,319201,2008-01-28,2008-01-28 17:06:19,2008,Q2,635783000.0,285005000.0,350778000.0,0.551725982,97513000,159778000.0,0.0,159778000.0,0.0,257291000.0,542296000.0,0.0,0.0,28345000.0,93487000.0,0.1470423085,93487000.0,0.1470423085,13269000.0,106756000.0,0.1679126369,22821000.0,83935000.0,0.1320183144,0.46,0.45,181241000,185199000,https://www.sec.gov/Archives/edgar/data/319201/000119312508013481/0001193125-08-013481-index.htm,https://www.sec.gov/Archives/edgar/data/319201/000119312508013481/d10q.htm,3.507942463349904,0.4631126511109517,0.6975629134688067,0.5728174088644402,7.157342985306856,16.79409736207591,14.238207690312898,16.79409736207591,0.0,8728566560.0,8180923560.0,25.99799416214928,13.72884547086034,69.04036764298765,84.07565701516114,2.8676742168206037,2.8676742168206037,12.867477677131978,87.50867564474206,64.70867425470826,78.80062763682598,0.0096161264765563,0.0118940491873845,0.0,0.0,-5.857958860590243,2.988982795049804,0.0,1.506248883064276,0.0031105909330431,0.3234764996723655,0.2513090158119987,0.1533746577055379,0.1115193827375972,0.1788304713391917,0.0355608753301047,0.7976362674192979,0.0,13.228570460493618,0.022877067628782,0.0227429575680656,4.759288737095911,1871418000.0,2580547000.0,1702264000.0,2696375000.0,598777000.0,116870500.0,491617000.0,81.90459637958234,36.21757513026088,152.5072191715935,1.098839429998531,2.48498138476428,0.5901359980784681,0.0275759179625064,0.1247455046043665,2008-01-24,0.7,bmo,593413333.0,2025-04-25,2007-12-31,0.0714285714285715,43.05921875,4202370.609375
2007-09-30,KLAC,USD,319201,2007-10-31,2007-10-31 17:07:58,2008,Q1,693020000.0,305893000.0,387127000.0,0.5586086982,99344000,110505000.0,0.0,110505000.0,0.0,209849000.0,515742000.0,0.0,0.0,24952000.0,177278000.0,0.2558050273,177278000.0,0.2558050273,17474000.0,194752000.0,0.2810193068,106594000.0,88158000.0,0.12720845,0.47,0.46,187789000,193043000,https://www.sec.gov/Archives/edgar/data/319201/000119312507231240/0001193125-07-231240-index.htm,https://www.sec.gov/Archives/edgar/data/319201/000119312507231240/d10q.htm,3.690418501616175,0.4694524173407388,1.0925134060035466,1.0132595625941885,6.8317792841966245,16.28161393904861,13.731113110991592,16.28161393904861,0.0,10805379060.0,10291328060.0,30.64208313482611,15.591727598049118,52.66754593930649,56.78702883660309,3.534047681968453,3.534047681968453,14.849972670341405,58.05191879421022,50.16196010957195,54.0854642919082,0.0081587142394984,0.01760965524147,0.0,0.0,-2.899688624646036,2.935544433146077,0.0,2.3272079675128747,0.0026337808087965,0.3228181220082125,0.1594542726039652,0.1433493982857637,0.1142520455141814,0.0725426735945253,0.0214755706906005,0.596465213209362,0.0405226400392485,13.114017995741746,0.0248271122944633,0.023742144123686,4.594003109873316,1857782000.0,2578552000.0,1683014000.0,2715927000.0,600229500.0,105607500.0,517828000.0,80.38196588843034,35.02695386949031,147.194411117613,1.1196541289487671,2.56944981100378,0.6114362584601608,0.0288332851459423,0.0792538434093583,2007-10-25,0.76,bmo,693000000.0,2025-04-25,2007-09-30,0.0,41.28016393442624,5190829.967213115
2007-06-30,KLAC,USD,319201,2007-08-20,2007-08-17 18:30:31,2007,Q4,736388000.0,315681000.0,420707000.0,0.5713115912,123854000,121989000.0,0.0,121989000.0,0.0,245843000.0,561524000.0,0.0,0.0,36138000.0,211002000.0,0.2865364455,174864000.0,0.2374617729,21436000.0,196300000.0,0.266571427,48958000.0,147342000.0,0.2000874539,0.78,0.78,187789000,187789000,https://www.sec.gov/Archives/edgar/data/319201/000119312507185381/0001193125-07-185381-index.htm,https://www.sec.gov/Archives/edgar/data/319201/000119312507185381/d10k.htm,3.9213585460277214,0.7846146472903098,0.8278972676780855,0.6727177843217654,9.109314177081725,18.90441932168551,16.309549547630585,18.90441932168551,0.0,10319005550.0,9596494550.0,17.508594884690044,14.013000687137758,66.37296938316075,81.68358452928464,2.9067277373056437,2.9067277373056437,13.031845372276573,45.48058572904522,61.72569981346883,75.96430392071495,0.0142787014975488,0.0122423618620885,0.0,0.0,-3.4241902920351466,3.030888728828641,0.0,1.0551641758629582,0.0022324825670822,0.156350531416704,0.1656585930243295,0.1681912252779784,0.1053994712376512,0.1874380909500225,0.0395728882056741,0.8063810946925674,0.0849932372607918,18.26842622428185,0.0369720199299498,0.0356246105802254,7.142228778043442,2179564000.0,3062754000.0,2179564000.0,3049092000.0,540399000.0,92985000.0,532755500.0,71.06987077464598,26.27605082345785,152.63287939407186,1.266359415305245,3.425172245429393,0.5896501484954331,0.0415042976956328,0.1551794833563201,2007-07-26,0.85,bmo,695488888.0,2025-04-25,2007-06-30,0.0588235294117647,50.7428125,3611452.0625
2007-03-31,KLAC,USD,319201,2007-05-07,2007-05-07 13:45:02,2007,Q3,716208000.0,306751000.0,409457000.0,0.5717012376,106265000,120537000.0,0.0,120537000.0,0.0,226802000.0,533553000.0,0.0,0.0,29305000.0,182655000.0,0.2550306615,182655000.0,0.2550306615,20676000.0,203472000.0,0.2840962402,48546000.0,154785000.0,0.2161173849,0.78,0.76,197930000,203474000,https://www.sec.gov/Archives/edgar/data/319201/000119312507104090/0001193125-07-104090-index.htm,https://www.sec.gov/Archives/edgar/data/319201/000119312507104090/d10q.htm,3.61849138584348,0.7820188955691406,1.0034254534431364,0.888061435861163,8.009063810438034,16.729434648613147,14.378451977972013,16.729434648613147,0.0,10553627600.0,9949211600.0,17.045623929967373,14.735422670509124,53.13797832917104,60.04089114431031,3.1871967654579514,3.1871967654579514,13.891511404508188,54.469965782486106,50.09471723193426,56.60229385460876,0.0146665209221519,0.0166553157513346,0.0,0.0,-3.3090580602775725,2.862605095887856,0.0,1.2831217495235328,0.0022639608773006,0.1543625028265012,0.1682988740701025,0.1483717020753747,0.1071993066704632,0.1149701925400789,0.0318817997006456,0.779184439515441,0.0,17.156966957087803,0.0420008741980062,0.0399397439738168,6.038710655282171,1917619000.0,2845927000.0,1917619000.0,2746716000.0,473909000.0,99004500.0,547353500.0,62.74269485959386,27.52215966696115,155.54208462238103,1.4344299396352478,3.2700922125686263,0.57862153653462,0.0467450880436039,0.1153640175819734,2007-04-26,0.78,bmo,665042857.0,2025-04-25,2007-03-31,0.0769230769230768,57.80111111111111,4227112.142857143
2006-12-31,KLAC,USD,319201,2007-02-09,2007-02-09 06:11:58,2007,Q2,649270000.0,297772000.0,351498000.0,0.5413741587,108101000,165038000.0,0.0,165038000.0,0.0,273139000.0,570911000.0,0.0,0.0,29049000.0,78359000.0,0.1206878494,78359000.0,0.1206878494,23327000.0,101016000.0,0.1555839635,11637000.0,90049000.0,0.1386926856,0.45,0.44,199789000,204955000,https://www.sec.gov/Archives/edgar/data/319201/000119312507024847/0001193125-07-024847-index.htm,https://www.sec.gov/Archives/edgar/data/319201/000119312507024847/d10q.htm,3.249778516334733,0.4507205101381958,0.7489901846448003,0.6514172451936794,10.725765682795348,19.18303309992041,16.975949626856334,19.1679672054017,0.0,9939502750.0,9076118750.0,27.59470607669158,15.30873557995903,66.4227663058006,76.37194189602447,2.5954760599746862,2.5954760599746862,13.978959061715464,115.82739379011984,60.65302559476075,69.73797696433236,0.0090597087464963,0.0130938139737422,0.0,0.0,-11.01831314845774,3.4563573025899625,0.0,1.661761929616098,0.0024112876270394,0.2661550933380714,0.2541900904092288,0.1664962188303787,0.0910542570220751,0.1302726543704891,0.0300244890415389,0.6710730145616028,0.0,13.942252652833558,0.018090282944273,0.0204574198102266,8.76621836037019,2481336000.0,3391608000.0,2481336000.0,3277344000.0,431961500.0,105725500.0,527777000.0,62.17259383615445,31.49510363633921,170.6370645997609,1.4475831624007849,2.857587040804576,0.527435233435949,0.0235142571618746,0.0975729394511209,2007-02-05,0.71,bmo,640281944.0,2025-04-25,2006-12-31,0.0140845070422535,55.02111111111111,4550429.603174604
2006-09-30,KLAC,USD,319201,2007-01-29,2007-01-29 08:05:03,2007,Q1,629363000.0,270119000.0,359244000.0,0.5708057194,99293000,105961000.0,0.0,105961000.0,0.0,205254000.0,475373000.0,0.0,0.0,14798000.0,153990000.0,0.244675966,153990000.0,0.244675966,23300000.0,176447000.0,0.2803580763,41368000.0,135922000.0,0.2159675736,0.68,0.67,199416000,203323000,https://www.sec.gov/Archives/edgar/data/319201/000119312507014659/0001193125-07-014659-index.htm,https://www.sec.gov/Archives/edgar/data/319201/000119312507014659/d10q.htm,3.156030609379388,0.681600272796566,0.536406306414731,0.4746610101496369,12.164435150639868,18.801029004693707,18.451789224535645,18.78053917438921,0.0,8868029520.0,7668060520.0,16.310879622136223,14.090484378649524,82.90357415301773,93.68791421478,2.367876640125603,2.367876640125603,12.183843854818283,49.79583427495292,71.68555568020342,81.0106229993133,0.0153271930019466,0.0106737353305517,0.0,0.0,-7.792512500811741,3.873882778088596,0.0,0.786980768381866,0.0027243932764896,0.1777490031047218,0.1683622964807273,0.1577674569366168,0.0148457222836968,0.1151091915339166,0.0195642260507846,0.8320719016083254,0.0588642802325526,16.97110674210528,0.0314430348445738,0.029410549169876,10.234245246118666,2707074000.0,3679582000.0,2707074000.0,3170957000.0,427651000.0,101219500.0,470072000.0,59.40334910059855,35.73325090052903,163.59056563958848,1.5150660924451678,2.518662526690723,0.5501539752499043,0.036292902268006,0.061745296265094,2007-01-29,0.61,bmo,609343076.0,2025-04-25,2006-09-30,0.0655737704918033,51.127049180327866,4871315.868852459
2006-06-30,KLAC,USD,319201,2007-01-29,2007-01-29 08:02:41,2006,Q4,580541000.0,284148000.0,296393000.0,0.5105461974,102818000,128482000.0,0.0,128482000.0,0.0,231300000.0,515448000.0,0.0,0.0,17941000.0,83034000.0,0.1430286578,65093000.0,0.112124725,19381000.0,84474000.0,0.1455091027,-43327000.0,128982000.0,0.2221755225,0.65,0.65,199006000,199416000,https://www.sec.gov/Archives/edgar/data/319201/000119312507014655/0001193125-07-014655-index.htm,https://www.sec.gov/Archives/edgar/data/319201/000119312507014655/d10k.htm,2.917203501401968,0.6481312121242575,0.6722711878033828,0.598474417856748,11.687064711616737,17.956393274574637,17.602931569902417,17.929062440328433,0.0,8272679420.0,7143488420.0,16.034561838085935,14.249948616893551,61.83516526392896,69.45994475230899,2.318581919068742,2.318581919068742,12.304881860195922,86.03088397523906,53.39488750691402,59.978912006717046,0.0155913209555991,0.0143967865734122,0.0,0.0,-13.599140111279716,3.534473970080231,0.0,1.0372455071250253,0.0028874562626288,0.1851963839915647,0.2213142568741914,0.1771072155110492,0.0153720210030308,0.1097723229635387,0.0252970935730637,0.8185719859539602,0.0845917859375995,16.16968341877123,0.0275587935457636,0.028627232514421,9.435983085937108,2540762000.0,3503089000.0,2540762000.0,3006515000.0,448093500.0,96450500.0,443799500.0,68.19657870848053,30.15076650196377,142.2640314202458,1.319714298054781,2.9849987393898645,0.6326265261957983,0.0361497548620498,0.0737967699466347,2007-01-29,,amc,,2025-04-25,2006-06-30,,49.29095238095238,3677473.888888889
2006-03-31,KLAC,USD,319201,2006-05-04,2006-05-04 17:24:17,2006,Q3,518256000.0,226620000.0,291636000.0,0.5627257572,95927000,108364000.0,0.0,108364000.0,0.0,204291000.0,430911000.0,0.0,0.0,16629000.0,103974000.0,0.2006228582,87345000.0,0.168536399,17225000.0,104570000.0,0.201772869,7347000.0,98143000.0,0.1893716619,0.48,0.47,199876000,205361000,https://www.sec.gov/Archives/edgar/data/319201/000120677406001038/0001206774-06-001038-index.htm,https://www.sec.gov/Archives/edgar/data/319201/000120677406001038/kt125871.htm,2.5928875903059896,0.4910194320478697,0.5522273809762053,0.4504692909603954,11.433563809561928,17.131701655026117,17.131701655026117,17.0763223198383,0.0,9666003360.0,8704008360.0,24.62224346107211,18.65102065388534,87.57262255723565,107.35470978920011,2.831991519849569,2.831991519849569,16.794804806890802,83.71331640602459,78.85708399394801,96.67038761411848,0.0101534208446623,0.0093149150322662,0.0,0.0,-9.252264989324257,3.764982894071296,0.0,1.1246548403859675,0.0024840670032624,0.2446532101117756,0.209093575375876,0.185095782779167,0.0,0.1842684617266278,0.0392450835108517,1.2231042155270913,0.0859633077089315,13.735288018692971,0.0237158561175762,0.022503059854842,9.554076027136825,2591071000.0,3424216000.0,2591071000.0,2986194000.0,414080500.0,88425500.0,425119500.0,79.23867741039177,38.80420969023034,174.12351072279586,1.1358089627603618,2.3193359874730066,0.5168744853949088,0.0287544017295475,0.1017580900158098,2006-04-27,0.56,bmo,461866666.0,2025-04-25,2006-03-31,0.1249999999999999,42.70428571428571,4260360.396825396
2005-12-31,KLAC,USD,319201,2006-02-02,2006-02-01 21:18:41,2006,Q2,487970000.0,217103000.0,270867000.0,0.5550894522,98327000,96025000.0,0.0,96025000.0,0.0,194352000.0,411455000.0,0.0,0.0,17752000.0,94267000.0,0.1931819579,76515000.0,0.1568026723,16685000.0,93200000.0,0.1909953481,17806000.0,76649000.0,0.1570772793,0.39,0.38,198236000,203926000,https://www.sec.gov/Archives/edgar/data/319201/000120677406000147/0001206774-06-000147-index.htm,https://www.sec.gov/Archives/edgar/data/319201/000120677406000147/kt120335.htm,2.4615609677354264,0.3866552997437398,0.29784701063379,0.1932444157468875,11.23524485966222,16.67111422748643,16.310498597631106,16.626566314897396,0.0,9778981880.0,8814793880.0,31.89533418570366,20.040129270242023,165.62194092541154,255.2725770074136,2.9669385166918283,2.9669385166918283,18.06421271799496,93.508798200855,149.29194973240294,230.10321290592043,0.0078381370310914,0.0039173812233303,0.0,0.0,-10.228266519566764,3.894837976506332,0.0,0.7703166381818419,0.0024277578475275,0.3097365914754269,0.1967846383999016,0.2015021415250937,0.0171656578307883,0.3511957184472596,0.0424944156403057,1.1680937359170798,0.0742955509560013,12.026922906521266,0.0187292463612349,0.0187266265319569,9.343972588228173,2488753000.0,3233328000.0,2488753000.0,2948079000.0,339533500.0,68571500.0,403901000.0,68.58735168145583,32.80829836529205,170.7099395217938,1.312195292478884,2.7432084101993883,0.5272100748914511,0.0232552706566536,0.1046025948869024,2006-01-26,0.47,bmo,458438000.0,2025-04-25,2005-12-31,0.0638297872340426,44.55619047619047,4773538.031746032
2005-09-30,KLAC,USD,319201,2005-11-08,2005-11-07 20:44:07,2006,Q1,483860000.0,214220000.0,269640000.0,0.5572686314,96751000,92051000.0,0.0,92051000.0,0.0,188802000.0,403022000.0,0.0,0.0,17114000.0,97952000.0,0.2024387219,80838000.0,0.1670689869,14776000.0,95614000.0,0.1976067458,19681000.0,76678000.0,0.1584714587,0.38,0.37,197408000,203292000,https://www.sec.gov/Archives/edgar/data/319201/000120677405001764/0001206774-05-001764-index.htm,https://www.sec.gov/Archives/edgar/data/319201/000120677405001764/kl108032.htm,2.451065812935646,0.388423974712271,0.0605953152861079,-0.0308346166315448,11.057029097098397,16.079429405089964,15.720502715188848,16.02833725076998,0.0,9625614080.0,8761832080.0,31.38323273950807,19.89338668209813,804.6826684500919,-1581.339589288648,3.0421121815151246,3.0421121815151246,18.10819675112636,89.45026216922574,732.47216853369,-1439.4335600459997,0.0079660372172327,-0.0006323752385468,0.0,0.0,-8.818421267559621,3.762574294421934,0.0,0.156003025639688,0.0024631155792192,0.3092021179477816,0.1902430455090315,0.1999565990162443,0.0175792773181547,1.5088613944156497,0.0373021121812094,1.0546336332826924,0.0719794982019592,11.835551758025,0.0202250334990693,0.0193643880423552,8.88897359782785,2365841000.0,3103353000.0,2365841000.0,2819409000.0,320206000.0,62859000.0,377172500.0,57.13937915926095,24.367892820464945,166.37354121930727,1.5750958677578335,3.693384596817297,0.5409513997262668,0.0242335788569467,0.0914299319176527,2005-10-27,0.48,bmo,464928000.0,2025-04-25,2005-09-30,0.0416666666666667,51.58951612903226,4253091.177419355
2005-06-30,KLAC,USD,319201,2005-09-02,2005-09-02 12:48:09,2005,Q4,491916000.0,207311000.0,284605000.0,0.5785642264,87157000,82208000.0,0.0,82208000.0,0.0,169365000.0,376676000.0,0.0,0.0,17455000.0,132695000.0,0.2697513397,115240000.0,0.2342676392,15701000.0,130941000.0,0.2661856902,26945000.0,105050000.0,0.2135527204,0.53,0.53,196652000,197408000,https://www.sec.gov/Archives/edgar/data/319201/000120677405001516/0001206774-05-001516-index.htm,https://www.sec.gov/Archives/edgar/data/319201/000120677405001516/kt71640.htm,2.5014543457478187,0.5341923804487114,0.7814616683278075,0.7542867603685699,11.162795191505808,15.532565140451153,15.234220857148667,15.485512478896732,0.0,8589759360.0,7715250360.0,20.44207367920038,17.461841777864514,55.8952559931284,57.90901059784808,2.820700965468596,2.820700965468596,15.684080940648403,58.14273604883379,50.2046536869778,52.01339131138258,0.0122296790395767,0.0172684697886577,0.0,0.0,-6.590368891065978,3.436823263530437,0.0,1.4628843407901,0.0027525800210542,0.2250737743931461,0.1671179632294944,0.1771786239927142,0.0147176430097341,0.034774460553372,0.0108636433862692,0.306158693784016,0.0059278413387651,13.642780596539938,0.0299641995298586,0.0267459191150448,8.606101132965849,2270783000.0,2995840000.0,2270783000.0,2714675000.0,389222500.0,66553000.0,355942500.0,60.96492084014344,29.398005894525618,155.5658406934509,1.4762587855397968,3.0614321366865043,0.5785331766846478,0.0344962674743051,0.0271749079592376,2005-07-28,0.48,bmo,450923000.0,2025-04-25,2005-06-30,0.0833333333333334,49.86571428571428,3893183.904761905
2005-03-31,KLAC,USD,319201,2005-05-09,2005-05-09 17:06:32,2005,Q3,541611000.0,221838000.0,319773000.0,0.5904108299,88812000,76114000.0,0.0,76114000.0,0.0,164926000.0,386764000.0,0.0,0.0,16739000.0,154847000.0,0.2859007664,154847000.0,0.2859007664,8381000.0,162139000.0,0.2993643039,40065000.0,123163000.0,0.227401216,0.63,0.61,196883000,202329000,https://www.sec.gov/Archives/edgar/data/319201/000120677405000877/0001206774-05-000877-index.htm,https://www.sec.gov/Archives/edgar/data/319201/000120677405000877/kl71491.htm,2.7509282162502604,0.6255644215092212,0.922253317960413,0.8854548132647309,10.708613745219242,15.148865061991131,14.82186882564772,15.109877439900854,0.0,9058586830.0,8252425830.0,18.387394814189324,16.725263759414045,49.8886792858087,51.96199660416105,3.045028007871247,3.045028007871247,15.236813561762965,53.29406336577396,45.4488799731242,47.33768423286736,0.0135962708434953,0.0192448340200984,0.0,0.0,-5.206177710901729,3.3442849788605478,0.0,1.4742739296704368,0.0,0.0,0.1405325962729708,0.1639774672227853,0.0162590661719748,0.0399006476626867,0.0133767593346516,0.432821554453671,0.0,14.583365151594924,0.0390886044569886,0.0316187096255779,8.339746194440353,2290561000.0,2918174000.0,2290561000.0,2747714000.0,445721500.0,54691000.0,352230500.0,73.983781717875,26.528412625429368,143.43412760663188,1.216482827860844,3.392588967563352,0.6274657328890725,0.0414010255210465,0.0367985046956822,2005-04-28,0.56,bmo,497206557.0,2025-04-25,2005-03-31,0.0892857142857141,48.93359375,4326994.828125
2004-12-31,KLAC,USD,319201,2005-02-03,2005-02-03 16:33:40,2005,Q2,532853000.0,217735000.0,315118000.0,0.5913788606,87161000,72449000.0,0.0,72449000.0,0.0,159610000.0,377345000.0,0.0,0.0,18069000.0,155508000.0,0.2918403387,155508000.0,0.2918403387,9012000.0,163285000.0,0.3064353583,42443000.0,122077000.0,0.2291007088,0.62,0.61,195681000,200946000,https://www.sec.gov/Archives/edgar/data/319201/000120677405000097/0001206774-05-000097-index.htm,https://www.sec.gov/Archives/edgar/data/319201/000120677405000097/kl71400.htm,2.7230696899545688,0.6238571961508782,0.4003965637951564,0.2507141725563545,6.7682197045190895,14.549067104113329,14.549067104113329,14.504274814621755,0.0,9114820980.0,8122779980.0,18.666130761732347,17.10569515419825,116.33466470963624,185.7892576437016,3.211467005095816,3.211467005095816,15.243941537347071,52.23383993106464,103.673005488194,165.56828332653893,0.0133932416520154,0.005382442519458,0.0,0.0,-6.379356689044936,2.682684039229773,0.0,0.6418080391883811,0.0,0.0,0.1359643278727904,0.1635741940084789,0.0,0.3738353541799617,0.0549682557853666,1.6210083568542808,0.0,14.26861643279277,0.0404241171421831,0.0324184354108941,4.680278105692428,1545865000.0,2846976000.0,1545865000.0,1943585000.0,405872500.0,48562500.0,362199500.0,75.36682724879094,18.184352538636418,145.04948676143016,1.1941593309070049,4.949310117518696,0.6204778935069746,0.0430119536567224,0.1496823912388019,2005-01-20,0.59,bmo,515427868.0,2025-04-25,2004-12-31,0.0338983050847458,43.36078125,5469784.109375
2004-09-30,KLAC,USD,319201,2004-11-03,2004-11-03 14:39:28,2005,Q1,518773000.0,215469000.0,303304000.0,0.5846564875,77147000,69190000.0,0.0,69190000.0,0.0,146337000.0,361806000.0,0.0,0.0,18590000.0,156967000.0,0.3025735726,156967000.0,0.3025735726,6985000.0,163952000.0,0.3160380359,47547000.0,116405000.0,0.2243852321,0.59,0.58,196110000,199969000,https://www.sec.gov/Archives/edgar/data/319201/000120677404001581/0001206774-04-001581-index.htm,https://www.sec.gov/Archives/edgar/data/319201/000120677404001581/kt71320.htm,2.6453164040589465,0.5935699352404263,0.4749018408036306,0.3841568507470297,6.292973331293662,13.69067360155015,13.69067360155015,13.69067360155015,0.0,8134642799.999999,7185876799.999999,17.47056140200163,15.680543898776534,87.34436558470144,107.97672856630872,3.0297997897856064,3.0297997897856064,13.85167847979752,45.77953837430797,77.1571494529329,95.38310259235168,0.014309786288342,0.0092612548396101,0.0,0.0,-6.044366013238451,2.56155531421488,0.0,0.8000773162664834,0.0,0.0,0.1333723998743188,0.1487105150036721,0.0,0.191081571516004,0.0343040212193001,0.9572888649811728,0.0,13.521959010035255,0.0415086604291212,0.0324247278626476,4.027712763245118,1413409000.0,2684878000.0,1413409000.0,1793648000.0,369151000.0,58561500.0,355449000.0,63.41426789751973,22.19289085668936,156.00183785138466,1.4192389659917544,4.055352706466913,0.5769162802154845,0.0433557874882955,0.0907449900566008,2004-10-21,0.57,bmo,509855172.0,2025-04-25,2004-09-30,0.0175438596491228,46.569836065573774,6050123.737704918
2004-06-30,KLAC,USD,319201,2004-08-30,2004-08-30 17:27:34,2004,Q4,450438000.0,187498000.0,262940000.0,0.5837429347,77110000,64255000.0,0.0,64255000.0,0.0,141365000.0,328863000.0,0.0,0.0,21258000.0,142833000.0,0.3170980246,121575000.0,0.2699039601,6716000.0,128291000.0,0.2848138923,32124000.0,96167000.0,0.213496641,0.49,0.49,196110000,196110000,https://www.sec.gov/Archives/edgar/data/319201/000120677404001081/0001206774-04-001081-index.htm,https://www.sec.gov/Archives/edgar/data/319201/000120677404001081/kl71293.htm,2.296864004895212,0.490372749987252,1.002610779664474,0.9127122533272144,5.778155117026159,13.398347865993577,13.293197695171076,13.398347865993577,0.0,9683911800.0,8881233800.0,25.174726777376858,21.498878424999667,49.2514154062109,54.10248390989541,3.685529028943313,3.685529028943313,19.716884010674057,62.17914487548395,45.16907467119651,49.618048851345314,0.0099305943699322,0.0184834397190606,0.0,0.0,-5.6196957285781295,2.403940638132398,0.0,2.044589100211091,0.0,0.0,0.1426500428471843,0.1711889316620711,0.0058264925283519,0.0896644322608863,0.0391396818208055,0.8293348386489792,0.0,12.158501366841834,0.0346835199802011,0.0273313669975029,3.415490031104992,1279873000.0,2606929000.0,1279873000.0,1676546000.0,367534000.0,65731000.0,323871000.0,74.48210408535691,30.7160076374148,161.9604475781075,1.2083439519493095,2.9300682908534013,0.5556912279869833,0.0365994938250461,0.0898985263372597,2004-07-29,0.45,bmo,422250000.0,2025-04-25,2004-06-30,0.0666666666666666,44.9634375,5797130.296875
2004-03-31,KLAC,USD,319201,2004-05-05,2004-05-05 17:27:34,2004,Q3,389772000.0,170605000.0,219167000.0,0.5622953932,69149000,62265000.0,0.0,62265000.0,0.0,131414000.0,302019000.0,0.0,0.0,20274000.0,87753000.0,0.2251393122,87753000.0,0.2251393122,4909000.0,92662000.0,0.2377338547,26480000.0,66182000.0,0.1697967017,0.34,0.33,196159000,203150000,https://www.sec.gov/Archives/edgar/data/319201/000120677404000452/0001206774-04-000452-index.htm,https://www.sec.gov/Archives/edgar/data/319201/000120677404000452/kla123456.htm,1.987020733180736,0.3373895666270729,0.4578632639848286,0.3828985669788284,5.960124184972395,12.684266334962963,12.684266334962963,12.684266334962963,0.0,9862874520.0,9086626520.0,37.25663518781542,25.30421507958499,109.81444451867192,131.31415036813164,3.96396596162665,3.96396596162665,23.312671305275902,103.54775927888504,101.17160487229162,120.97919716678427,0.0067102141333944,0.0076153255166831,0.0,0.0,-8.84582863263934,2.666699472978601,0.0,1.35707594209906,0.0,0.0,0.1597472368461562,0.177408844144782,0.0,0.1637272585565724,0.0377271840973697,0.725313209036204,0.0,9.812727971316097,0.0251899090137964,0.0199264987929447,3.888907722816695,1388649000.0,2488133000.0,1388649000.0,1762900000.0,304068000.0,59596500.0,299341500.0,83.6554447215295,35.59327100612526,163.70868380176432,1.0758415103713823,2.528567829141409,0.54975703127014,0.0265990604200016,0.0749646970060002,2004-04-21,0.29,bmo,342551515.0,2025-04-25,2004-03-31,0.1379310344827587,39.68328125,7049531.75
2003-12-31,KLAC,USD,319201,2004-02-06,2004-02-06 09:04:24,2004,Q2,338538000.0,156369000.0,182169000.0,0.5381050281,68930000,62177000.0,0.0,62177000.0,0.0,131107000.0,287476000.0,0.0,0.0,21450000.0,51062000.0,0.1508309259,51062000.0,0.1508309259,7332000.0,58394000.0,0.1724887605,13879000.0,44515000.0,0.1314918857,0.23,0.22,194872000,202450000,https://www.sec.gov/Archives/edgar/data/319201/000114043704000090/0001140437-04-000090-index.htm,https://www.sec.gov/Archives/edgar/data/319201/000114043704000090/kl906262.htm,1.7372326450182685,0.2284319963873722,0.1719436347961739,0.1038219959768463,5.449187158750359,12.309654542468902,12.309654542468902,12.309654542468902,0.0,11407806880.0,10746992880.0,64.06720700887341,33.6972714436784,340.460407676008,563.8496876235666,4.755616804519914,4.755616804519914,31.74530741009872,210.4694857232384,320.73873757722265,531.1878647686833,0.0039021523127326,0.0017735223091364,0.0,0.0,-12.941404566996985,2.917457164658133,0.0,0.7527125687970347,0.0,0.0,0.1836632815223106,0.2036108206464267,0.0,0.3961858716089175,0.0392127323963631,0.6188811188811189,0.0,7.954129534049516,0.0162270907879675,0.0144885177317129,3.6784466213719775,1291649000.0,2398807000.0,1291649000.0,1666341000.0,227224000.0,50567000.0,281131000.0,65.35659216985981,29.769199777449497,165.96608023329432,1.3770607831891344,3.0232589613704035,0.5422794818886442,0.0185571411122278,0.0681216388193275,2004-01-22,0.19,bmo,292340909.0,2025-04-25,2003-12-31,0.1578947368421052,46.73919354838709,7330889.838709678
2003-09-30,KLAC,USD,319201,2003-11-07,2003-11-06 20:43:31,2004,Q1,317970000.0,155541000.0,162429000.0,0.5108312105,65452000,60009000.0,0.0,60009000.0,0.0,125461000.0,281002000.0,0.0,0.0,19944000.0,36968000.0,0.1162625405,36968000.0,0.1162625405,8401000.0,45369000.0,0.142683272,8532000.0,36837000.0,0.1158505519,0.19,0.18,192699000,200334000,https://www.sec.gov/Archives/edgar/data/319201/000120677403000806/0001206774-03-000806-index.htm,https://www.sec.gov/Archives/edgar/data/319201/000120677403000806/d13511.htm,1.650086404184765,0.1911634206716174,0.1543028246124785,0.1028339534714762,5.200888432218123,11.980124442783824,11.980124442783824,11.980124442783824,0.0,9943268400.0,9299079400.0,67.48152944050818,31.2710897254458,334.4073585794041,501.77979410577314,4.307133890506542,4.307133890506542,29.24514702644904,251.54402185674093,312.7422950158068,469.2712656439241,0.0037047174548763,0.0019929060750286,0.0,0.0,-17.42558428911491,2.8797009845253445,0.0,0.8071775660341505,0.0,0.0,0.1887253514482498,0.2058433185520646,0.0,0.3335575435528351,0.031191621851118,0.4972924187725632,0.0,7.17834488531094,0.0130020015213176,0.0124712991182032,3.3753716936777045,1212753000.0,2308558000.0,1212753000.0,1589931000.0,216071000.0,41652500.0,266353000.0,59.04528729125389,28.59104673365865,158.48959438347447,1.5242537402867593,3.1478385817210395,0.567860624226471,0.0159567141046488,0.0514688711410022,2003-10-22,0.17,bmo,300333333.0,2025-04-25,2003-09-30,0.0588235294117645,55.39548387096775,7948668.725806451
2003-06-30,KLAC,USD,319201,2003-09-16,2003-09-15 20:20:05,2003,Q4,308313000.0,157292000.0,151021000.0,0.4898301401,64084000,57855000.0,0.0,57855000.0,19961000.0,141900000.0,299192000.0,0.0,0.0,16267000.0,25388000.0,0.0823448898,29082000.0,0.0943262204,9552000.0,38634000.0,0.125307723,9275000.0,29359000.0,0.0952246581,0.15,0.15,189511000,192699000,https://www.sec.gov/Archives/edgar/data/319201/000031920103000112/0000319201-03-000112-index.htm,https://www.sec.gov/Archives/edgar/data/319201/000031920103000112/fy2003kla10k.htm,1.6268870936251725,0.154919767190295,0.3119396763248571,0.2705489391117138,5.049648833049269,11.690830611415697,11.690830611415697,11.690830611415697,0.0,8804681060.0,8197778060.0,74.97429289144726,28.55760561507299,148.93905304824412,171.72493875799657,3.974054671071309,3.974054671071309,26.58914174880722,322.89971876477074,138.67274612626022,159.8880102200031,0.0033344762632435,0.0058232660161798,0.0,0.0,-23.905112651646448,2.7745432036568283,0.0,2.0135563200381483,0.0,0.0,0.1876502126086152,0.2078537071093337,0.0,0.1326882739021584,0.0254416777755073,0.4822032335402963,0.0,6.383624912468473,0.0099750725313341,0.0102417605265058,3.181655682255911,1155327000.0,2215541000.0,1155327000.0,1538056000.0,227672000.0,32018500.0,263660000.0,65.25235718247366,19.393039696869515,148.08070340513186,1.379260518487038,4.64084029150562,0.6077766915637232,0.0132513909695194,0.0413907372131433,2003-07-24,0.15,bmo,308313000.0,2025-04-25,2003-06-30,0.0,57.05453125,7667655.859375
2003-03-31,KLAC,USD,319201,2003-05-14,2003-05-14 16:50:39,2003,Q3,304298000.0,156731000.0,147567000.0,0.484942392,61419000,60548000.0,0.0,60548000.0,0.0,121967000.0,278698000.0,0.0,0.0,19747000.0,25600000.0,0.0841280587,25600000.0,0.0841280587,10372000.0,35972000.0,0.1182130675,8633000.0,27339000.0,0.0898428514,0.14,0.14,190064000,194393000,https://www.sec.gov/Archives/edgar/data/319201/000031920103000018/0000319201-03-000018-index.htm,https://www.sec.gov/Archives/edgar/data/319201/000031920103000018/q3fy2003kla10q.htm,1.601029127030895,0.1438410219715464,0.4694839632965737,0.4707098661503494,4.764016331341022,11.1807391194545,11.1807391194545,11.1807391194545,0.0,6830900160.0,6262884160.0,62.46479534730604,22.448061308322764,76.55213555675094,76.35276543899849,3.2144565413805566,3.2144565413805566,20.581417426338653,244.6439125,70.1865268065268,70.0037350919354,0.0040022543676,0.0130971025640052,0.0,0.0,-22.188125,2.682872531309482,0.0,3.263908701854493,0.0,0.0,0.1989760037857626,0.2018383295322348,0.0,0.0026111708804016,0.0007656967840735,0.0117992606471869,0.0,6.015446881166904,0.0091556172007212,0.0098167990462921,2.913341032494318,1110467000.0,2125056000.0,1110467000.0,1497716000.0,244685000.0,26545500.0,279238500.0,68.56045718341889,17.309657948969893,154.19342695446338,1.312710032828751,5.199409501061571,0.5836824680378816,0.0128650727322009,0.0012259028537755,2003-04-23,0.12,bmo,260828571.0,2025-04-25,2003-03-31,0.1666666666666668,53.2309375,9029986.203125
2002-12-31,KLAC,USD,319201,2003-02-13,2003-02-12 18:08:45,2003,Q2,334918000.0,171138000.0,163780000.0,0.4890152216,71935000,65089000.0,0.0,65089000.0,0.0,137024000.0,308162000.0,0.0,0.0,17795000.0,44551000.0,0.13302062,26756000.0,0.0798882114,11702000.0,38458000.0,0.1148281072,9230000.0,29228000.0,0.0872691226,0.15,0.15,189018000,193519000,https://www.sec.gov/Archives/edgar/data/319201/000031920103000008/0000319201-03-000008-index.htm,https://www.sec.gov/Archives/edgar/data/319201/000031920103000008/q2fy2003kla.txt,1.7718841591806072,0.1546307759049402,0.1752954745050736,-0.4560729665957739,4.262276608576961,11.109000201039054,11.109000201039054,11.109000201039054,0.0,6685566659.999999,6154971659.999999,57.18460602846586,19.961801575310968,201.77360596366267,-77.55337981115002,3.18390488431999,3.18390488431999,18.37754811625532,138.1556342169648,185.7599945675137,-71.3984137995035,0.0043718059345473,-0.0128943445461061,0.0,0.0,-11.909833673767142,2.6248277768817823,0.0,1.1336389763240728,0.0,0.0,0.1943430929361814,0.2147839172573585,0.0,3.601738395605722,0.3563260260720534,6.706378196122507,0.0,6.216940542890301,0.0096840149816099,0.0106250949707835,2.606898549344507,1057836000.0,2099801000.0,1057836000.0,1458203000.0,256867500.0,29928000.0,304426000.0,69.21243408834401,12.067629632226623,152.48536268975914,1.3003443844370848,7.45796836187737,0.5902205851922361,0.0139194142683044,0.6313684411008476,2003-01-23,0.14,bmo,310995285.0,2025-04-25,2002-12-31,0.0714285714285712,42.67031746031746,10844619.80952381
2002-09-30,KLAC,USD,319201,2002-11-13,2002-11-12 21:27:21,2003,Q1,375520000.0,186344000.0,189176000.0,0.5037707712,70853000,70441000.0,0.0,70441000.0,0.0,141294000.0,327638000.0,0.0,0.0,17639000.0,65521000.0,0.1744807201,57284000.0,0.1525458032,10170000.0,67454000.0,0.1796282488,16189000.0,51265000.0,0.1365173626,0.27,0.26,189279000,194090000,https://www.sec.gov/Archives/edgar/data/319201/000031920102000052/0000319201-02-000052-index.htm,https://www.sec.gov/Archives/edgar/data/319201/000031920102000052/q1fy2003kla.txt,1.983949619344988,0.2708435695454858,0.3422196862832115,0.3062146355380153,3.9721892021830207,10.790790314826262,10.790790314826262,10.790790314826262,0.0,5288455260.0,4852809260.0,25.789794499170977,14.083018907115466,81.6434621381706,91.2431894409938,2.589245012166641,2.589245012166641,12.922904931827864,74.06494497947223,74.91793531455036,83.72686783988958,0.0096937569629737,0.0109597221022911,0.0,0.0,-6.648952244318616,2.532008710263192,0.0,1.2635326245976788,0.0,0.0,0.1875825521942906,0.1886796974861525,0.0,0.1052103434967194,0.0181481678738815,0.3863597709620727,0.0,8.109183914513162,0.0213152731892152,0.018944552124772,2.3237945044088355,1016618000.0,2042470000.0,1016618000.0,1310643000.0,266590000.0,44948500.0,320956000.0,61.39662334895611,17.826224616837674,154.01966255956725,1.4658786605978749,5.048741499363299,0.5843409763684713,0.0250995118655353,0.0360050507451962,2002-10-22,0.23,bmo,375500000.0,2025-04-25,2002-09-30,0.0,35.82852459016394,12950945.459016394
2002-06-30,KLAC,USD,319201,2002-09-20,2002-09-20 13:45:11,2002,Q4,373194000.0,186112000.0,187082000.0,0.5012995922,68945000,70914000.0,0.0,70914000.0,0.0,139859000.0,325971000.0,0.0,0.0,18048000.0,65271000.0,0.1748983103,47223000.0,0.1265374041,10960000.0,58183000.0,0.1559055076,11679000.0,46504000.0,0.1246107922,0.25,0.25,187997000,189279000,https://www.sec.gov/Archives/edgar/data/319201/000031920102000008/0000319201-02-000008-index.htm,https://www.sec.gov/Archives/edgar/data/319201/000031920102000008/fy02_10k0920.txt,1.9851061453108296,0.2473656494518529,0.5331627632355835,0.5184018893918519,3.5816848141193742,10.799257434959069,10.799257434959069,10.799257434959069,0.0,7768036040.0,7338216040.0,41.76004236194736,20.815007851144443,77.49978589885566,79.70649962034928,3.826188999462129,3.826188999462129,19.66327443635214,112.42689770342112,73.21157742460068,75.29618953805742,0.0059865839654369,0.0125460283008676,0.0,0.0,-6.585160331540807,2.3553622598146884,0.0,2.155362979528643,0.0,0.0,0.1900191321403881,0.184743055890502,0.0,0.0276854928017718,0.0074358108651264,0.1537566489361702,0.0,7.752787879364367,0.0185910089594692,0.0171114147972674,1.888958334441507,931798000.0,2030228000.0,931798000.0,1232358000.0,275784500.0,42893500.0,321264500.0,66.80316403800704,25.62392537826685,156.2040061898212,1.3472415759947438,3.512342417151053,0.5761696015058078,0.022905801712911,0.0147608738437315,2002-07-30,0.2,bmo,317214900.0,2025-04-25,2002-06-30,0.15,35.82125,16366890.359375
2002-03-31,KLAC,USD,319201,2002-05-13,2002-05-13 15:28:01,2002,Q3,357108000.0,182102000.0,175006000.0,0.4900646303,71479000,66430000.0,0.0,66430000.0,0.0,137909000.0,320011000.0,0.0,0.0,18197000.0,37097000.0,0.1038817389,37097000.0,0.1038817389,9050000.0,46147000.0,0.1292242123,11998000.0,34149000.0,0.0956265331,0.18,0.17,187443000,197669000,https://www.sec.gov/Archives/edgar/data/319201/000089161802002335/0000891618-02-002335-index.htm,https://www.sec.gov/Archives/edgar/data/319201/000089161802002335/f81544e10-q.htm,1.90515516717082,0.1821833837486595,0.6853816893669009,0.6047865217692845,3.09663737776284,10.10913717770202,10.10913717770202,10.10913717770202,0.0,12843594360.0,12537132360.0,94.02613810067643,35.96557444806613,99.97349077605664,113.29617564813915,6.778026531397387,6.778026531397387,35.10739708995598,337.95542388872417,97.58801556783683,110.59280682409604,0.0026588351393558,0.0088264232599136,0.0,0.0,-8.26109928026525,2.085641380606447,0.0,3.762042812381036,0.0,0.0,0.1860221557624024,0.2001607356878031,0.0,0.1175916556394489,0.0423037288439351,0.8301917898554707,0.0,6.4372842411062905,0.0144873846594899,0.012884139706648,1.0165263573459664,820290000.0,1894887000.0,820290000.0,1126554000.0,319991000.0,37672500.0,327491500.0,69.1966295910481,16.21020087643189,157.91243369100837,1.3006413828520231,5.552059514009573,0.569936121534961,0.0180216551171653,0.0805951675976163,2002-04-18,0.15,bmo,315088235.0,2025-04-25,2002-03-31,0.1333333333333334,36.54328125,16188758.0625
2001-12-31,KLAC,USD,319201,2002-02-13,2002-02-13 00:00:00,2002,Q2,404148000.0,201811000.0,202337000.0,0.5006507517,74061000,71996000.0,0.0,71996000.0,0.0,146057000.0,347868000.0,0.0,0.0,15456000.0,71736000.0,0.1774993319,56280000.0,0.1392559161,10001000.0,66281000.0,0.1640018013,17233000.0,49048000.0,0.1213614814,0.26,0.25,186200000,194637000,https://www.sec.gov/Archives/edgar/data/319201/000089161802000664/0000891618-02-000664-index.htm,https://www.sec.gov/Archives/edgar/data/319201/000089161802000664/f79118e10-q.txt,2.170504833512352,0.2634156820622986,0.1930719656283566,0.0877712137486573,2.9596723952738992,9.77562298603652,9.77562298603652,9.77562298603652,0.0,9228072000.0,8925056000.0,47.03592399282336,22.83339766620149,256.6918497913769,564.6498194945848,5.069753617829923,5.069753617829923,22.08363272860437,124.4153005464481,248.26303198887345,546.1087927553081,0.0053150864015798,0.0017710091555419,0.0,0.0,-4.224043715846994,2.102208091028205,0.0,0.7329554721905073,0.0,0.0,0.1781426606094797,0.1832521749458119,0.0,0.5453963838664813,0.048514405613785,1.2685688405797102,0.0,7.611746115060631,0.0228803265904122,0.0188243602143109,1.1146683673469389,865607000.0,1820221000.0,865607000.0,1175933000.0,366981000.0,48678500.0,348325500.0,81.37541197779032,18.973891413252996,149.60681033243975,1.1059851841310933,4.743360127861608,0.6015768921215012,0.0269461785134881,0.1053007518796992,2002-01-23,0.24,bmo,387936000.0,2025-04-25,2001-12-31,0.0416666666666667,56.33234375,13325231.734375
2001-09-30,KLAC,USD,319201,2001-11-14,2001-11-14 00:00:00,2002,Q1,502832000.0,244368000.0,258464000.0,0.5140166099,72923000,81248000.0,0.0,81248000.0,0.0,154171000.0,398539000.0,0.0,0.0,17889000.0,122182000.0,0.2429877176,104293000.0,0.2074112228,12552000.0,116845000.0,0.2323738346,30380000.0,86465000.0,0.171956041,0.46,0.44,187717000,195079000,https://www.sec.gov/Archives/edgar/data/319201/000089161801502223/0000891618-01-502223-index.htm,https://www.sec.gov/Archives/edgar/data/319201/000089161801502223/f77237e10-q.txt,2.678670551947879,0.4606135832130281,0.1033150966614638,-0.0627274034850333,3.1166117080498834,9.576181166330167,9.576181166330167,9.576181166330167,0.0,5800455300.0,5461284300.0,16.771107673625163,11.535573113882966,299.08504176549445,-492.60766878980894,3.226755996288409,3.226755996288409,10.86105160371655,44.69794486912966,281.59659172940087,-463.80333757961785,0.014906588453496,-0.002030013057768,0.0,0.0,-2.7759489941235205,2.052682479771365,0.0,0.2242988492453594,0.0,0.0,0.1615808063130429,0.1450245807744932,0.0,1.607146540167062,0.0619869061634899,1.742355637542624,0.0,9.962212616267042,0.0429328198895588,0.0329154488096534,1.133454881550419,872958000.0,1797612000.0,872958000.0,1178961000.0,385278000.0,57775500.0,377793500.0,65.96411922868872,20.186726576311138,133.02187684148498,1.3643781051329154,4.458375143675539,0.6765804402778662,0.0480999236765219,0.1660425001464971,2001-10-18,0.43,bmo,491372727.0,2025-04-25,2001-09-30,0.0232558139534883,59.30583333333333,10924292.0
2001-06-30,KLAC,USD,319201,2001-09-21,2001-09-21 00:00:00,2001,Q4,467321000.0,221947000.0,245374000.0,0.5250652121,89067000,85047000.0,0.0,85047000.0,0.0,174114000.0,396061000.0,0.0,0.0,10680000.0,81940000.0,0.1753398627,73263000.0,0.1567723257,13577000.0,86840000.0,0.1858251609,20316000.0,-239851000.0,-0.5132467833,-1.3,-1.28,183939222,187717000,https://www.sec.gov/Archives/edgar/data/319201/000109581101505048/0001095811-01-505048-index.htm,https://www.sec.gov/Archives/edgar/data/319201/000109581101505048/f75863e10-k.txt,2.5406272513210912,-1.3039687642040805,1.2817385951540017,0.9758060192295476,3.789811615056195,9.570911417685563,9.570911417685563,9.570911417685563,0.0,10754926310.34,10225252310.34,-11.210007786438249,23.014001746850667,45.61772597085196,59.919695972120856,6.109136052806473,6.109136052806473,21.880575258419803,124.78950830290457,43.371078928495685,56.96868504666024,-0.0223015010125548,0.0166890032363527,0.0,0.0,-6.464168904076153,1.9276241381587973,0.0,-0.9829519159811716,0.0,0.0,0.1819883976966582,0.1905906218637724,0.0,0.238685623637397,0.1204161593422936,5.269007490636704,0.0,,0.0318798006134679,-0.087391708151898,1.151047328013598,912861000.0,1760466000.0,912861000.0,1203115000.0,470093000.0,59739500.0,405264000.0,77.42252113643512,24.63020450828351,159.93250640918777,1.1624524580050897,3.6540500493908463,0.5627373822913444,-0.1362429038674987,0.305932575924454,2001-07-31,0.26,bmo,413399346.0,2025-04-25,2001-06-30,0.1153846153846152,45.77796875,9136503.28125
2001-03-31,KLAC,USD,319201,2001-05-14,2001-05-14 00:00:00,2001,Q3,528790000.0,242693000.0,286097000.0,0.5410408669,89828000,83916000.0,0.0,83916000.0,0.0,173744000.0,416437000.0,0.0,0.0,15745000.0,128098000.0,0.242247395,112353000.0,0.2124718697,14606000.0,126959000.0,0.2400934208,35549000.0,91410000.0,0.1728663553,0.74,0.71,184510000,191717000,https://www.sec.gov/Archives/edgar/data/319201/000089161801500693/0000891618-01-500693-index.htm,https://www.sec.gov/Archives/edgar/data/319201/000089161801500693/f72712e10-q.txt,2.8659151265514065,0.4954203024226329,0.6879247737250014,0.5252289848788684,2.7686250067747005,10.233906021353857,10.233906021353857,10.233906021353857,0.0,7266003800.0,6828623800.0,19.872015643802648,13.740811664365816,57.24463125054165,74.97682179341658,3.847993123821003,3.847993123821003,12.91367801962972,53.30780964573998,53.79876781507772,70.46356206789805,0.0125805053941755,0.0133374551772185,0.0,0.0,-3.4144170869178287,3.015076423305985,0.0,1.3885679903730446,0.0,0.0,0.1586943777302899,0.1698746194141341,0.0,0.2365022965594939,0.0567692278598309,1.906573515401715,0.0,10.68067920880683,0.0428404038121946,0.0374552706379934,3.090763373258902,1112832000.0,1888258000.0,1112832000.0,1376388000.0,571547000.0,59962000.0,401478000.0,91.59698557083152,21.78270489878159,154.3142159023952,0.9825650859481988,4.131718279167163,0.5832255924945088,0.0484096982509805,0.162695788846133,2001-04-18,0.44,bmo,566133333.0,2025-04-25,2001-03-31,0.0909090909090908,48.23050847457627,8382793.322033898
2000-12-31,KLAC,USD,319201,2001-02-14,2001-02-14 00:00:00,2001,Q2,573056000.0,244436000.0,328620000.0,0.5734518092,96229000,94508000.0,0.0,94508000.0,0.0,190737000.0,435173000.0,0.0,0.0,14914000.0,152797000.0,0.2666353725,137883000.0,0.2406099927,13931000.0,151814000.0,0.2649200078,42508000.0,109306000.0,0.190742266,0.42,0.41,185247000,190893000,https://www.sec.gov/Archives/edgar/data/319201/000089161801000175/0000891618-01-000175-index.htm,https://www.sec.gov/Archives/edgar/data/319201/000089161801000175/f69522e10-q.txt,3.093469799780834,0.5900554394942968,0.1166874497292803,-0.0697879047973786,2.152364140849784,9.667535776557784,9.667535776557784,9.667535776557784,0.0,6240971430.0,5938972430.0,14.27408246116407,10.890683336358052,288.7199958364174,-482.7484088799505,3.484859097360965,3.484859097360965,10.363685974843646,38.868383737900615,274.74890960399705,-459.38833771658415,0.0175142605964469,-0.0020714723893552,0.0,0.0,-1.9764720511528369,2.8638307405192616,0.0,0.1977567562622363,0.0,0.0,0.1649193098056734,0.1679225067009158,0.0,1.5980754996299038,0.060280321643958,2.3162129542711547,0.0,11.329103963153129,0.0554339634554864,0.0466243160827145,2.6575855479440964,1031662000.0,1790882000.0,1031662000.0,1280100000.0,576154500.0,60160000.0,357299000.0,95.00448472749608,22.52798278485984,142.43016576936296,0.9473237001195196,3.995031461959631,0.631888613720614,0.0610347303730787,0.186475354526659,2001-01-17,0.55,bmo,483228070.0,2025-04-25,2000-12-31,0.0363636363636361,51.22222222222222,8135120.888888889
2000-09-30,KLAC,USD,319201,2000-11-14,2000-11-14 00:00:00,2001,Q1,534590000.0,228076000.0,306514000.0,0.573362764,80648000,90897000.0,0.0,90897000.0,0.0,171545000.0,399621000.0,0.0,0.0,14310000.0,149279000.0,0.2792401654,134969000.0,0.2524719879,12002000.0,146971000.0,0.2749228381,41153000.0,105818000.0,0.1979423483,-1.48,-1.48,187282000,195975000,https://www.sec.gov/Archives/edgar/data/319201/000089161800005067/0000891618-00-005067-index.htm,https://www.sec.gov/Archives/edgar/data/319201/000089161800005067/f66982e10-q.txt,2.8544654585064237,0.5650195961170854,0.1260719129441163,-0.0947661814803344,2.8128063561901304,9.59493704680642,9.59493704680642,9.59493704680642,0.0083617218953236,7714145580.0,7338358580.0,18.225031610879057,14.43002222263791,326.7182914743128,-434.64872549019606,4.292889030857132,4.292889030857132,13.727077910174152,49.158679921489295,310.8025318707382,-413.4752411539328,0.0137173973322914,-0.002300708460314,0.0008714723040425,0.0006720536818971,-2.517346713201455,2.994501249034155,0.0,0.223128390254966,0.0,0.0,0.1700312388933575,0.1508595372154361,0.0,1.7516835373342934,0.077365831758918,2.890216631726066,0.0,11.044449634839076,0.0540313042420055,0.0454121178231125,3.0328541984814343,1063492000.0,1796959000.0,1063492000.0,1291561000.0,514669000.0,57075500.0,305126500.0,92.15458575730932,23.3349848296182,129.33741384450795,0.976619874750634,3.85686987401708,0.6958543342160823,0.0588872645397029,0.2208380944244508,2000-10-12,0.51,bmo,361438888.0,2025-04-25,2000-09-30,0.0588235294117647,41.61451612903225,8976621.08064516
2000-06-30,KLAC,USD,319201,2000-09-28,2000-09-28 00:00:00,2000,Q4,482049000.0,206943000.0,275106000.0,0.5707013187,76387000,82615000.0,0.0,82615000.0,0.0,159002000.0,365945000.0,0.0,0.0,17907000.0,134011000.0,0.2780028586,116104000.0,0.2408551828,11258000.0,127362000.0,0.264209655,35662000.0,91700000.0,0.190229624,0.49,0.49,186038000,187282000,https://www.sec.gov/Archives/edgar/data/319201/000109581100003641/0001095811-00-003641-index.htm,https://www.sec.gov/Archives/edgar/data/319201/000109581100003641/f65839e10-k.txt,2.5911319192853077,0.4929100506348165,0.8163869747040927,0.5530913039271547,3.215171094077554,9.18455369333147,9.18455369333147,9.18455369333147,0.0,10894385280.0,10416173280.0,29.70115943293348,22.600161560339306,71.73068877198297,105.8776364484528,6.375922222820477,6.375922222820477,21.608121332063757,77.72625590436606,68.58205071142159,101.23010884776862,0.0084171798264142,0.0094448651626904,0.0,0.0,-3.5684533359201858,3.1359525652399727,0.0,1.6562595419847328,0.0,0.0,0.1713829921854417,0.158463143788287,0.0,0.3225133165217048,0.101614151258482,2.735410733232814,0.0,10.092624712425389,0.0489234334490423,0.0416155548687703,3.25752803190746,1056927000.0,1708676000.0,1056927000.0,1256646000.0,442666000.0,51139000.0,269056500.0,89.98151640185957,23.926588480886043,122.85513402241196,1.0002054154995332,3.761505743783627,0.7325701177744974,0.0536672839087106,0.263295670776938,2000-07-27,0.43,bmo,437207232.0,2025-04-25,2000-06-30,0.0930232558139534,31.96746031746032,6200527.333333333
2000-03-31,KLAC,USD,319201,2000-05-15,2000-05-15 00:00:00,2000,Q3,413017000.0,181372000.0,231645000.0,0.560860691,67498000,71700000.0,0.0,71700000.0,47000.0,139245000.0,320617000.0,0.0,0.0,16931000.0,109331000.0,0.2647130748,91100000.0,0.2205720346,10800000.0,101900000.0,0.2467210793,28522000.0,73347000.0,0.1775883317,0.4,0.38,184026000,195236000,https://www.sec.gov/Archives/edgar/data/319201/000089161800002841/0000891618-00-002841-index.html,https://www.sec.gov/Archives/edgar/data/319201/000089161800002841/,2.2443404736287262,0.3985686805125363,0.206699053394629,0.0760870746524947,2.6011596187495245,7.961184832578005,7.961184832578005,7.961184832578005,0.0771032354123873,15504190500.0,15138719500.0,52.84534643543703,37.53886764951564,407.5974157421526,1107.283995143551,10.582595652752609,10.582595652752609,36.653986397654336,138.46685295113005,397.9893658972607,1081.1826524782175,0.0047307855253713,0.0009031106783678,0.0096848945268639,0.0072503276673914,-3.3427939010893524,2.616613476979368,0.0,0.5189500395645175,0.0,0.0,0.1736006023965115,0.1634266870370953,0.0,0.6318944213681056,0.0581961517322531,1.4196444391943772,0.0,8.449513359704998,0.0443473129951919,0.0374790177898483,2.2664161585862868,795293000.0,1465065000.0,795293000.0,977699000.0,359991000.0,31181000.0,238912000.0,87.90044961829658,23.452241801380588,126.84515801777562,1.0238855476942452,3.8375862214887215,0.7095264920351767,0.0500639903348998,0.1306119787421342,2000-04-13,0.32,bmo,347789473.0,2025-04-25,2000-03-31,0.1875,53.22,5997890.968253968
1999-12-31,KLAC,USD,319201,2000-02-14,2000-02-14 00:00:00,2000,Q2,330800000.0,153400000.0,177400000.0,0.5362756953,55600000,60100000.0,0.0,60100000.0,0.0,115700000.0,269100000.0,0.0,0.0,15600000.0,77300000.0,0.2336759371,61600000.0,0.1862152358,6700000.0,68400000.0,0.2067714631,19200000.0,49200000.0,0.1487303507,0.14,0.13,361214000,381560000,https://www.sec.gov/Archives/edgar/data/319201/000089161800000899/0000891618-00-000899-index.html,https://www.sec.gov/Archives/edgar/data/319201/000089161800000899/,0.9158006057351044,0.1362073452302513,0.1566938158543135,0.1184893165824137,1.2350019655938032,3.784460181499056,3.784460181499056,3.784460181499056,0.1049239508989131,20116007660.0,19799007660.0,102.21548607723577,60.81018035066506,355.40649575971725,470.0001789719626,14.715440863204096,14.715440863204096,59.85189740024184,256.13205252263907,349.8057890459364,462.5936369158878,0.0024458133458475,0.0021276587642739,0.0277249451353328,0.0213100927748102,-4.100905562742561,2.759475218658892,0.0,1.1480730223123732,0.0,0.0,0.1816807738814994,0.1680773881499395,0.0,0.2438162544169611,0.0417170495767835,0.8846153846153846,0.0,3.4055988717346883,0.0315409822962874,0.0276637615968512,1.0607285431904632,724200000.0,1367000000.0,724300000.0,894900000.0,324450000.0,22100000.0,214300000.0,86.13663845223701,8.859191655801824,130.3650586701434,1.0448515476942517,10.158940397350994,0.6903690369036903,0.0359912216532553,0.0382044992718997,2000-01-13,0.24,bmo,303233333.0,2025-04-25,1999-12-31,0.0833333333333334,61.94730158730159,5679751.222222222
1999-09-30,KLAC,USD,319201,1999-11-12,1999-11-12 00:00:00,2000,Q1,273000000.0,136100000.0,136900000.0,0.5014652015,46700000,53400000.0,0.0,53400000.0,100000.0,100200000.0,236300000.0,0.0,0.0,12900000.0,49600000.0,0.1816849817,42700000.0,0.1564102564,12700000.0,55400000.0,0.2029304029,15900000.0,39500000.0,0.1446886447,0.11,0.11,355984000,375868000,https://www.sec.gov/Archives/edgar/data/319201/000089161899005130/0000891618-99-005130-index.html,https://www.sec.gov/Archives/edgar/data/319201/000089161899005130/,0.7668883994786283,0.1109600431480066,0.0168546900984313,-0.0162928670951503,1.123365095060452,3.6181401411299374,3.6181401411299374,3.6181401411299374,0.0460694862690458,11569480000.0,11268980000.0,73.22455696202532,42.37904761904762,1928.246666666667,-1994.7379310344827,8.98251552795031,8.98251552795031,41.27831501831502,227.19717741935483,1878.1633333333336,-1942.9275862068969,0.0034141551737848,-0.000501318987543,0.0127329192546583,0.0098729757389681,-6.058467741935484,2.906191369606004,0.0,0.1518987341772152,0.0,0.0,0.1956043956043956,0.171062271062271,0.0,1.9666666666666663,0.0432234432234432,0.9147286821705426,0.0,3.0055036497972414,0.0233401915427594,0.0237794232737342,1.065286642096274,711200000.0,1288000000.0,711200000.0,879700000.0,306200000.0,32150000.0,201050000.0,109.54945054945054,19.243203526818515,136.48787656135195,0.8215467950647005,4.676975945017182,0.6593992248062015,0.030667701863354,0.0331475571935817,1999-10-14,0.16,bmo,229894736.0,2025-04-25,1999-09-30,0.1875,70.40063492063491,3921803.365079365
1999-06-30,KLAC,USD,319201,1999-09-28,1999-09-28 00:00:00,1999,Q4,233700000.0,118900000.0,114800000.0,0.4912280702,43800000,48800000.0,0.0,48800000.0,-100000.0,92500000.0,211400000.0,0.0,0.0,13100000.0,35400000.0,0.1514762516,22300000.0,0.0954214805,13600000.0,35900000.0,0.1536157467,10100000.0,25800000.0,0.1103979461,0.0725,0.0725,352904000,355984000,https://www.sec.gov/Archives/edgar/data/319201/000089161899004364/0000891618-99-004364-index.html,https://www.sec.gov/Archives/edgar/data/319201/000089161899004364/,0.6622197538140684,0.0731077006778047,0.069707342506744,-0.0595062679935619,0.9382154920318272,3.492734568041167,3.492734568041167,3.492734568041167,0.0413710244145716,11448205760.0,11191305760.0,110.93222635658914,48.98675977749251,465.3742178861788,-545.1526552380952,9.287851500892424,9.287851500892424,47.88748720581943,316.1385807909605,454.9311284552846,-532.9193219047619,0.0022536282576388,-0.001834348581799,0.0118448807398993,0.0092119376616821,-7.257062146892656,2.674709054782856,0.0,0.9534883720930232,0.0,0.0,0.2088147197261446,0.1874197689345314,0.0,1.853658536585366,0.1951219512195122,3.480916030534351,0.0,2.396931444642492,0.0128497304714649,0.0162786295665341,0.8124730804978124,590000000.0,1232600000.0,590000000.0,758300000.0,288650000.0,32600000.0,197800000.0,107.86906290115532,26.644238856181666,148.13288477712365,0.8343448768297037,3.377840909090909,0.6075625958099131,0.0209313645951646,0.129213610500306,1999-07-28,0.13,bmo,215723076.0,2025-04-25,1999-06-30,0.0769230769230769,43.3896875,4321871.9375
1999-03-31,KLAC,USD,319201,1999-05-10,1999-05-10 00:00:00,1999,Q3,210900000.0,110700000.0,100200000.0,0.4751066856,39500000,47800000.0,0.0,47800000.0,-100000.0,87200000.0,197900000.0,0.0,0.0,13400000.0,26400000.0,0.1251778094,13000000.0,0.061640588,15900000.0,28900000.0,0.1370317686,8100000.0,20800000.0,0.0986249407,0.06,0.055,351520000,371856000,https://www.sec.gov/Archives/edgar/data/319201/000089161899002078/0000891618-99-002078-index.html,https://www.sec.gov/Archives/edgar/data/319201/,0.5999658625398271,0.059171597633136,0.0978607191624943,0.0907487482931269,0.8010923987255348,3.414599453800637,3.414599453800637,3.414599453800637,0.0466545289030496,8534905600.0,8306105600.0,102.583,40.46896917970602,248.10772093023257,267.5518996865204,7.11064367241523,7.11064367241523,39.38409483167378,314.62521212121214,241.45655813953488,260.3794858934169,0.0024370509733581,0.0037375925985637,0.0136632508539531,0.0106403685200804,-8.666666666666666,2.616715542521994,0.0,1.6538461538461535,0.0,0.0,0.2266477003319108,0.1872925557136083,0.0,0.0726744186046511,0.0118539592223802,0.1865671641791045,0.0,2.132150173315402,0.0076899822339796,0.013495101537663,0.7494594902139281,551300000.0,1200300000.0,551300000.0,697400000.0,291600000.0,26950000.0,204800000.0,126.82788051209104,24.390243902439025,162.52032520325204,0.7096231493943472,3.69,0.5537768884442221,0.0173290010830625,0.0071119708693673,1999-04-14,0.07,bmo,149136428.0,2025-04-25,1999-03-31,0.7142857142857141,33.76140625,3766253.25
1998-12-31,KLAC,USD,319201,1999-02-10,1999-02-10 00:00:00,1999,Q2,193400000.0,104900000.0,88500000.0,0.4576008273,38500000,50000000.0,0.0,50000000.0,0.0,88500000.0,193400000.0,0.0,0.0,10100000.0,10100000.0,0.0522233713,-42700000.0,-0.2207859359,14100000.0,-28600000.0,-0.1478800414,-11000000.0,-17600000.0,-0.0910031024,-0.0503,-0.0503,349852000,349852000,https://www.sec.gov/Archives/edgar/data/319201/000089161899000414/0000891618-99-000414-index.html,https://www.sec.gov/Archives/edgar/data/319201/,0.5528051861930188,-0.0503069869544836,0.0257251637835427,-0.011433406126019,0.7077278392005762,3.394578278815042,3.394578278815042,3.394578278815042,0.0580245360895464,7588289880.0,7430989880.0,-107.78820852272727,39.23624550155119,843.1433200000001,-1897.07247,6.389600774671607,6.389600774671607,38.42290527404343,735.7415722772278,825.6655422222223,-1857.74747,-0.0023193631606493,-0.0005271279910566,0.0170932974065341,0.0133149678604224,-15.574257425742577,2.5299703264094955,0.0,-0.5113636363636364,0.0,0.0,0.2585315408479834,0.1990692864529472,0.0,1.4444444444444444,0.0672182006204757,1.2871287128712872,0.0,,-0.0217542206117419,-0.0115440115440115,0.6572779346695174,515600000.0,1187600000.0,515600000.0,660900000.0,273150000.0,27600000.0,222250000.0,133.09203722854187,20.505243088655863,179.91420400381315,0.6762237762237763,4.389121338912134,0.5002384358607534,-0.0148198046480296,0.0371585699095617,1999-01-19,0.05,bmo,154720000.0,2025-04-25,1998-12-31,0.1999999999999999,26.39507936507936,4527530.222222222
1998-09-30,KLAC,USD,319201,1998-11-16,1998-11-16 00:00:00,1999,Q1,205200000.0,112700000.0,92500000.0,0.4507797271,42900000,52600000.0,0.0,52600000.0,-100000.0,95400000.0,208100000.0,0.0,0.0,11600000.0,8700000.0,0.0423976608,-2900000.0,-0.0141325536,17100000.0,14100000.0,0.0687134503,4000000.0,10200000.0,0.0497076023,0.03,0.03,174820000,174820000,https://www.sec.gov/Archives/edgar/data/319201/000089161898004952/0000891618-98-004952-index.html,https://www.sec.gov/Archives/edgar/data/319201/,1.173778743850818,0.0583457270335201,0.3106051939137398,0.2551195515387255,1.677153643747855,6.907104450291729,6.907104450291729,6.907104450291729,0.1172634709987415,2174760800.0,1963460800.0,53.302960784313726,10.598249512670565,40.050843462246775,48.761452914798205,1.8010441407867497,1.8010441407867497,9.568522417153996,225.68514942528736,36.159499079189686,44.02378475336323,0.0046901709834019,0.0205080025352673,0.0169772256728778,0.0133056402933731,-24.28735632183908,2.7028811524609844,0.0,5.323529411764706,0.0,0.0,0.2563352826510721,0.2090643274853801,0.0,0.1786372007366482,0.047270955165692,0.8362068965517241,0.0,3.0112291002340736,-0.0016916164206343,0.0066203673654832,1.5594611600503374,567400000.0,1207500000.0,567400000.0,707300000.0,282200000.0,38850000.0,234700000.0,114.16666666666669,24.99556344276841,187.50665483584737,0.7883211678832117,3.6006389776357826,0.4799829642248722,0.0084472049689441,0.0554856423750143,1998-10-15,0.07,bmo,239400000.0,2025-04-25,1998-09-30,-0.1428571428571429,27.33737704918033,5121731.24590164
1998-06-30,KLAC,USD,319201,1998-09-28,1998-09-28 00:00:00,1998,Q4,253400000.0,129700000.0,123700000.0,0.4881610103,43400000,58600000.0,0.0,58600000.0,0.0,102000000.0,231700000.0,0.0,0.0,11000000.0,32700000.0,0.1290449882,2300000.0,0.0090765588,11700000.0,14000000.0,0.0552486188,10700000.0,3300000.0,0.0130228887,0.0094,0.0094,349368000,349368000,https://www.sec.gov/Archives/edgar/data/319201/000089161898004336/0000891618-98-004336-index.html,https://www.sec.gov/Archives/edgar/data/319201/,0.7253097020906323,0.0094456275331455,0.0394998969567905,-0.0529527604130887,0.8824505965056902,3.4281903322571043,3.4281903322571043,3.4281903322571043,0.0615396945341302,4835253120.0,4640753120.0,366.30705454545455,19.08150402525651,350.3806608695652,-261.36503351351354,4.03711540452534,4.03711540452534,18.31394285714286,141.91905565749235,336.2864579710145,-250.85152,0.000682487538522,-0.0038260665038358,0.0179510728897052,0.0138853009558253,-5.948012232415902,2.7271171941830623,0.0,4.181818181818182,0.0,0.0,0.2312549329123914,0.1712707182320442,0.0,2.340579710144928,0.1274664561957379,2.9363636363636365,0.0,0.8535699750475652,0.0004446709786276,0.0021312322397313,0.8672087884408417,605700000.0,1197700000.0,605700000.0,746600000.0,317650000.0,47600000.0,224300000.0,108.00710339384372,32.19737856592136,162.7910562837317,0.8332785268003946,2.7952586206896552,0.5528559249786871,0.002755280955164,0.0924526573698793,1998-07-28,0.12,bmo,253400000.0,2025-04-25,1998-06-30,0.0,17.57109375,4222853.15625
1998-03-31,KLAC,USD,319201,1998-05-11,1998-05-11 00:00:00,1998,Q3,274200000.0,134200000.0,140000000.0,0.5105762217,46100000,60100000.0,0.0,60100000.0,0.0,106200000.0,240400000.0,0.0,0.0,9700000.0,34700000.0,0.1265499635,30700000.0,0.1119620715,11900000.0,42600000.0,0.1553610503,13600000.0,29000000.0,0.1057622174,0.085,0.085,339940000,351140000,https://www.sec.gov/Archives/edgar/data/319201/000089161898002255/0000891618-98-002255-index.html,https://www.sec.gov/Archives/edgar/data/319201/,0.8066129316938283,0.08530917220686,0.124433723598282,0.073836559392834,0.7789609931164323,3.455315643937165,3.455315643937165,3.455315643937165,0.05589221627346,6503052200.0,6330352200.0,56.06079482758621,23.71645587162655,153.7364586288416,259.0857450199203,5.536397241614166,5.536397241614166,23.08662363238512,182.43089913544668,149.65371631205673,252.2052669322709,0.0044594444436414,0.0038597260529448,0.0161757193938361,0.0126262626262626,-4.976945244956772,2.670805572380376,0.0,1.4586206896551723,0.0,0.0,0.2191830780452224,0.1681254558716265,0.0,0.4066193853427896,0.0627279358132749,1.7731958762886595,0.0,2.575330588331932,0.0175092669511258,0.0192716640085061,0.8530917220686003,551700000.0,1174600000.0,551700000.0,690100000.0,353750000.0,51400000.0,204500000.0,108.70897155361052,32.72727272727273,143.51713859910583,0.8278985507246377,2.75,0.6271028037383177,0.0246892559169078,0.050597164205448,1998-04-16,0.17,bmo,258966666.0,2025-04-25,1998-03-31,0.0588235294117645,13.36640625,3660543.75
1997-12-31,KLAC,USD,319201,1998-02-12,1998-02-12 00:00:00,1998,Q2,326400000.0,150300000.0,176100000.0,0.5395220588,47300000,61600000.0,0.0,61600000.0,0.0,108900000.0,259200000.0,0.0,0.0,6300000.0,73500000.0,0.2251838235,67200000.0,0.2058823529,0.0,67200000.0,0.2058823529,24500000.0,52100000.0,0.159620098,0.16,0.15,338628000,352420000,https://www.sec.gov/Archives/edgar/data/319201/000089161898000616/0000891618-98-000616-index.html,https://www.sec.gov/Archives/edgar/data/319201/,0.9638895779439384,0.1538561489303896,-0.0059061861393623,-0.0389808285197916,0.8295238432734446,3.362982387752933,3.362982387752933,3.362982387752933,0.0664445940678266,6538906680.0,6370306680.0,31.37671151631477,20.03341507352941,-3269.45334,-495.3717181818182,5.741927186512117,5.741927186512117,19.516870955882357,86.67083918367346,-3185.15334,-482.5989909090909,0.0079676928498389,-0.0020186860963123,0.0197576396206533,0.015154576682158,-2.293877551020408,2.6836883571637,0.0,-0.0383877159309021,0.0,0.0,0.1887254901960784,0.1449142156862745,0.0,-5.6,0.034313725490196,1.7777777777777777,0.0,3.412015413177208,0.0366680978960927,0.0350912642284636,0.9294122163554106,577000000.0,1138800000.0,573800000.0,708000000.0,360650000.0,50900000.0,191250000.0,103.7591911764706,32.33532934131737,116.76646706586828,0.8673930374701037,2.783333333333333,0.7707692307692308,0.0457499121882683,0.0330746423804292,1998-01-20,0.3,bmo,326400000.0,2025-04-25,1997-12-31,0.0,17.6584126984127,3629400.095238095
1997-09-30,KLAC,USD,319201,1997-11-13,1997-11-13 00:00:00,1998,Q1,312400000.0,140800000.0,171600000.0,0.5492957746,45200000,62100000.0,0.0,62100000.0,0.0,107300000.0,248100000.0,0.0,0.0,11900000.0,76200000.0,0.2439180538,64300000.0,0.2058258643,8800000.0,73100000.0,0.2339948784,23400000.0,49700000.0,0.1590909091,0.15,0.14,355132000,355132000,https://www.sec.gov/Archives/edgar/data/319201/000089161897004618/0000891618-97-004618-index.html,https://www.sec.gov/Archives/edgar/data/319201/,0.8796729103544597,0.1399479630109368,-0.0107002466688442,-0.0740569703659484,0.9148710901861844,3.076320917292725,3.076320917292725,3.076320917292725,0.0636383091357579,11996358960.0,11769558960.0,60.34385794768612,38.40063687580026,-3156.9365684210525,-456.13532167300383,10.980648933638443,10.980648933638443,37.67464455825864,154.45615433070867,-3097.2523578947366,-447.5117475285171,0.0041429237125795,-0.0021923318640008,0.0206864988558352,0.0156629011019474,-2.9763779527559056,2.6610023041474653,0.0,-0.0764587525150905,0.0,0.0,0.1987836107554417,0.1446862996158771,0.0,-5.921052631578948,0.07202304737516,1.8907563025210083,0.0,3.1123638980232857,0.0390923393224496,0.0344445214498579,0.920784384397914,576700000.0,1092500000.0,573500000.0,705500000.0,307150000.0,44500000.0,181050000.0,99.39180537772089,30.553977272727277,119.85085227272728,0.9055072463768116,2.9456066945606696,0.7509333333333333,0.0454919908466819,0.0633567236971041,1997-10-21,0.26,bmo,290085714.0,2025-04-25,1997-09-30,0.0769230769230769,19.860983606557376,5590236.557377049
1997-06-30,KLAC,USD,319201,1997-09-29,1997-09-29 00:00:00,1997,Q4,558200000.0,247400000.0,310800000.0,0.5567896811,71900000,125000000.0,0.0,125000000.0,0.0,196900000.0,444300000.0,0.0,0.0,35900000.0,149800000.0,0.2683625941,53300000.0,0.0954854891,16100000.0,69400000.0,0.1243281978,33000000.0,36400000.0,0.0652096023,0.1,0.1,355132000,355132000,https://www.sec.gov/Archives/edgar/data/319201/000089161897003921/0000891618-97-003921-index.html,https://www.sec.gov/Archives/edgar/data/319201/,1.5718099185654912,0.1024970996699818,0.1850016331955442,0.0757464829978712,0.9821700100244416,2.856965860581417,2.856965860581417,2.856965860581417,0.0706779451021028,8658118160.0,8404018160.0,59.46509725274725,15.51078136868506,131.7826203957382,321.8631286245353,8.533528641829292,8.533528641829292,15.055568183446791,56.10158985313752,127.9150404870624,312.4170319702602,0.004204146828137,0.0031069107054089,0.0247388133254484,0.0186853271793344,-1.6962616822429906,2.647783251231527,0.0,1.804945054945055,0.0,0.0,0.2239340738086707,0.1288068792547474,0.0,0.5905631659056316,0.0695091365102114,1.0807799442896937,0.0,2.5668445760757224,0.0267876768843827,0.0270974465867639,0.8711549508351825,535200000.0,1014600000.0,531300000.0,652800000.0,195650000.0,30450000.0,146450000.0,43.41992117520602,14.987873888439774,63.51657235246564,2.0727812848124767,6.004854368932039,1.4169530355097366,0.0358762073723634,0.1092551501976729,1997-07-29,0.23,bmo,533930434.0,2025-04-25,1997-06-30,0.0434782608695651,23.95515625,8241615.90625
1997-03-31,KLAC,USD,319201,1997-05-14,1997-05-14 00:00:00,1997,Q3,157800000.0,75300000.0,82500000.0,0.5228136882,22000000,29600000.0,0.0,29600000.0,100000.0,51700000.0,127000000.0,0.0,0.0,5200000.0,36000000.0,0.2281368821,30800000.0,0.1951837769,5100000.0,35900000.0,0.2275031686,12200000.0,23700000.0,0.1501901141,0.12,0.11,215320000,215320000,https://www.sec.gov/Archives/edgar/data/319201/000089161897002286/0000891618-97-002286-index.html,https://www.sec.gov/Archives/edgar/data/319201/,0.7328627159576444,0.1100687349061861,0.2062047185584246,0.1876277168864945,0.7458666171279955,2.84042355563812,2.84042355563812,2.84042355563812,0.0097529258777633,3929590000.0,3782090000.0,41.45137130801688,24.90234474017744,88.50427927927927,97.2670792079208,6.425098103335514,6.425098103335514,23.967617237008877,105.05805555555555,85.18220720720721,93.61608910891088,0.0060311635565033,0.010280970788301,0.0034336167429692,0.0026639604211594,-4.097222222222222,2.6048150322959485,0.0,1.8734177215189871,0.0,0.0,0.1875792141951837,0.1394169835234474,0.0,0.09009009009009,0.0253485424588086,0.7692307692307693,0.0,2.6522520837494734,0.0327901106794258,0.0300646961816567,0.6248838937395504,273300000.0,611600000.0,266900000.0,346700000.0,122200000.0,20050000.0,122300000.0,69.58174904942966,23.54581673306773,141.39442231075697,1.2934426229508196,3.8223350253807102,0.6365173288250211,0.0387508175277959,0.0185770016719301,1997-04-15,0.21,bmo,240831818.0,2025-04-25,1997-03-31,0.0476190476190476,32.713125,4397743.75
1996-12-31,KLAC,USD,319201,1997-02-12,1997-02-12 00:00:00,1997,Q2,151700000.0,69300000.0,82400000.0,0.5431773237,0,47900000.0,0.0,47900000.0,5700000.0,53600000.0,122900000.0,0.0,0.0,5700000.0,59300000.0,0.3909030982,28800000.0,0.189848385,5300000.0,32300000.0,0.2129202373,11000000.0,21300000.0,0.1404087014,0.11,0.1,102862000,102862000,https://www.sec.gov/Archives/edgar/data/319201/000089161897000465/0000891618-97-000465-index.html,https://www.sec.gov/Archives/edgar/data/319201/,1.4747914681806693,0.2070735548599094,0.9430110244793996,0.890513503529,1.5671482180008167,5.727090665163034,5.727090665163034,5.727090665163034,0.0281931131029923,1825800500.0,1667500500.0,21.429583333333333,12.035599868160844,18.82268556701031,19.93231986899563,3.099304871838398,3.099304871838398,10.992092946605142,28.11973861720067,17.19072680412371,18.204153930131003,0.0116661157667554,0.0501697748467042,0.0049227635375997,0.003821823932525,-2.669477234401349,2.922276621787025,0.0,4.553990610328638,0.0,0.0,0.3157547791694133,0.0,0.0,0.0556701030927835,0.035596572181938,0.9473684210526316,0.0,5.165598031051878,0.0317431898117938,0.0280706378492356,1.423752211701114,314100000.0,589100000.0,307800000.0,388700000.0,157700000.0,20950000.0,132450000.0,72.6170072511536,26.49350649350649,164.02597402597402,1.2393790849673203,3.397058823529412,0.5486935866983373,0.0361568494313359,0.0524975209503995,1997-01-16,0.2,bmo,242200000.0,2025-04-25,1996-12-31,0.0,23.04828125,3240937.5
1996-09-30,KLAC,USD,319201,1996-11-12,1996-11-12 00:00:00,1997,Q1,164200000.0,68700000.0,95500000.0,0.5816077954,0,57100000.0,0.0,57100000.0,5500000.0,62600000.0,131300000.0,0.0,0.0,5500000.0,68700000.0,0.4183922046,32900000.0,0.200365408,3500000.0,36400000.0,0.221680877,12400000.0,24000000.0,0.1461632156,0.1,0.1,102130000,102130000,https://www.sec.gov/Archives/edgar/data/319201/000089161896002641/0000891618-96-002641-index.html,https://www.sec.gov/Archives/edgar/data/319201/,1.6077548222853226,0.2349946147067463,0.2859101145598747,0.2017037109566239,1.0486634681288554,5.492999118770195,5.492999118770195,5.492999118770195,0.056790365220797,1148962500.0,1047662500.0,11.968359375,6.997335566382461,39.3480308219178,55.7748786407767,2.0480614973262035,2.0480614973262035,6.380404993909866,15.24981804949054,35.87885273972603,50.85740291262136,0.0208884101961552,0.0179292187516999,0.0103386809269162,0.0078293736501079,-1.4745269286754004,2.905868680999419,0.0,1.2166666666666666,0.0,0.0,0.3477466504263093,0.0,0.0,0.2945205479452055,0.0523751522533495,1.5636363636363635,0.0,5.38920840743311,0.0377585860614581,0.0323974082073434,1.3840203661999413,328000000.0,561000000.0,320300000.0,402900000.0,198250000.0,24400000.0,135500000.0,105.78562728380024,28.16593886462882,181.5720524017467,0.8507772020725388,3.1953488372093024,0.4956709956709956,0.0427807486631016,0.0842064036032507,1996-10-17,0.24,bmo,272452173.0,2025-04-25,1996-09-30,-0.0416666666666665,20.311967213114755,3480262.3278688523
1996-06-30,KLAC,USD,319201,1996-09-27,1996-09-27 00:00:00,1996,Q4,192600000.0,83800000.0,108800000.0,0.5649013499,0,55200000.0,0.0,55200000.0,5600000.0,60800000.0,144600000.0,0.0,0.0,5600000.0,53600000.0,0.2782969886,48000000.0,0.2492211838,1800000.0,49800000.0,0.2585669782,17900000.0,31900000.0,0.1656282451,0.31,0.31,102060000,102130000,https://www.sec.gov/Archives/edgar/data/319201/000089161896002153/0000891618-96-002153-index.html,https://www.sec.gov/Archives/edgar/data/319201/,1.8871252204585536,0.3125612384871644,0.4987262394669802,0.3831079757005683,1.071918479325887,5.263570448755634,5.263570448755634,5.263570448755634,0.0303742896335488,1173690000.0,1067390000.0,9.19819749216301,6.09392523364486,23.05874263261297,30.01764705882353,2.184828741623232,2.184828741623232,5.542004153686396,19.913992537313437,20.970333988212182,27.298976982097187,0.0271792381293186,0.0333137370174407,0.0057706626954579,0.0043490460157126,-1.9832089552238803,2.91725768321513,0.0,1.5956112852664577,0.0,0.0,0.2866043613707165,0.0,0.0,0.2318271119842829,0.0612668743509865,2.107142857142857,0.0,6.084137754223582,0.0562410608227679,0.044753086419753,1.4954438565549677,324400000.0,537200000.0,318000000.0,396200000.0,215350000.0,31800000.0,131700000.0,95.09345794392524,29.31980906921241,142.19570405727924,0.9464373464373464,3.06959706959707,0.6329305135951662,0.0593819806403574,0.1156182637664119,1996-08-08,0.32,amc,,2025-04-25,1996-06-30,-0.03125,14.8334375,2072071.875
1996-03-31,KLAC,USD,319201,1996-05-15,1996-05-15 00:00:00,1996,Q3,187500000.0,81000000.0,106500000.0,0.568,0,54600000.0,0.0,54600000.0,4200000.0,58800000.0,139800000.0,0.0,0.0,4200000.0,51900000.0,0.2768,47700000.0,0.2544,2000000.0,49700000.0,0.2650666667,17900000.0,31800000.0,0.1696,0.16,0.16,101650000,101650000,https://www.sec.gov/Archives/edgar/data/319201/000089161896000524/0000891618-96-000524-index.html,https://www.sec.gov/Archives/edgar/data/319201/,1.8445646827348745,0.3128381701918347,0.0393507132316773,-0.0993605509099852,0.4584358091490408,4.878504672897196,4.878504672897196,4.878504672897196,0.0196753566158386,1137463500.0,1092863500.0,8.942323113207546,6.066472,284.365875,-112.62014851485148,2.293735632183908,2.293735632183908,5.828605333333333,21.057100192678227,273.215875,-108.20430693069306,0.0279569410359101,-0.0088794058007136,0.0040330711837063,0.002966038855109,-0.859344894026975,2.6719952634695088,0.0,0.1257861635220125,0.0,0.0,0.2912,0.0,0.0,3.525,0.0752,3.357142857142857,0.0,5.85995782328535,0.0601504176814929,0.0471600177962331,1.0241023118544024,282400000.0,495900000.0,272900000.0,348000000.0,208100000.0,33750000.0,122300000.0,109.056,40.333333333333336,145.55555555555554,0.8252640845070423,2.231404958677686,0.6183206106870229,0.0641258318209316,0.1387112641416625,1996-04-15,0.3,amc,,2025-04-25,1996-03-31,0.0333333333333333,10.05609375,1458018.75
1995-12-31,KLAC,USD,319201,1996-02-13,1996-02-13 00:00:00,1996,Q2,165800000.0,72300000.0,93500000.0,0.5639324487,0,47400000.0,0.0,47400000.0,3100000.0,50500000.0,122800000.0,0.0,0.0,3100000.0,46100000.0,0.2780458384,43000000.0,0.2593486128,3600000.0,46600000.0,0.2810615199,16800000.0,29800000.0,0.17973462,0.14,0.14,101226000,101226000,https://www.sec.gov/Archives/edgar/data/319201/000089161896000093/0000891618-96-000093-index.html,https://www.sec.gov/Archives/edgar/data/319201/,1.6379191116906724,0.2943907691699761,-0.1699168197893821,-0.2202991326339083,0.5749510995198862,4.595657242210499,4.595657242210499,4.595657242210499,0.0088909963843281,1318974780.0,1261674780.0,11.06522466442953,7.955215802171291,-76.68458023255813,-59.14685112107623,2.835285425623388,2.835285425623388,7.609618697225573,27.368216485900216,-73.35318488372093,-56.577344394618834,0.0225933053852629,-0.016907070808435,0.0019346517626827,0.0014441591784338,-1.2429501084598698,2.832436069986541,0.0,-0.5752508361204013,0.0,0.0,0.2858866103739445,0.0,0.0,-0.2965116279069767,0.0307599517490952,1.6451612903225807,0.0,5.517307231200578,0.0578293461140972,0.0478177150192554,0.9755398810582262,272300000.0,465200000.0,262900000.0,328100000.0,168700000.0,25950000.0,103100000.0,102.59348612786488,38.83817427385892,141.41078838174272,0.8772486772486773,2.3173076923076925,0.636443661971831,0.0640584694754944,0.0503823128445261,1996-01-12,0.28,amc,,2025-04-25,1995-12-31,0.0,13.264761904761906,2044539.6825396824
1995-09-30,KLAC,USD,319201,1995-10-27,1995-10-27 00:00:00,1996,Q1,149100000.0,63300000.0,85800000.0,0.5754527163,0,43500000.0,0.0,43500000.0,3400000.0,46900000.0,110200000.0,0.0,0.0,3400000.0,42300000.0,0.2837022133,38900000.0,0.2608987257,3800000.0,42700000.0,0.2863849765,15400000.0,27300000.0,0.1830985915,0.065,0.065,100544260,100544260,https://www.sec.gov/Archives/edgar/data/319201/000089161895000630/0000891618-95-000630-index.html,https://www.sec.gov/Archives/edgar/data/319201/,1.4829290105670876,0.2715222132024245,0.2685384526177825,0.1879769168324477,0.6544381548981513,4.28865854699214,4.28865854699214,4.28865854699214,0.0238700846771362,2016917855.6,1953517855.6,18.469943732600733,13.527282733735747,74.70066131851851,106.71523045502644,4.677453282931355,4.677453282931355,13.102064759221998,46.18245521513002,72.35251317037037,103.36073310052907,0.0135355041476781,0.0093707336407002,0.0055658627087198,0.0042068361086765,-1.4988179669030732,2.863636363636364,0.0,0.989010989010989,0.0,0.0,0.2917505030181087,0.0,0.0,0.3,0.0543259557344064,2.3823529411764706,0.0,5.118641065541517,0.0561283949521071,0.0478527607361963,0.836447550561315,241900000.0,431200000.0,232400000.0,295600000.0,138850000.0,20050000.0,86200000.0,89.57746478873239,29.43127962085308,131.65876777251185,1.0047169811320755,3.057971014492753,0.683585313174946,0.0633116883116883,0.0805615357853347,1995-10-16,0.25,amc,,2025-04-25,1995-09-30,0.04,13.272222222222222,2568225.396825397
1995-06-30,KLAC,USD,319201,1995-09-27,1995-09-27 00:00:00,1995,Q4,136400000.0,58700000.0,77700000.0,0.5696480938,0,16200000.0,0.0,16200000.0,2700000.0,18900000.0,77600000.0,0.0,0.0,2700000.0,61500000.0,0.4508797654,58800000.0,0.431085044,-22200000.0,36600000.0,0.2683284457,12700000.0,23900000.0,0.1752199413,0.24,0.24,100320000,100544260,https://www.sec.gov/Archives/edgar/data/319201/000089161895000564/0000891618-95-000564-index.html,https://www.sec.gov/Archives/edgar/data/319201/,1.3596491228070176,0.238237639553429,-0.02292663476874,0.0558213716108452,0.9180622009569378,4.027113237639553,4.027113237639553,4.027113237639553,0.2452153110047847,1937179200.0,1869679200.0,20.263380753138076,14.202193548387095,-842.2518260869565,345.9248571428571,4.79499801980198,4.79499801980198,13.70732551319648,30.401287804878045,-812.9039999999999,333.87128571428565,0.0123375266469927,0.0028908012227263,0.0608910891089108,0.0450302031850631,-1.0975609756097562,2.715575620767494,0.0,-0.0962343096234309,0.0,0.0,0.1187683284457478,0.0,0.0,-3.4347826086956523,0.0579178885630498,2.925925925925926,0.0,4.646151516994073,0.0876637472864735,0.0437488559399597,0.8639852472089314,228000000.0,404000000.0,218600000.0,277000000.0,125900000.0,16850000.0,77400000.0,85.31524926686217,29.744463373083477,122.35093696763202,1.0549110595514308,3.025773195876289,0.7355889724310777,0.0591584158415841,0.0787480063795853,1995-07-27,0.23,amc,,2025-04-25,1995-06-30,0.0434782608695651,18.246349206349205,2407777.777777778
1995-03-31,KLAC,USD,319201,1995-05-11,1995-05-11 00:00:00,1995,Q3,118100000.0,52000000.0,66100000.0,0.5596951736,0,33900000.0,0.0,33900000.0,2200000.0,36100000.0,88100000.0,0.0,0.0,2200000.0,32200000.0,0.2726502964,30000000.0,0.2540220152,1700000.0,31700000.0,0.2684165961,10900000.0,20800000.0,0.1761219306,0.055,0.055,93772000,93772000,https://www.sec.gov/Archives/edgar/data/319201/000089161895000262/0000891618-95-000262-index.html,https://www.sec.gov/Archives/edgar/data/319201/,1.2594377852663907,0.2218146141705413,0.019195495457066,-0.2015527022991937,0.6366505993260249,2.873992236488504,2.873992236488504,2.873992236488504,0.2420765260418888,1482535320.0,1445535320.0,17.818934134615386,12.55322032176122,823.6307333333333,-78.44102222222222,5.501058701298701,5.501058701298701,12.23992650296359,44.892401242236026,803.0751777777778,-76.48335026455027,0.0140300198716344,-0.0127484315179755,0.084230055658627,0.0565661599800647,-1.1490683229813663,2.3766233766233764,0.0,0.0861244019138756,0.0,0.0,0.2870448772226926,0.0,0.0,11.5,0.1752751905165114,9.409090909090908,0.0,3.7872949817754025,0.0654406335995704,0.0518315474707201,0.6107900012796997,169600000.0,269500000.0,161000000.0,213800000.0,110250000.0,14500000.0,71000000.0,93.35309060118544,24.75,129.80769230769232,0.9640816326530612,3.636363636363636,0.6933333333333334,0.0771799628942486,0.2207481977562598,1995-04-13,0.2,amc,,2025-04-25,1995-03-31,0.0999999999999999,21.43936507936508,2688723.8095238097
1994-12-31,KLAC,USD,319201,1995-02-15,1995-02-15 00:00:00,1995,Q2,104700000.0,44800000.0,59900000.0,0.5721107927,0,30500000.0,0.0,30500000.0,3600000.0,34100000.0,78900000.0,0.0,0.0,3600000.0,29400000.0,0.2808022923,25800000.0,0.2464183381,-24400000.0,1400000.0,0.0133715377,500000.0,900000.0,0.0085959885,0.0025,0.0025,92896000,92896000,https://www.sec.gov/Archives/edgar/data/319201/000089161895000082/0000891618-95-000082-index.html,https://www.sec.gov/Archives/edgar/data/319201/,1.1270668274199105,0.0096882535308301,0.1560885291078195,0.1173355149844987,1.28961419221495,2.641663796073028,2.641663796073028,2.641663796073028,0.243282810885291,1137976000.0,1040776000.0,316.1044444444444,10.868920725883475,78.48110344827586,104.40146788990826,4.637229013854931,4.637229013854931,9.940553963705826,35.40054421768708,71.77765517241379,95.4840366972477,0.0007908778392514,0.0095784093864896,0.0920945395273023,0.0618500273672687,-3.306122448979592,2.7145421903052065,0.0,16.11111111111111,0.0,0.0,0.2913085004775549,0.0,0.0,0.2482758620689655,0.0343839541547277,1.0,0.0,0.7588444791196296,0.0599628137589091,0.0024630541871921,1.1496727523251808,191000000.0,245400000.0,182400000.0,231500000.0,91000000.0,14250000.0,63500000.0,84.2406876790831,29.53125,134.5982142857143,1.0683673469387756,3.047619047619047,0.6686567164179105,0.0036674816625916,0.0387530141233207,1995-01-13,0.17,amc,,2025-04-25,1994-12-31,0.0588235294117645,17.125555555555557,2457250.793650794
1994-09-30,KLAC,USD,319201,1994-11-14,1994-11-14 00:00:00,1995,Q1,83200000.0,38500000.0,44700000.0,0.5372596154,0,24700000.0,0.0,24700000.0,2100000.0,26800000.0,65300000.0,0.0,0.0,2100000.0,20000000.0,0.2403846154,17900000.0,0.2151442308,1100000.0,19000000.0,0.2283653846,6100000.0,12900000.0,0.1550480769,0.035,0.035,92216000,92216000,https://www.sec.gov/Archives/edgar/data/319201/000089161894000229/0000891618-94-000229-index.html,https://www.sec.gov/Archives/edgar/data/319201/,0.9022295480176976,0.1398889563633209,0.0900060726988808,0.0618113993233278,1.5626355513143055,2.6242734449553224,2.6242734449553224,2.6242734449553224,0.2168821028888696,1141634080.0,1017534080.0,22.12469147286821,13.721563461538462,137.54627469879517,200.2866807017544,4.717496198347107,4.717496198347107,12.229976923076922,50.876704,122.59446746987952,178.514750877193,0.0112995925980065,0.0049928432409796,0.0826446280991735,0.0580383052814857,-6.205,3.1912858660998937,0.0,0.6434108527131783,0.0,0.0,0.296875,0.0,0.0,0.3132530120481928,0.03125,1.238095238095238,0.0,2.874004984703834,0.0449284949897849,0.0374347069065583,1.4585321419276482,206200000.0,242000000.0,197700000.0,244500000.0,79100000.0,12850000.0,56650000.0,90.8653846153846,32.25974025974026,140.25974025974023,0.9904761904761904,2.789855072463768,0.6416666666666667,0.0533057851239669,0.028194673375553,1994-10-15,0.12,amc,,2025-04-25,1994-09-30,0.1666666666666668,14.053809523809525,1584869.8412698412
1994-06-30,KLAC,USD,319201,1994-09-28,1994-09-28 00:00:00,1994,Q4,72000000.0,33900000.0,38100000.0,0.5291666667,0,22000000.0,0.0,22000000.0,2200000.0,24200000.0,58100000.0,0.0,0.0,2200000.0,16100000.0,0.2236111111,13900000.0,0.1930555556,400000.0,14300000.0,0.1986111111,3600000.0,10700000.0,0.1486111111,0.12,0.12,91456000,92216000,https://www.sec.gov/Archives/edgar/data/319201/000089161894000204/0000891618-94-000204-index.html,https://www.sec.gov/Archives/edgar/data/319201/,0.7872638208537439,0.1169961511546536,0.2011896431070678,0.1738540937718684,1.520949965010497,2.486441567529741,2.486441567529741,2.486441567529741,0.2700752274317705,857857280.0000001,743457280.0000001,20.043394392523368,11.914684444444449,46.62267826086957,53.95328805031447,3.772459454705366,3.772459454705366,10.325795555555557,46.17747080745343,40.40528695652174,46.75831949685535,0.0124729372233106,0.018534551574826,0.1086191732629727,0.0768034825870646,-7.105590062111801,4.245426829268292,0.0,1.719626168224299,0.0,0.0,0.3055555555555556,0.0,0.0,0.1358695652173913,0.0347222222222222,1.1363636363636365,0.0,2.558386621118528,0.0398952792508603,0.0332711442786069,1.3908327501749476,212900000.0,227400000.0,184300000.0,250000000.0,78150000.0,11200000.0,51450000.0,92.75,31.5929203539823,141.50442477876106,0.9703504043126684,2.8487394957983194,0.6360225140712945,0.0470536499560246,0.0273355493351994,1994-07-27,0.11,amc,,2025-04-25,1994-06-30,0.0,12.29904761904762,1913644.4444444445
1994-03-31,KLAC,USD,319201,1994-05-13,1994-05-13 00:00:00,1994,Q3,62700000.0,30500000.0,32200000.0,0.5135566188,0,17500000.0,0.0,17500000.0,2800000.0,20300000.0,50800000.0,0.0,0.0,3600000.0,15500000.0,0.2472089314,11900000.0,0.1897926635,100000.0,12000000.0,0.1913875598,3000000.0,9000000.0,0.1435406699,0.025,0.025,90496000,90496000,https://www.sec.gov/Archives/edgar/data/319201/000089161894000114/0000891618-94-000114-index.html,https://www.sec.gov/Archives/edgar/data/319201/,0.6928483026874116,0.0994519094766619,-0.0563560820367751,-0.0773514851485148,1.2586191654879777,2.309494342291372,2.309494342291372,2.309494342291372,0.2541548797736916,809034240.0,718134240.0,22.47317333333333,12.903257416267945,-158.63416470588234,-115.57632,3.870977224880382,3.870977224880382,11.453496650717703,46.33124129032258,-140.81063529411765,-102.59060571428572,0.011124374661819,-0.008652291403637,0.1100478468899521,0.0774671606601549,-5.864516129032258,4.184210526315789,0.0,-0.5666666666666667,0.0,0.0,0.2791068580542264,0.0,0.0,-0.3725490196078431,0.0303030303030303,0.5277777777777778,0.0,2.273297495048668,0.0373274780426599,0.0303132367800606,1.241767591937765,193600000.0,209000000.0,166500000.0,230000000.0,71600000.0,9950000.0,47050000.0,117.84688995215312,30.98360655737705,146.36065573770492,0.7637028014616322,2.9047619047619047,0.6149193548387096,0.0430622009569378,0.0209954031117397,1994-04-18,0.09,amc,,2025-04-25,1994-03-31,0.1111111111111112,10.95640625,1697500.0
1993-12-31,KLAC,USD,319201,1994-02-14,1994-02-14 00:00:00,1994,Q2,57100000.0,29900000.0,27200000.0,0.476357268,0,0.0,0.0,16100000.0,2500000.0,18600000.0,48500000.0,0.0,0.0,2500000.0,11100000.0,0.1943957968,8600000.0,0.1506129597,-200000.0,8400000.0,0.1471103327,2100000.0,6300000.0,0.1103327496,0.02,0.02,79320000,79320000,https://www.sec.gov/Archives/edgar/data/319201/000089161894000046/0000891618-94-000046-index.html,https://www.sec.gov/Archives/edgar/data/319201/,0.7198688855269794,0.0794251134644478,0.1222894604135148,0.1147251638930912,0.5937972768532527,1.607413010590015,1.607413010590015,1.607413010590015,0.2735753908219869,550480800.0,525080800.0,21.844476190476197,9.640644483362522,56.75059793814433,60.4923956043956,4.317496470588235,4.317496470588235,9.195810858143608,47.30457657657658,54.132041237113405,57.701186813186816,0.0114445408450212,0.0165310034428085,0.1701960784313725,0.1048309178743961,-2.2882882882882885,3.112810707456979,0.0,1.5396825396825398,0.0,0.0,0.0,0.0,0.0,0.0618556701030927,0.010507880910683,0.24,0.0,1.69486035320987,0.0412404092071611,0.0304347826086956,0.4497604639435199,110500000.0,127500000.0,83300000.0,147700000.0,63000000.0,9400000.0,43600000.0,96.3047285464098,28.2943143812709,133.94648829431438,0.9345335515548282,3.1808510638297878,0.6719101123595506,0.0494117647058823,0.0075642965204236,1994-01-19,0.06,amc,,2025-04-25,1993-12-31,0.3333333333333334,9.531612903225808,1884993.5483870967
1993-09-30,KLAC,USD,319201,1993-09-30,1993-09-29 20:00:00,1994,Q1,51900000.0,28800000.0,23100000.0,0.4450867052,0,0.0,0.0,14800000.0,2400000.0,17200000.0,46000000.0,0.0,0.0,2400000.0,8300000.0,0.1599229287,5900000.0,0.1136801541,-300000.0,5600000.0,0.1078998073,1400000.0,4200000.0,0.0809248555,0.0125,0.0125,78628000,78628000,,,0.6600702039985755,0.053416085872717,-0.148801953502569,-0.1589764460497532,0.4782011497176578,1.5261738820776314,1.5261738820776314,1.5261738820776314,0.3370300656254769,511082000.0,499982000.0,30.421547619047622,9.847437379576109,-43.68222222222222,-40.88656,4.259016666666667,4.259016666666667,9.633564547206166,60.23879518072289,-42.73350427350427,-39.99856,0.0082178593650333,-0.0244579147768851,0.2208333333333333,0.1326990485728593,-1.3373493975903614,2.9314285714285715,0.0,-2.7857142857142856,0.0,0.0,0.0,0.0,0.0,-0.0683760683760683,0.0154142581888246,0.3333333333333333,0.0,1.3543449673881198,0.0287898503578399,0.0210315473209814,0.3551533804751488,101400000.0,120000000.0,74200000.0,139400000.0,56500000.0,9200000.0,42600000.0,112.54335260115607,29.375,133.4375,0.7996918335901386,3.0638297872340425,0.6744730679156908,0.035,0.0101744925471842,1993-10-18,0.04222,amc,,2025-04-25,1993-09-30,0.1842728564661298,8.815238095238096,1806012.6984126985
1993-06-30,KLAC,USD,319201,1993-06-30,1993-06-29 20:00:00,1993,Q4,47800000.0,26900000.0,20900000.0,0.4372384937,0,0.0,0.0,12800000.0,3400000.0,16200000.0,43100000.0,0.0,0.0,3400000.0,8100000.0,0.1694560669,4700000.0,0.0983263598,-600000.0,4100000.0,0.0857740586,1000000.0,3100000.0,0.0648535565,0.0405,0.0405,74784000,76576000,,,0.6391741548994437,0.0414527171587505,0.2554022250748823,0.2380188275566966,0.7006846384253316,1.5257274283269149,1.5257274283269149,1.5257274283269149,0.3543538724860933,322319040.0,296419040.0,25.99347096774193,6.743076150627615,16.875342408376962,18.10781123595505,2.8248820333041187,2.8248820333041187,6.201235146443515,36.59494320987654,15.519321465968586,16.652755056179775,0.0096177998048145,0.0552247859760317,0.2322524101665206,0.1330989452536413,-3.197530864197531,2.613793103448276,0.0,6.161290322580645,0.0,0.0,0.0,0.0,0.0,0.0680628272251308,0.0271966527196652,0.3823529411764705,0.0,1.1929060398141704,0.0240762773481393,0.0155700652938222,0.3306188489516474,93600000.0,114100000.0,66600000.0,133000000.0,50750000.0,8950000.0,43000000.0,90.56485355648536,30.111524163568777,142.1933085501859,0.9937629937629938,2.988888888888889,0.6329411764705882,0.0271691498685363,0.0173833975181857,1993-07-30,0.03703,amc,,2025-04-25,1993-06-30,0.0802052389954091,5.71046875,1511231.25
1993-03-31,KLAC,USD,319201,1993-03-31,1993-03-30 19:00:00,1993,Q3,42200000.0,25300000.0,16900000.0,0.4004739336,0,0.0,0.0,12800000.0,1300000.0,14100000.0,39400000.0,0.0,0.0,1200000.0,4100000.0,0.0971563981,2800000.0,0.0663507109,-100000.0,2700000.0,0.0639810427,700000.0,2000000.0,0.0473933649,0.0075,0.0075,76576000,76576000,,,0.5510865022983702,0.0261178437108232,0.1919661512745507,0.1815190137902214,0.4113560384454659,1.4247283744254071,1.4247283744254071,1.4247283744254071,0.3447555369828667,272610560.0,267510560.0,34.07632,6.459965876777251,18.54493605442177,19.612270503597124,2.4987219065077912,2.4987219065077912,6.339112796208531,65.24647804878049,18.197997278911565,19.24536402877698,0.0073364729524784,0.0509884870197251,0.2419798350137488,0.140053050397878,-1.2439024390243902,2.949152542372881,0.0,7.35,0.0,0.0,0.0,0.0,0.0,0.0544217687074829,0.0189573459715639,0.6666666666666666,0.0,0.915010241913393,0.0144333616845794,0.0106100795755968,0.1815190137902214,92000000.0,109100000.0,59800000.0,132500000.0,57400000.0,8700000.0,43800000.0,113.8862559241706,31.6600790513834,154.74308300395256,0.7902621722846442,2.842696629213483,0.5816091954022988,0.0183318056828597,0.0104471374843292,1993-05-04,0.02615,amc,,2025-04-25,1993-03-31,0.147227533460803,5.30296875,966037.5
1992-12-31,KLAC,USD,319201,1992-12-31,1992-12-30 19:00:00,1993,Q2,38700000.0,22600000.0,16100000.0,0.4160206718,0,0.0,0.0,11200000.0,2500000.0,13700000.0,36300000.0,0.0,0.0,2600000.0,5000000.0,0.1291989664,2400000.0,0.0620155039,-500000.0,1900000.0,0.0490956072,500000.0,1400000.0,0.0361757106,0.005,0.005,74784000,74784000,,,0.5174903722721438,0.0187205819426615,-0.0427899015832263,-0.0521501925545571,0.2554022250748823,1.4120667522464698,1.4120667522464698,1.4120667522464698,0.3797603765511339,228839040.0,238139040.0,40.86411428571429,5.913153488372093,-71.51219999999999,-58.676676923076926,2.167036363636364,2.167036363636364,6.153463565891473,47.627808,-74.41845,-61.06129230769231,0.0061178372361638,-0.0170425465864565,0.2689393939393939,0.1534305780659103,1.86,2.857749469214437,0.0,-2.4615384615384617,0.0,0.0,0.0,0.0,0.0,-0.21875,0.0180878552971576,0.2692307692307692,0.0,0.7712204647431269,0.0124186871673565,0.0075634792004321,0.1029632006846384,87500000.0,105600000.0,55100000.0,129300000.0,57150000.0,7500000.0,44750000.0,142.7906976744186,33.849557522123895,175.61946902654867,0.6302931596091205,2.6588235294117646,0.5124716553287982,0.0132575757575757,0.0093602909713307,1992-12-30,,amc,,2025-04-25,1992-12-31,,3.8174603174603177,759022.2222222222
1992-09-30,KLAC,USD,319201,1992-09-30,1992-09-29 20:00:00,1993,Q1,38500000.0,23100000.0,15400000.0,0.4,0,0.0,0.0,11500000.0,2400000.0,13900000.0,37000000.0,0.0,0.0,2400000.0,3900000.0,0.1012987013,1500000.0,0.038961039,-700000.0,800000.0,0.0207792208,200000.0,600000.0,0.0155844156,0.0025,0.0025,74824000,74824000,,,0.5145407890516411,0.0080188174917138,-0.0040094087458569,-0.0093552870736662,0.3020421255212231,1.384582486902598,1.384582486902598,1.384582486902598,0.3849032396022666,159375120.0,165575120.0,66.40629999999999,4.1396135064935065,-531.2503999999999,-227.67874285714285,1.5383698841698843,1.5383698841698843,4.300652467532467,42.45515897435897,-551.9170666666666,-236.5358857142857,0.003764703047753,-0.0043921535557118,0.277992277992278,0.1569482288828338,1.5897435897435896,2.764705882352941,0.0,-0.5,0.0,0.0,0.0,0.0,0.0,-1.3333333333333333,0.0103896103896103,0.1666666666666666,0.0,0.499811035247966,0.0079957356076759,0.0032697547683923,0.0678258312840799,84000000.0,103600000.0,51700000.0,127300000.0,51050000.0,6050000.0,47000000.0,123.66233766233766,25.32467532467533,176.88311688311688,0.7277882797731569,3.5538461538461537,0.5088105726872246,0.0057915057915057,0.0053458783278092,1993-01-22,0.01714,amc,,2025-04-25,1992-09-30,0.1668611435239207,3.1862903225806454,699341.9354838709
1992-06-30,KLAC,USD,319201,1992-06-30,1992-06-29 20:00:00,1992,Q4,32700000.0,21800000.0,10900000.0,0.3333333333,0,0.0,0.0,22900000.0,2900000.0,25800000.0,47600000.0,0.0,0.0,2900000.0,-12000000.0,-0.3669724771,-14900000.0,-0.4556574924,0.0,-14900000.0,-0.4556574924,0.0,-14900000.0,-0.4556574924,-0.2,-0.2,74232000,74232000,,,0.440510830908503,-0.2007220605668714,0.0188597909257463,0.0107770233861407,0.3192693178144196,1.387541760965621,1.387541760965621,1.387541760965621,0.3906670977476021,162568080.0,167868080.0,-2.727652348993289,4.971500917431193,116.12005714285716,203.2101,1.5783308737864077,1.5783308737864077,5.1335804281345565,-13.989006666666668,119.90577142857144,209.8351,-0.0916539089346444,0.0049210152448131,0.2815533980582524,0.1538461538461538,-0.4416666666666666,2.6515748031496065,0.0,-0.0939597315436241,0.0,0.0,0.0,0.0,0.0,0.4285714285714285,0.018348623853211,0.2068965517241379,0.0,,-0.1044148563419761,-0.0790450928381962,-0.0080827675396055,83900000.0,103000000.0,49200000.0,128700000.0,52700000.0,6000000.0,49800000.0,135.4128440366973,23.119266055045877,200.6422018348624,0.6646341463414634,3.892857142857143,0.448559670781893,-0.1446601941747572,0.0080827675396055,1992-06-29,,amc,,2025-04-25,1992-06-30,,2.4678125,631406.25
1992-03-31,KLAC,USD,319201,1992-03-31,1992-03-30 19:00:00,1992,Q3,42700000.0,25400000.0,17300000.0,0.4051522248,0,0.0,0.0,15900000.0,2800000.0,18700000.0,44100000.0,0.0,0.0,2800000.0,1400000.0,0.0327868852,-1400000.0,-0.0327868852,-100000.0,-1500000.0,-0.0351288056,-1800000.0,400000.0,0.0093676815,0.0054,0.0054,74232000,74232000,,,0.5752236232352624,0.0053885116930703,-0.0336781980816898,-0.0538851169307037,0.2977152710421382,1.5734454143765493,1.5734454143765493,1.5734454143765493,0.3852785860545317,204138000.0,210638000.0,127.58625,4.7807494145199065,-81.65520000000001,-51.0345,1.7477568493150684,1.7477568493150684,4.932974238875878,150.4557142857143,-84.2552,-52.6595,0.0019594587974801,-0.0195945879748013,0.2448630136986301,0.1448834853090172,4.642857142857143,3.11037527593819,0.0,-6.25,0.0,0.0,0.0,0.0,0.0,-0.6,0.0351288056206089,0.5357142857142857,0.0,0.4367687063079953,0.0017868538608806,0.0020263424518743,0.1232622049789848,95600000.0,116800000.0,60300000.0,142100000.0,54950000.0,8000000.0,51600000.0,118.45433255269322,22.677165354330707,180.7086614173228,0.7597864768683275,3.96875,0.4980392156862745,0.0034246575342465,0.0202069188490139,1992-03-30,,amc,,2025-04-25,1992-03-31,,1.96296875,299275.0
1991-12-31,KLAC,USD,319201,1991-12-31,1991-12-30 19:00:00,1992,Q2,39600000.0,20200000.0,19400000.0,0.4898989899,0,0.0,0.0,15500000.0,2600000.0,18100000.0,38300000.0,0.0,0.0,2600000.0,3900000.0,0.0984848485,1300000.0,0.0328282828,-900000.0,400000.0,0.0101010101,100000.0,300000.0,0.0075757576,0.0025,0.0025,73596000,73596000,,,0.5380727213435513,0.0040763084950269,-0.0312516984618729,-0.0584270884287189,0.3546388390673406,1.5761726180770694,1.5761726180770694,1.5761726180770694,0.3940431545192673,204596880.0,207496880.0,170.49739999999997,5.166587878787879,-88.9551652173913,-47.58066976744186,1.7637662068965516,1.7637662068965516,5.239820202020202,53.204328205128206,-90.2160347826087,-48.25508837209302,0.0014662980197938,-0.0210169382837118,0.25,0.1458019105077928,0.7435897435897436,3.0,0.0,-7.666666666666667,0.0,0.0,0.0,0.0,0.0,-0.8695652173913043,0.0505050505050505,0.7692307692307693,0.0,0.3802127447044194,0.0062380038387715,0.0015082956259426,0.1301021794662753,95200000.0,116000000.0,59900000.0,142500000.0,53300000.0,8350000.0,51050000.0,122.04545454545456,42.772277227722775,232.5742574257426,0.7374301675977654,2.1041666666666665,0.3869731800766283,0.0025862068965517,0.027175389966846,1991-12-30,,amc,,2025-04-25,1991-12-31,,2.2201587301587304,405726.98412698414
1991-09-30,KLAC,USD,319201,1991-09-30,1991-09-29 20:00:00,1992,Q1,41000000.0,21900000.0,19100000.0,0.4658536585,0,0.0,0.0,15300000.0,2400000.0,17700000.0,39600000.0,0.0,0.0,2400000.0,3800000.0,0.0926829268,1400000.0,0.0341463415,-800000.0,600000.0,0.0146341463,200000.0,400000.0,0.0097560976,0.0025,0.0025,73216000,73216000,,,0.5599868881118881,0.0054632867132867,-0.0136582167832167,-0.0273164335664335,0.3933566433566433,1.558402534965035,1.558402534965035,1.558402534965035,0.3878933566433566,160343040.0,159943040.0,100.2144,3.9108058536585366,-160.34304,-80.17152,1.4052851884312003,1.4052851884312003,3.901049756097561,42.09027368421053,-159.94304,-79.97152,0.0024946514672542,-0.012473257336271,0.2489044697633654,0.1428571428571428,-0.1052631578947368,2.8767676767676766,0.0,-2.5,0.0,0.0,0.0,0.0,0.0,-1.0,0.024390243902439,0.4166666666666667,0.0,0.4376813874527944,0.006072435480373,0.0020120724346076,0.1191679414335664,92900000.0,114100000.0,57700000.0,140200000.0,49500000.0,7250000.0,48900000.0,116.1219512195122,29.17808219178082,205.06849315068493,0.775047258979206,3.084507042253521,0.438877755511022,0.0035056967572304,0.0136582167832167,1991-09-29,,amc,,2025-04-25,1991-09-30,,2.953174603174604,463980.9523809524
1991-06-30,KLAC,USD,319201,1991-06-30,1991-06-29 20:00:00,1991,Q4,40900000.0,22300000.0,18600000.0,0.4547677262,0,0.0,0.0,15100000.0,2300000.0,17400000.0,39700000.0,0.0,0.0,2300000.0,3500000.0,0.0855745721,1200000.0,0.0293398533,-600000.0,600000.0,0.0146699267,200000.0,400000.0,0.0097799511,0.0055,0.0055,72556000,72556000,,,0.5637025194332653,0.0055129830751419,0.1088814157340537,0.0785600088207729,0.4313909256298583,1.5601742102651746,1.5601742102651746,1.5601742102651746,0.3914217983350791,222021360.0,219121360.0,138.76335,5.42839511002445,28.103969620253164,38.95111578947368,1.9613194346289755,1.9613194346289755,5.357490464547677,62.60610285714286,27.736881012658227,38.44234385964912,0.0018016284559287,0.0256732054969846,0.2508833922261484,0.1434343434343434,-0.8285714285714286,2.836693548387097,0.0,19.75,0.0,0.0,0.0,0.0,0.0,0.2784810126582278,0.0537897310513447,0.9565217391304348,0.0,0.4399173960506219,0.0052356020942408,0.002020202020202,0.0692568498814708,91100000.0,113200000.0,55900000.0,139200000.0,46800000.0,6650000.0,47800000.0,101.44254278728606,29.865470852017932,193.3183856502242,0.8872017353579176,3.0135135135135136,0.4655532359081419,0.0035335689045936,0.0303214069132807,1991-06-29,,amc,,2025-04-25,1991-06-30,,2.36859375,315750.0
1991-03-31,KLAC,USD,319201,1991-03-31,1991-03-30 19:00:00,1991,Q3,36600000.0,17400000.0,19200000.0,0.5245901639,0,0.0,0.0,15000000.0,3100000.0,18100000.0,35500000.0,0.0,0.0,3100000.0,4200000.0,0.1147540984,1100000.0,0.0300546448,-500000.0,600000.0,0.0163934426,200000.0,400000.0,0.0109289617,0.0025,0.0025,72556000,72556000,,,0.5044379513754893,0.0055129830751419,-0.056508076520205,-0.0937207122774133,0.2839186283698109,1.5436352610397486,1.5436352610397486,1.5436352610397486,0.3928000441038646,203882360.0,211782360.0,127.426475,5.570556284153006,-49.72740487804878,-29.9827,1.8203782142857143,1.8203782142857143,5.786403278688525,50.42437142857143,-51.654234146341466,-31.144464705882356,0.0019619156851039,-0.0333525666467663,0.2544642857142857,0.1506342494714588,1.880952380952381,2.9655172413793105,0.0,-10.25,0.0,0.0,0.0,0.0,0.0,-0.6585365853658537,0.0737704918032786,0.8709677419354839,0.0,0.4375794659680121,0.0048823790501553,0.0021141649048625,0.0396245658525828,85500000.0,112000000.0,51800000.0,134000000.0,44550000.0,5400000.0,47400000.0,116.8032786885246,30.51724137931034,246.72413793103448,0.7705263157894737,2.949152542372881,0.3647798742138364,0.0035714285714285,0.0372126357572082,1991-03-30,,amc,,2025-04-25,1991-03-31,,2.71140625,371850.0
1990-12-31,KLAC,USD,319201,1990-12-31,1990-12-30 19:00:00,1991,Q2,34800000.0,16900000.0,17900000.0,0.5143678161,0,0.0,0.0,15400000.0,1700000.0,17100000.0,34000000.0,0.0,0.0,1700000.0,2500000.0,0.0718390805,800000.0,0.0229885057,-200000.0,600000.0,0.0172413793,200000.0,-11700000.0,-0.3362068966,-0.16,-0.16,72256000,72256000,,,0.4816209034543844,-0.1619242692648361,0.0110717449069973,-0.0138396811337466,0.366751550044287,1.5472763507528786,1.5472763507528786,1.5472763507528786,0.412422497785651,158240640.0,161540640.0,-3.3812102564102564,4.547144827586207,197.8008,-158.24064,1.4153903398926655,1.4153903398926655,4.641972413793104,64.616256,201.9258,-161.54064,-0.0739380224953589,-0.0063194891021674,0.2665474060822898,0.1573389651531151,1.32,2.969907407407407,0.0,-0.0677966101694915,0.0,0.0,0.0,0.0,0.0,2.25,0.0517241379310344,1.0588235294117647,0.0,,0.0035087719298245,-0.0617740232312566,0.0505148361381753,85100000.0,111800000.0,50700000.0,133500000.0,47550000.0,6100000.0,47550000.0,107.58620689655172,26.09467455621302,250.8284023668639,0.8365384615384616,3.4489795918367347,0.3588110403397027,-0.1046511627906976,0.024911426040744,1990-12-30,,amc,,2025-04-25,1990-12-31,,3.204375,411387.5
1990-09-30,KLAC,USD,319201,1990-09-30,1990-09-29 20:00:00,1991,Q1,37700000.0,18600000.0,19100000.0,0.5066312997,0,0.0,0.0,16200000.0,2000000.0,18200000.0,36800000.0,0.0,0.0,2000000.0,2900000.0,0.0769230769,900000.0,0.023872679,-300000.0,600000.0,0.0159151194,200000.0,400000.0,0.0106100796,0.0025,0.0025,72124000,72124000,,,0.5227108868060563,0.005546004104043,-0.0887360656646886,-0.4617048416615828,0.2079751539016139,1.7067827630192447,1.7067827630192447,1.7067827630192447,0.3951527924130664,142084280.0,155584280.0,88.802675,3.768813793103448,-22.20066875,-4.266795195195195,1.154218359057677,1.154218359057677,4.126903978779841,53.64975172413793,-24.31004375,-4.6722006006006005,0.0028152305096665,-0.2343679399297374,0.231519090170593,0.1424287856071964,4.655172413793103,3.313679245283019,0.0,-16.0,0.0,0.0,0.0,0.0,0.0,-4.203125,0.713527851458886,13.45,0.0,0.4614986941361043,0.0036991368680641,0.0019990004997501,0.0294631468027286,98100000.0,123100000.0,63500000.0,147600000.0,52800000.0,7750000.0,51200000.0,127.71883289124668,35.322580645161295,232.25806451612905,0.7046728971962617,2.547945205479452,0.3875,0.0032493907392363,0.3729687759968942,1990-09-29,,amc,,2025-04-25,1990-09-30,,2.6840983606557374,636203.2786885246
1990-06-30,KLAC,USD,319201,1990-06-30,1990-06-29 20:00:00,1990,Q4,42900000.0,20500000.0,22400000.0,0.5221445221,0,0.0,0.0,16800000.0,2700000.0,19500000.0,40000000.0,0.0,0.0,2700000.0,5600000.0,0.1305361305,2900000.0,0.0675990676,200000.0,3100000.0,0.0722610723,900000.0,2200000.0,0.0512820513,0.0307,0.0307,71728000,71728000,,,0.598092795003346,0.0306714253847869,0.1728753067142538,0.0738902520633504,0.4503122908766451,1.702264108855677,1.702264108855677,1.702264108855677,0.0501896051751059,215184000.0,186484000.0,24.452727272727277,5.015944055944056,17.353548387096772,40.60075471698113,1.7623587223587225,1.7623587223587225,4.346946386946387,33.300714285714285,15.039032258064516,35.18566037735849,0.0102238084615956,0.0246300840211168,0.0294840294840294,0.0200780814277746,-5.125,3.168490153172866,0.0,5.636363636363637,0.0,0.0,0.0,0.0,0.0,0.5725806451612904,0.1655011655011655,2.6296296296296298,0.0,1.0838563089724005,0.0150004702341766,0.0122699386503067,0.5768319205888913,99100000.0,122100000.0,87600000.0,123400000.0,53150000.0,7450000.0,50000000.0,109.30069930069928,36.0,238.8292682926829,0.8234165067178503,2.5,0.3768382352941176,0.018018018018018,0.0989850546509034,1990-06-29,,amc,,2025-04-25,1990-06-30,,1.80296875,400850.0
1990-03-31,KLAC,USD,319201,1990-03-31,1990-03-30 19:00:00,1990,Q3,41600000.0,20500000.0,21100000.0,0.5072115385,0,0.0,0.0,15900000.0,2300000.0,18200000.0,38700000.0,0.0,0.0,2300000.0,5200000.0,0.125,2900000.0,0.0697115385,300000.0,3200000.0,0.0769230769,1000000.0,2200000.0,0.0528846154,0.0075,0.0075,71728000,71728000,,,0.5799687709123355,0.0306714253847869,0.0418246709792549,0.0237006468882444,0.1840285523087218,1.6632277492750391,1.6632277492750391,1.6632277492750391,0.0557662279723399,154932480.0,145732480.0,17.605963636363636,3.7243384615384616,51.64416000000001,91.13675294117648,1.2986796311818944,1.2986796311818944,3.503184615384616,28.025476923076923,48.57749333333334,85.72498823529412,0.0141997339744384,0.0109725217075205,0.0335289186923721,0.0235155790711346,-1.7692307692307692,3.195852534562212,0.0,1.4285714285714286,0.0,0.0,0.0,0.0,0.0,0.4333333333333333,0.03125,0.5652173913043478,0.0,1.071356724308212,0.0152543993879112,0.012933568489124,0.3603892482712469,95300000.0,119300000.0,87900000.0,114800000.0,51700000.0,6550000.0,44850000.0,117.25961538461536,29.414634146341463,200.1951219512195,0.7675276752767528,3.0597014925373136,0.4495614035087719,0.0184409052808046,0.0181240240910104,1990-03-30,,amc,,2025-04-25,1990-03-31,,2.3153968253968253,301860.31746031746
1989-12-31,KLAC,USD,319201,1989-12-31,1989-12-30 19:00:00,1990,Q2,40200000.0,19000000.0,21200000.0,0.5273631841,0,0.0,0.0,16100000.0,1900000.0,18000000.0,37000000.0,0.0,0.0,1900000.0,5100000.0,0.1268656716,3200000.0,0.07960199,600000.0,3800000.0,0.0945273632,1300000.0,2500000.0,0.0621890547,0.01,0.01,71512000,71512000,,,0.5621434164895402,0.0349591676921355,,,0.36357534399821,1.6332923145765743,1.6332923145765743,1.6332923145765743,0.0671216019689003,160902000.0,139702000.0,16.0902,4.002537313432836,0.0,0.0,1.3775856164383562,1.3775856164383562,3.475174129353234,27.39254901960784,0.0,0.0,0.0155374078631713,,0.0410958904109589,0.0291970802919708,-4.15686274509804,3.3516209476309227,0.0,0.0,,,0.0,0.0,0.0,0.0,,0.0,,1.1334536373844637,0.0163072281788902,0.0152068126520681,0.5222899653205056,94300000.0,116800000.0,86800000.0,114300000.0,,,,110.14925373134328,30.31578947368421,208.8947368421053,0.8170731707317073,2.96875,0.4308390022675737,0.021404109589041,,1989-12-30,,amc,,2025-04-25,1989-12-31,,2.61984126984127,514419.0476190476
1989-09-30,KLAC,USD,319201,1989-09-30,1989-09-29 20:00:00,1990,Q1,43200000.0,0.0,43200000.0,1.0,0,0.0,0.0,0.0,0.0,0.0,0.0,0.0,0.0,0.0,43200000.0,1.0,43200000.0,1.0,-43200000.0,0.0,0.0,0.0,0.0,0.0,0.01,0.01,71384000,71384000,,,0.6051776308416452,0.0,,,,,,,,218435040.0,,0.0,5.0563666666666665,0.0,0.0,0.0,0.0,,,0.0,0.0,0.0,,0.0,0.0,,0.0,0.0,0.0,,0.0,0.0,0.0,0.0,0.0,,0.0,,,0.0,0.0,,,,,,,,,,0.0,0.0,0.0,0.0,0.0,0.0,,1989-09-29,,amc,,2025-04-25,1989-09-30,,1.9866666666666664,280584.126984127
1989-06-30,KLAC,USD,319201,1989-06-30,1989-06-29 20:00:00,1989,Q4,43200000.0,0.0,43200000.0,1.0,0,0.0,0.0,0.0,-147400000.0,-147400000.0,-147400000.0,0.0,0.0,0.0,-104200000.0,-2.412037037,-104200000.0,-2.412037037,104200000.0,0.0,0.0,0.0,0.0,0.0,0.0,0.0,71132000,71132000,,,0.6073215992802115,0.0,,,0.3781701625147612,1.5604791092616543,1.5604791092616543,1.5604791092616543,0.0941910813698476,206994120.0,186794120.0,0.0,4.791530555555555,0.0,0.0,1.864811891891892,1.864811891891892,4.323937962962963,-1.7926499040307102,0.0,0.0,0.0,,0.0603603603603603,0.0416666666666666,0.1938579654510556,2.995260663507109,0.0,0.0,,0.0,0.0,0.0,0.0,0.0,,0.0,,0.0,,0.0,0.5482764437946354,84200000.0,111000000.0,76600000.0,104200000.0,,,,112.91666666666669,0.0,0.0,0.7970479704797048,0.0,0.0,0.0,,1989-06-29,,amc,,2025-04-25,1989-06-30,,,
1989-03-31,KLAC,USD,319201,1989-03-31,1989-03-30 19:00:00,1989,Q3,42100000.0,0.0,42100000.0,1.0,0,0.0,0.0,0.0,0.0,0.0,0.0,0.0,0.0,0.0,42100000.0,1.0,42100000.0,1.0,-42100000.0,0.0,0.0,0.0,0.0,0.0,0.01,0.01,71132000,71132000,,,0.591857391891132,0.0,,,,,,,,191345080.0,,0.0,4.54501377672209,0.0,0.0,0.0,0.0,,,0.0,0.0,0.0,,0.0,0.0,,0.0,0.0,0.0,,0.0,0.0,0.0,0.0,0.0,,0.0,,,0.0,0.0,,,,,,,,,,0.0,0.0,0.0,0.0,0.0,0.0,,1989-03-30,,amc,,2025-04-25,1989-03-31,,,
1988-12-31,KLAC,USD,319201,1988-12-31,1988-12-30 19:00:00,1989,Q2,41500000.0,0.0,41500000.0,1.0,0,0.0,0.0,0.0,0.0,0.0,0.0,0.0,0.0,0.0,41500000.0,1.0,41500000.0,1.0,-41500000.0,0.0,0.0,0.0,0.0,0.0,0.01,0.01,70756000,70756000,,,0.586522697721748,0.0,,,,,,,,208022640.0,,0.0,5.012593734939759,0.0,0.0,0.0,0.0,,,0.0,0.0,0.0,,0.0,0.0,,0.0,0.0,0.0,,0.0,0.0,0.0,0.0,0.0,,0.0,,,0.0,0.0,,,,,,,,,,0.0,0.0,0.0,0.0,0.0,0.0,,1988-12-30,,amc,,2025-04-25,1988-12-31,,,
1988-09-30,KLAC,USD,319201,1988-09-30,1988-09-29 20:00:00,1989,Q1,38800000.0,0.0,38800000.0,1.0,0,0.0,0.0,0.0,0.0,0.0,0.0,0.0,0.0,0.0,38800000.0,1.0,38800000.0,1.0,-38800000.0,0.0,0.0,0.0,0.0,0.0,0.01,0.01,70844000,70844000,,,0.5476822313816272,0.0,,,,,,,,245828680.0,,0.0,6.335790721649484,0.0,0.0,0.0,0.0,,,0.0,0.0,0.0,,0.0,0.0,,0.0,0.0,0.0,,0.0,0.0,0.0,0.0,0.0,,0.0,,,0.0,0.0,,,,,,,,,,0.0,0.0,0.0,0.0,0.0,0.0,,1988-09-29,,amc,,2025-04-25,1988-09-30,,,
1988-06-30,KLAC,USD,319201,1988-06-30,1988-06-29 20:00:00,1988,Q4,33700000.0,0.0,33700000.0,1.0,0,0.0,0.0,0.0,-100700000.0,-100700000.0,-100700000.0,0.0,0.0,0.0,-67000000.0,-1.9881305638,-67000000.0,-1.9881305638,67000000.0,0.0,0.0,0.0,0.0,0.0,0.0,0.0,70224000,70224000,,,0.4798929141034404,0.0,,,0.3474595579858738,1.388414217361586,1.388414217361586,1.388414217361586,0.0,329350560.0,304950560.0,0.0,9.773013649851633,0.0,0.0,3.3779544615384616,3.3779544615384616,9.048978041543029,-4.551500895522388,0.0,0.0,0.0,,0.0,0.0,0.3641791044776119,3.295238095238095,0.0,0.0,,0.0,0.0,0.0,0.0,0.0,,0.0,,0.0,,0.0,0.516205285942128,72300000.0,97500000.0,66700000.0,86900000.0,,,,108.96142433234422,0.0,0.0,0.8259803921568627,0.0,0.0,0.0,,1988-06-29,,amc,,2025-04-25,1988-06-30,,,
1988-03-31,KLAC,USD,319201,1988-03-31,1988-03-30 19:00:00,1988,Q3,30300000.0,0.0,30300000.0,1.0,0,0.0,0.0,0.0,0.0,0.0,0.0,0.0,0.0,0.0,30300000.0,1.0,30300000.0,1.0,-30300000.0,0.0,0.0,0.0,0.0,0.0,0.01,0.01,70224000,70224000,,,0.4314764183185235,0.0,,,,,,,,320221440.0,,0.0,10.568364356435644,0.0,0.0,0.0,0.0,,,0.0,0.0,0.0,,0.0,0.0,,0.0,0.0,0.0,,0.0,0.0,0.0,0.0,0.0,,0.0,,,0.0,0.0,,,,,,,,,,0.0,0.0,0.0,0.0,0.0,0.0,,1988-03-30,,amc,,2025-04-25,1988-03-31,,,
1987-12-31,KLAC,USD,319201,1987-12-31,1987-12-30 19:00:00,1988,Q2,25500000.0,0.0,25500000.0,1.0,0,0.0,0.0,0.0,0.0,0.0,0.0,0.0,0.0,0.0,25500000.0,1.0,25500000.0,1.0,-25500000.0,0.0,0.0,0.0,0.0,0.0,0.0075,0.0075,72008000,72008000,,,0.354127319186757,0.0,,,,,,,,247707520.0,,0.0,9.714020392156865,0.0,0.0,0.0,0.0,,,0.0,0.0,0.0,,0.0,0.0,,0.0,0.0,0.0,,0.0,0.0,0.0,0.0,0.0,,0.0,,,0.0,0.0,,,,,,,,,,0.0,0.0,0.0,0.0,0.0,0.0,,1987-12-30,,amc,,2025-04-25,1987-12-31,,,
1987-09-30,KLAC,USD,319201,1987-09-30,1987-09-29 20:00:00,1988,Q1,23500000.0,0.0,23500000.0,1.0,0,0.0,0.0,0.0,0.0,0.0,0.0,0.0,0.0,0.0,23500000.0,1.0,23500000.0,1.0,-23500000.0,0.0,0.0,0.0,0.0,0.0,0.0075,0.0075,69388000,69388000,,,0.3386752752637343,0.0,,,,,,,,342776720.0,,0.0,14.58624340425532,0.0,0.0,0.0,0.0,,,0.0,0.0,0.0,,0.0,0.0,,0.0,0.0,0.0,,0.0,0.0,0.0,0.0,0.0,,0.0,,,0.0,0.0,,,,,,,,,,0.0,0.0,0.0,0.0,0.0,0.0,,1987-09-29,,amc,,2025-04-25,1987-09-30,,,
1987-06-30,KLAC,USD,319201,1987-06-30,1987-06-29 20:00:00,1987,Q4,22600000.0,0.0,22600000.0,1.0,0,0.0,0.0,0.0,-78200000.0,-78200000.0,-78200000.0,0.0,0.0,0.0,-55600000.0,-2.4601769912,-55600000.0,-2.4601769912,55600000.0,0.0,0.0,0.0,0.0,0.0,0.0,0.0,68768000,68768000,,,0.328641228478362,0.0,,,0.376628664495114,1.2651233131689157,1.2651233131689157,1.2651233131689157,0.0,352779840.0,326879840.0,0.0,15.609727433628318,0.0,0.0,4.054940689655172,4.054940689655172,14.463709734513277,-5.87913381294964,0.0,0.0,0.0,,0.0,0.0,0.4658273381294964,3.2096774193548385,0.0,0.0,,0.0,0.0,0.0,0.0,0.0,,0.0,,0.0,,0.0,0.4275244299674267,54800000.0,87000000.0,51100000.0,63200000.0,,,,92.38938053097344,0.0,0.0,0.9741379310344828,0.0,0.0,0.0,,1987-06-29,,amc,,2025-04-25,1987-06-30,,,
1987-03-31,KLAC,USD,319201,1987-03-31,1987-03-30 19:00:00,1987,Q3,22100000.0,0.0,22100000.0,1.0,0,0.0,0.0,0.0,0.0,0.0,0.0,0.0,0.0,0.0,22100000.0,1.0,22100000.0,1.0,-22100000.0,0.0,0.0,0.0,0.0,0.0,0.01,0.01,68768000,68768000,,,0.3213704048394602,0.0,,,,,,,,365158080.0,,0.0,16.522990045248868,0.0,0.0,0.0,0.0,,,0.0,0.0,0.0,,0.0,0.0,,0.0,0.0,0.0,,0.0,0.0,0.0,0.0,0.0,,0.0,,,0.0,0.0,,,,,,,,,,0.0,0.0,0.0,0.0,0.0,0.0,,1987-03-30,,amc,,2025-04-25,1987-03-31,,,
1986-12-31,KLAC,USD,319201,1986-12-31,1986-12-30 19:00:00,1987,Q2,21200000.0,0.0,21200000.0,1.0,0,0.0,0.0,0.0,0.0,0.0,0.0,0.0,0.0,0.0,21200000.0,1.0,21200000.0,1.0,-21200000.0,0.0,0.0,0.0,0.0,0.0,0.01,0.01,68508000,68508000,,,0.3094529106089799,0.0,,,,,,,,233612280.0,,0.0,11.01944716981132,0.0,0.0,0.0,0.0,,,0.0,0.0,0.0,,0.0,0.0,,0.0,0.0,0.0,,0.0,0.0,0.0,0.0,0.0,,0.0,,,0.0,0.0,,,,,,,,,,0.0,0.0,0.0,0.0,0.0,0.0,,1986-12-30,,amc,,2025-04-25,1986-12-31,,,
1986-09-30,KLAC,USD,319201,1986-09-30,1986-09-29 20:00:00,1987,Q1,22200000.0,0.0,22200000.0,1.0,0,0.0,0.0,0.0,0.0,0.0,0.0,0.0,0.0,0.0,22200000.0,1.0,22200000.0,1.0,-22200000.0,0.0,0.0,0.0,0.0,0.0,0.01,0.01,68268000,68268000,,,0.3251889611531025,0.0,,,,,,,,232793880.0,,0.0,10.48621081081081,0.0,0.0,0.0,0.0,,,0.0,0.0,0.0,,0.0,0.0,,0.0,0.0,0.0,,0.0,0.0,0.0,0.0,0.0,,0.0,,,0.0,0.0,,,,,,,,,,0.0,0.0,0.0,0.0,0.0,0.0,,1986-09-29,,amc,,2025-04-25,1986-09-30,,,
1986-06-30,KLAC,USD,319201,1986-06-30,1986-06-29 20:00:00,1986,Q4,23400000.0,0.0,23400000.0,1.0,0,0.0,0.0,0.0,-68100000.0,-68100000.0,-68100000.0,0.0,0.0,0.0,-44700000.0,-1.9102564103,-44700000.0,-1.9102564103,44700000.0,0.0,0.0,0.0,0.0,0.0,0.0,0.0,67604000,67604000,,,0.3461333648896515,0.0,,,0.3771966155848766,1.1182770250281049,1.1182770250281049,1.1182770250281049,0.0,304218000.0,278718000.0,0.0,13.000769230769231,0.0,0.0,4.024047619047619,4.024047619047619,11.911025641025642,-6.235302013422819,0.0,0.0,0.0,,0.0,0.0,0.5704697986577181,3.575609756097561,0.0,0.0,,0.0,0.0,0.0,0.0,0.0,,0.0,,0.0,,0.0,0.4696467664635229,52800000.0,75600000.0,50700000.0,61800000.0,,,,80.76923076923077,0.0,0.0,1.1142857142857143,0.0,0.0,0.0,,1986-06-29,,amc,,2025-04-25,1986-06-30,,,
1986-03-31,KLAC,USD,319201,1986-03-31,1986-03-30 19:00:00,1986,Q3,20200000.0,0.0,20200000.0,1.0,0,0.0,0.0,0.0,0.0,0.0,0.0,0.0,0.0,0.0,20200000.0,1.0,20200000.0,1.0,-20200000.0,0.0,0.0,0.0,0.0,0.0,0.01,0.01,67604000,67604000,,,0.2987988876397846,0.0,,,,,,,,367765760.0,,0.0,18.20622574257425,0.0,0.0,0.0,0.0,,,0.0,0.0,0.0,,0.0,0.0,,0.0,0.0,0.0,,0.0,0.0,0.0,0.0,0.0,,0.0,,,0.0,0.0,,,,,,,,,,0.0,0.0,0.0,0.0,0.0,0.0,,1986-03-30,,amc,,2025-04-25,1986-03-31,,,
1985-12-31,KLAC,USD,319201,1985-12-31,1985-12-30 19:00:00,1986,Q2,20100000.0,0.0,20100000.0,1.0,0,0.0,0.0,0.0,0.0,0.0,0.0,0.0,0.0,0.0,20100000.0,1.0,20100000.0,1.0,-20100000.0,0.0,0.0,0.0,0.0,0.0,0.01,0.01,67412000,67412000,,,0.2981664985462529,0.0,,,,,,,,387619000.0,,0.0,19.28452736318408,0.0,0.0,0.0,0.0,,,0.0,0.0,0.0,,0.0,0.0,,0.0,0.0,0.0,,0.0,0.0,0.0,0.0,0.0,,0.0,,,0.0,0.0,,,,,,,,,,0.0,0.0,0.0,0.0,0.0,0.0,,1985-12-30,,amc,,2025-04-25,1985-12-31,,,
1985-09-30,KLAC,USD,319201,1985-09-30,1985-09-29 20:00:00,1986,Q1,18900000.0,0.0,18900000.0,1.0,0,0.0,0.0,0.0,0.0,0.0,0.0,0.0,0.0,0.0,18900000.0,1.0,18900000.0,1.0,-18900000.0,0.0,0.0,0.0,0.0,0.0,0.01,0.01,67480000,67480000,,,0.2800829875518672,0.0,,,,,,,,292863200.0,,0.0,15.495407407407408,0.0,0.0,0.0,0.0,,,0.0,0.0,0.0,,0.0,0.0,,0.0,0.0,0.0,,0.0,0.0,0.0,0.0,0.0,,0.0,,,0.0,0.0,,,,,,,,,,0.0,0.0,0.0,0.0,0.0,0.0,,1985-09-29,,amc,,2025-04-25,1985-09-30,,,
