date,symbol,reportedCurrency,cik,fillingDate,acceptedDate,calendarYear,period,revenue,costOfRevenue,grossProfit,grossProfitRatio,researchAndDevelopmentExpenses,generalAndAdministrativeExpenses,sellingAndMarketingExpenses,sellingGeneralAndAdministrativeExpenses,otherExpenses,operatingExpenses,costAndExpenses,interestIncome,interestExpense,depreciationAndAmortization,ebitda,ebitdaratio,operatingIncome,operatingIncomeRatio,totalOtherIncomeExpensesNet,incomeBeforeTax,incomeBeforeTaxRatio,incomeTaxExpense,netIncome,netIncomeRatio,eps,epsdiluted,weightedAverageShsOut,weightedAverageShsOutDil,link,finalLink,revenuePerShare,netIncomePerShare,operatingCashFlowPerShare,freeCashFlowPerShare,cashPerShare,bookValuePerShare,tangibleBookValuePerShare,shareholdersEquityPerShare,interestDebtPerShare,marketCap,enterpriseValue,peRatio,priceToSalesRatio,pocfratio,pfcfRatio,pbRatio,ptbRatio,evToSales,enterpriseValueOverEBITDA,evToOperatingCashFlow,evToFreeCashFlow,earningsYield,freeCashFlowYield,debtToEquity,debtToAssets,netDebtToEBITDA,currentRatio,interestCoverage,incomeQuality,dividendYield,payoutRatio,salesGeneralAndAdministrativeToRevenue,researchAndDdevelopementToRevenue,intangiblesToTotalAssets,capexToOperatingCashFlow,capexToRevenue,capexToDepreciation,stockBasedCompensationToRevenue,grahamNumber,roic,returnOnTangibleAssets,grahamNetNet,workingCapital,tangibleAssetValue,netCurrentAssetValue,investedCapital,averageReceivables,averagePayables,averageInventory,daysSalesOutstanding,daysPayablesOutstanding,daysOfInventoryOnHand,receivablesTurnover,payablesTurnover,inventoryTurnover,roe,capexPerShare,report_date,epsEstimated,time,revenueEstimated,updatedFromDate,fiscalDateEnding,surprise(%),QuarterAvgPrice,QuarterAvgVolume
2025-03-31,L,USD,60086,2025-05-05,2025-05-05 09:39:48,2025,Q1,3631000000.0,0.0,3631000000.0,1.0,0,0.0,0.0,0.0,0.0,0.0,0.0,0.0,0.0,0.0,0.0,0.0,0.0,0.0,0.0,514000000.0,0.1415587992,-122000000.0,370000000.0,0.1019003029,2.47,2.47,150000000,150000000,https://www.sec.gov/Archives/edgar/data/60086/000006008625000091/0000060086-25-000091-index.htm,https://www.sec.gov/Archives/edgar/data/60086/000006008625000091/l-20250331.htm,24.206666666666667,2.466666666666667,4.906666666666666,4.253333333333333,32.76,120.22666666666667,117.91333333333333,114.60666666666668,59.64,13786500000.0,22172500000.0,9.315202702702702,3.7968879096667583,18.73165760869565,21.608934169279,0.8019603280786457,0.8019603280786457,6.106444505645827,0.0,30.12567934782609,34.75313479623824,0.0268378486200268,0.0462771551880462,0.5203885754173696,0.1075990474128599,0.0,3.1452032845984377,0.0,1.8775510204081631,0.0009429514380009,0.0351351351351351,0.0,0.0,0.0041735825455245,0.1331521739130435,0.0269898099697053,0.0,0.0,79.75380868648217,0.0,0.004468868893049,-347.3433333333333,10711000000.0,17687000000.0,-49404000000.0,21732000000.0,10427000000.0,55000000.0,0.0,267.4469843018452,0.0,0.0,0.3365152919369787,0.0,0.0,0.0215228898842417,0.6533333333333333,2025-05-05,,bmo,,2025-05-11,2025-03-31,,85.55266666666667,755199.1166666667
2024-12-31,L,USD,60086,2025-02-11,2025-02-11 12:05:33,2024,Q4,4470000000.0,0.0,4470000000.0,1.0,0,0.0,0.0,0.0,4282000000.0,4282000000.0,4282000000.0,0.0,110000000.0,-14000000.0,284000000.0,0.0635346756,188000000.0,0.0420581655,-14000000.0,174000000.0,0.0389261745,-1000000.0,187000000.0,0.0418344519,0.86,0.86,217830000,217830000,https://www.sec.gov/Archives/edgar/data/60086/000006008625000036/0000060086-25-000036-index.htm,https://www.sec.gov/Archives/edgar/data/60086/000006008625000036/l-20241231.htm,20.520589450488917,0.8584676123582611,4.306110269476197,3.52109443143736,31.676077675251346,54.56548684754166,52.29766331542946,78.34549878345499,41.56452279300372,18448022700.0,26851022700.0,24.66313195187165,4.127074429530201,19.66740159914712,24.05218083441982,1.0809810559006212,1.0809810559006212,6.006940201342282,94.5458545774648,28.625823773987207,35.007852281616685,0.0101365877005344,0.041576271477593,0.5240829719910934,0.1178516839719601,29.588028169014084,0.0,1.709090909090909,4.962962962962963,0.0007046825674168,0.0695187165775401,0.0,0.0,0.0065092499868233,0.185501066098081,0.0389261744966442,0.0,0.0,38.90095305763237,-1.7189132706374086,0.0024801718878484,-227.50768948262407,-115000000.0,11392000000.0,-64006000000.0,11117000000.0,10101000000.0,189500000.0,0.0,202.63087248322148,0.0,0.0,0.4441573926868044,0.0,0.0,0.0109574592757529,0.7987880457237295,2025-02-10,,bmo,,2025-05-10,2024-12-31,,82.4134375,747936.484375
2024-09-30,L,USD,60086,2024-11-04,2024-11-04 09:56:40,2024,Q3,706000000.0,930000000.0,-224000000.0,-0.3172804533,0,0.0,0.0,930000000.0,0.0,930000000.0,930000000.0,0.0,114000000.0,0.0,0.0,0.0,673000000.0,0.9532577904,-123000000.0,550000000.0,0.7790368272,125000000.0,401000000.0,0.5679886686,1.83,1.82,219670000,219940000,https://www.sec.gov/Archives/edgar/data/60086/000006008624000196/0000060086-24-000196-index.htm,https://www.sec.gov/Archives/edgar/data/60086/000006008624000196/l-20240930.htm,3.213911776756043,1.8254654709336733,4.251832293895388,3.614512678108072,26.35771839577548,83.07005963490691,81.48131287840852,79.01397550871762,43.92042609368598,17364913500.0,26350913500.0,10.826005922693266,24.5961947592068,18.591984475374733,21.87016813602015,1.0004559255631733,1.0004559255631733,37.32424008498584,0.0,28.21296948608137,33.18754848866499,0.0230925423268016,0.0457243855548143,0.5492884715100536,0.1140198763409354,0.0,0.0214565387627251,5.9035087719298245,2.3291770573566084,0.0008062234228808,0.0349127182044887,0.0,0.0,0.0041737924106342,0.1498929336188436,0.1983002832861189,0.0,0.0,56.96787595020694,0.0124278994992341,0.0048157755680453,-236.6071835025265,-24992000000.0,17899000000.0,-64821000000.0,-13954000000.0,10209000000.0,199500000.0,0.0,1292.3796033994336,26.032258064516128,0.0,0.0696389820477411,3.45724907063197,0.0,0.0231030708071671,0.6373196157873173,2024-11-04,,bmo,,2025-04-25,2024-09-30,,78.440625,622452.078125
2024-06-30,L,USD,60086,2024-07-29,2024-07-29 07:49:55,2024,Q2,4267000000.0,968000000.0,3299000000.0,0.7731427232,0,0.0,0.0,0.0,3686000000.0,3686000000.0,3686000000.0,0.0,114000000.0,0.0,0.0,0.0,594000000.0,0.1392078744,-87000000.0,507000000.0,0.1188188423,112000000.0,369000000.0,0.0864776189,1.67,1.67,221350000,221600000,https://www.sec.gov/Archives/edgar/data/60086/000006008624000148/0000060086-24-000148-index.htm,https://www.sec.gov/Archives/edgar/data/60086/000006008624000148/l-20240630.htm,19.27716286424215,1.6670431443415406,4.300880957759205,3.0630223627738875,31.077479105489044,77.70950982606732,76.14185678789248,74.0185227016038,43.754235373842334,16541485500.0,25642485500.0,11.20696849593496,3.8766078040778074,17.375509978991598,24.397471238938053,1.0096121520996093,1.0096121520996093,6.009488047808765,0.0,26.93538392857143,37.82077507374631,0.0223075491013186,0.0409878544463252,0.58416748046875,0.1180774023218229,0.0,0.6683521121153004,5.2105263157894735,2.5799457994579944,0.0008463568764727,0.037940379403794,0.0,0.0,0.0042809381052839,0.167016806722689,0.0372627138504804,1.4722222222222223,0.0,52.69081128185388,0.008125666164886,0.0045719241729649,-222.57510729613733,-8330000000.0,16854000000.0,-47069000000.0,2727000000.0,10017000000.0,166000000.0,0.0,216.82681040543707,12.086776859504132,0.0,0.4150778210116732,7.446153846153846,0.0,0.02252197265625,0.718319403659363,2024-07-29,,bmo,,2025-04-25,2024-06-30,,75.77174603174603,748246.1587301587
2024-03-31,L,USD,60086,2024-05-06,2024-05-06 10:38:32,2024,Q1,4231000000.0,0.0,4231000000.0,1.0,0,0.0,0.0,0.0,3548000000.0,3548000000.0,3548000000.0,0.0,103000000.0,106000.0,706106000.0,0.1668886788,706000000.0,0.1668636256,-77000000.0,629000000.0,0.1486646183,144000000.0,457000000.0,0.1080122902,2.05,2.05,222470000,222780000,https://www.sec.gov/Archives/edgar/data/60086/000006008624000086/0000060086-24-000086-index.htm,https://www.sec.gov/Archives/edgar/data/60086/000006008624000086/l-20240331.htm,19.018294601519305,2.054209556344676,0.8900076414797501,0.175304535442981,32.14365981930148,76.40580752461005,74.84604665797636,72.74688722074886,45.875848429001664,17236975600.0,26783975600.0,9.42941772428884,4.073972016071851,87.05543232323232,441.9737333333333,1.0650627533366288,1.0650627533366288,6.330412573859608,37.93194732802157,135.27260404040405,686.7686051282051,0.0265127717649028,0.002262577896786,0.6242585269401878,0.1248733097668899,13.520632879482685,0.663774147950369,6.854368932038835,0.4332603938730853,0.0008122074501283,0.0306345733041575,0.0,0.0,0.0042889278916273,0.803030303030303,0.0375797683762703,0.0,0.0,57.98569130200821,0.0095309898991158,0.005672860884569,-222.23895356677303,-8563000000.0,16651000000.0,-47003000000.0,2507000000.0,4877000000.0,140500000.0,0.0,207.48286457102336,0.0,0.0,0.4337707607135534,0.0,0.0,0.028237765694513,0.714703106036769,2024-05-06,,bmo,,2025-04-25,2024-03-31,,73.9372131147541,783622.8524590164
2023-12-31,L,USD,60086,2024-02-06,2024-02-06 08:44:34,2023,Q4,4192000000.0,0.0,4192000000.0,1.0,0,0.0,0.0,0.0,3579000000.0,3579000000.0,3579000000.0,0.0,96000000.0,228000000.0,906000000.0,0.2161259542,613000000.0,0.146230916,0.0,613000000.0,0.146230916,136000000.0,446000000.0,0.1063931298,1.99,1.98,223800000,223760000,https://www.sec.gov/Archives/edgar/data/60086/000006008624000029/0000060086-24-000029-index.htm,https://www.sec.gov/Archives/edgar/data/60086/000006008624000029/l-20231231.htm,18.73100983020554,1.992850759606792,2.131367292225201,1.1349419124218052,26.300268096514746,73.83824843610367,71.6130473637176,70.16979445933869,40.656836461126005,15574242000.0,24178242000.0,8.729956278026906,3.715229484732824,32.65040251572327,61.315913385826775,0.991737264391238,0.991737264391238,5.767710400763359,26.68680132450331,50.688138364779874,95.18992913385829,0.0286370277282194,0.016308979916968,0.5732934284258787,0.1136785484298647,9.496688741721854,1.8478073946689595,6.385416666666667,1.0695067264573992,0.0008989201529037,0.0313901345291479,0.0,0.0,0.0062881169741278,0.4675052410901467,0.0531965648854961,0.0,0.0085877862595419,56.09236475911205,0.0077520639667165,0.0056671622256953,-253.7354781054513,986000000.0,16027000000.0,-60523000000.0,12202000000.0,4718500000.0,261500000.0,0.0,0.0,0.0,0.0,0.0,0.0,0.0,0.0284004075394803,0.9964253798033958,2024-02-05,,bmo,,2025-04-25,2023-12-31,,66.47444444444444,875920.3015873015
2023-09-30,L,USD,60086,2023-10-30,2023-10-30 11:55:58,2023,Q3,3897000000.0,860000000.0,3037000000.0,0.7793174237,0,0.0,0.0,0.0,3897000000.0,3897000000.0,3897000000.0,0.0,94000000.0,0.0,0.0,0.0,173000000.0,0.0443931229,183000000.0,356000000.0,0.0913523223,80000000.0,253000000.0,0.0649217347,1.12,1.12,225640000,225990000,https://www.sec.gov/Archives/edgar/data/60086/000006008623000177/0000060086-23-000177-index.htm,https://www.sec.gov/Archives/edgar/data/60086/000006008623000177/l-20230930.htm,17.270873958517992,1.1212550966140755,5.659457542988831,4.932636057436625,25.82432192873604,67.1778053536607,65.6443892926786,64.03120014181883,41.12745967027123,14285268400.0,22709268400.0,14.11587786561265,3.665709109571466,11.186584494909946,12.834922192273137,0.988736738648948,0.988736738648948,5.827371927123428,0.0,17.78329553641347,20.40365534591195,0.0177105527817734,0.0779124318028214,0.635797342192691,0.1201271103322915,0.0,2.362514590628648,1.8404255319148937,4.626811594202898,0.0009800305887147,0.0553359683794466,0.0,0.0,0.0045247093593482,0.1284259984338293,0.0420836540928919,1.5922330097087378,0.0,40.19197014056329,0.0064762721151915,0.0033235684352955,-214.5286739939727,8171000000.0,14812000000.0,-47143000000.0,19191000000.0,4718500000.0,317500000.0,0.0,217.9445727482679,46.46511627906977,0.0,0.4129490304122072,1.936936936936937,0.0,0.0175110741971207,0.726821485552207,2023-10-30,,bmo,,2025-04-25,2023-09-30,,62.313968253968255,699558.0476190476
2023-06-30,L,USD,60086,2023-07-31,2023-07-31 10:42:50,2023,Q2,574000000.0,-2451000000.0,3025000000.0,5.2700348432,0,0.0,0.0,0.0,3833000000.0,3833000000.0,3833000000.0,0.0,91000000.0,0.0,0.0,0.0,514000000.0,0.8954703833,-6000000.0,508000000.0,0.8850174216,120000000.0,360000000.0,0.6271777003,1.58,1.58,227690000,227970000,https://www.sec.gov/Archives/edgar/data/60086/000006008623000134/0000060086-23-000134-index.htm,https://www.sec.gov/Archives/edgar/data/60086/000006008623000134/l-20230630.htm,2.520971496332733,1.5810971057139092,6.298036804427072,5.683165707760551,6.811893363784092,67.94325618165048,66.41925424919847,64.13544731872283,40.168650357942816,13520232200.0,22112232200.0,9.38905013888889,23.55441149825784,9.428334867503487,10.44840200927357,0.925853057590906,0.925853057590906,38.52305261324042,0.0,15.419966666666667,17.088278361669243,0.0266267616320968,0.0957084154220369,0.620078066150791,0.117069828176917,0.0,2.4627659574468086,5.648351648351649,3.695876288659794,0.0010354851745815,0.0388888888888888,0.0,0.0,0.0044862761322352,0.0976290097629009,0.2439024390243902,8.235294117647058,0.0,47.76607926038351,0.0050253798920296,0.0046753246753246,-264.9479555536036,275000000.0,15123000000.0,-61414000000.0,10950000000.0,4708000000.0,205500000.0,0.0,0.0,-7.013463892288862,0.0,0.0,-12.832460732984291,0.0,0.024652468670821,0.6148710966665203,2023-07-31,,bmo,,2025-04-25,2023-06-30,,57.87645161290323,771001.0322580645
2023-03-31,L,USD,60086,2023-05-01,2023-05-01 10:14:51,2023,Q1,3756000000.0,0.0,3756000000.0,1.0,0,0.0,0.0,0.0,3756000000.0,3756000000.0,3756000000.0,0.0,95000000.0,0.0,0.0,0.0,0.0,0.0,519000000.0,519000000.0,0.1381789137,115000000.0,375000000.0,0.0998402556,1.61,1.61,233300000,233620000,https://www.sec.gov/Archives/edgar/data/60086/000006008623000087/0000060086-23-000087-index.htm,https://www.sec.gov/Archives/edgar/data/60086/000006008623000087/l-20230331.htm,16.09944277753965,1.607372481783112,3.0818688384054864,2.4003429061294472,187.5953707672525,65.6408058294042,64.15773681954565,61.941705957994,39.23274753536219,13536066000.0,22000066000.0,9.024044,3.6038514376996806,18.82623922114048,24.17154642857143,0.9366871496782232,0.9366871496782232,5.857312566560171,0.0,30.59814464534075,39.285832142857146,0.0277037656288023,0.0413709566723448,0.626807833367933,0.118312434691745,0.0,2.2595063092152783,0.0,1.7797029702970295,0.001108150625152,0.04,0.0,0.0,0.0045193312434691,0.2211404728789986,0.042332268370607,0.0,0.0,47.33050133593097,0.0,0.0049203558401343,-44.65495070724389,29645000000.0,14968000000.0,-8064000000.0,40089000000.0,4708000000.0,176500000.0,0.0,225.62300319488816,0.0,0.0,0.3988954970263381,0.0,0.0,0.0259497612621963,0.6815259322760394,2023-05-01,,bmo,,2025-04-25,2023-03-31,,59.255967741935486,898801.6451612903
2022-12-31,L,USD,60086,2023-02-07,2023-02-07 16:51:34,2022,Q4,3793000000.0,0.0,3793000000.0,1.0,0,0.0,0.0,886000000.0,3794000000.0,3794000000.0,775000000.0,0.0,94000000.0,-556000000.0,323000000.0,0.0851568679,452000000.0,0.1191668864,24000000.0,476000000.0,0.1254943317,88000000.0,364000000.0,0.0959662536,1.53,1.52,238080068,238080000,https://www.sec.gov/Archives/edgar/data/60086/000006008623000025/0000060086-23-000025-index.htm,https://www.sec.gov/Archives/edgar/data/60086/000006008623000025/l-20221231.htm,15.931615073295426,1.5288974127813169,2.612566458104338,1.6759067793949052,180.6661110328648,63.541648518010334,58.236710517068566,61.315506680718855,38.27703879856082,13887210366.44,22374210366.44,9.53791920771978,3.661273494974954,22.32670476919614,34.80503851238095,0.951309108538156,0.951309108538156,5.898816337052466,69.27000113448918,35.971399302958204,56.07571520411028,0.0262111677144062,0.0287314723023299,0.6178243595013015,0.119466447664715,26.275541795665635,0.0256632899179932,4.808510638297872,1.752112676056338,0.0010801305376815,0.0412087912087912,0.0,0.0,0.0167298063422258,0.3585209003215434,0.0587925125230688,-1.7286821705426356,0.0,45.92673719489932,0.0102542993261874,0.0049036116986164,-72.88724396701701,-20198000000.0,13865000000.0,-59834000000.0,-8580000000.0,4729000000.0,246000000.0,0.0,0.0,0.0,0.0,0.0,0.0,0.0,0.0249349225921359,0.9366596787094332,2023-02-06,,bmo,,2025-04-25,2022-12-31,,55.735079365079365,803242.6666666666
2022-09-30,L,USD,60086,2022-10-31,2022-10-31 11:06:32,2022,Q3,3461000000.0,760000000.0,2701000000.0,0.780410286,0,0.0,0.0,0.0,3493000000.0,3493000000.0,3493000000.0,0.0,92000000.0,0.0,0.0,0.0,282000000.0,0.0814793412,-92000000.0,190000000.0,0.0548974285,47000000.0,130000000.0,0.0375613984,0.54,0.54,240370000,240760000,https://www.sec.gov/Archives/edgar/data/60086/000006008622000109/0000060086-22-000109-index.htm,https://www.sec.gov/Archives/edgar/data/60086/000006008622000109/l-20220930.htm,14.39863543703457,0.5408328826392644,5.183675167450181,4.663643549527811,175.77068685776095,60.960186379331866,59.5290593668095,57.60286225402505,39.027332861838,11980040800.0,20383040800.0,23.038540000000005,3.461439121641144,9.6148,10.686923104371097,0.8652347826086957,0.8652347826086957,5.889350130020225,0.0,16.35878073836276,18.182908831400532,0.0108513820754266,0.0935723023581021,0.6708796764408493,0.1236703012874279,0.0,0.7553282182438192,3.065217391304348,8.713286713286713,0.0012520825471646,0.1153846153846153,0.0,0.0,0.0045798884317876,0.1003210272873194,0.0361167292689974,1.050420168067227,0.0,26.47554052186903,0.0038060774919869,0.0017387350034105,-46.23913133918542,-287000000.0,14309000000.0,-59572000000.0,10006000000.0,9579500000.0,339500000.0,0.0,245.94625830684777,42.51315789473684,0.0,0.3659336011841827,2.116991643454039,0.0,0.0093889932110356,0.5200316179223696,2022-10-31,,bmo,,2025-04-25,2022-09-30,,56.115625,869282.140625
2022-06-30,L,USD,60086,2022-08-01,2022-08-01 10:47:53,2022,Q2,3388000000.0,715000000.0,2673000000.0,0.788961039,0,0.0,0.0,0.0,3381000000.0,3381000000.0,766000000.0,0.0,96000000.0,0.0,0.0,0.0,2622000000.0,0.7739079103,-2369000000.0,253000000.0,0.0746753247,48000000.0,180000000.0,0.0531286895,0.68,0.68,245450000,245940000,https://www.sec.gov/Archives/edgar/data/60086/000006008622000075/0000060086-22-000075-index.htm,https://www.sec.gov/Archives/edgar/data/60086/000006008622000075/l-20220630.htm,13.803218578121816,0.7333469138317377,4.167854960277042,3.3896924017111427,181.8170706864942,66.08677938480342,64.67712365043798,62.0737421063353,38.20737421063353,14545367000.0,22876367000.0,20.20189861111111,4.293201593860685,14.218345063538612,17.482412259615383,0.9546709766342872,0.9546709766342872,6.752174439197167,0.0,22.362040078201368,27.495633413461537,0.0123750744824795,0.0572003442745721,0.6092150170648464,0.1204344046398775,0.0,0.82053494391717,27.3125,5.683333333333334,0.0010312562068732,0.0833333333333333,0.0,0.0,0.0044893669473602,0.1867057673509286,0.0563754427390791,11.9375,0.0,32.003682789368696,0.0366515794525317,0.0023460410557184,-36.45243430433897,-208000000.0,15875000000.0,-59899000000.0,10100000000.0,9480000000.0,358000000.0,0.0,257.70070838252656,40.27972027972028,0.0,0.3492423461498815,2.234375,0.0,0.0118141244421107,0.7781625585658993,2022-08-01,,bmo,,2025-04-25,2022-06-30,,62.91370967741936,995374.3064516129
2022-03-31,L,USD,60086,2022-05-02,2022-05-02 10:48:37,2022,Q1,3402000000.0,0.0,3402000000.0,1.0,0,0.0,0.0,0.0,3382000000.0,3382000000.0,3382000000.0,0.0,96000000.0,-510000000.0,25000000.0,0.0073486185,558000000.0,0.164021164,-119000000.0,439000000.0,0.1290417402,87000000.0,322000000.0,0.0946502058,1.3,1.29,247970000,248480000,https://www.sec.gov/Archives/edgar/data/60086/000006008622000022/0000060086-22-000022-index.htm,https://www.sec.gov/Archives/edgar/data/60086/000006008622000022/l-20220331.htm,13.719401540508931,1.298544178731298,1.7058515142960842,1.2178892607976772,191.1198935355083,71.35943864177118,69.95604306972618,66.84276323748841,37.7948945436948,16073415399.999998,24551415400.0,12.479359782608697,4.724695884773662,37.99861796690307,53.2232298013245,0.9697384856711914,0.9697384856711914,7.216759376837155,982.056616,58.04117115839244,81.29607748344371,0.0200330789683939,0.018788788349239,0.5596380090497738,0.1172040836955423,339.12,1.011406844106464,5.8125,1.2514792899408285,0.0009954324953239,0.0496894409937888,0.0,0.0,0.0043970484180733,0.2860520094562648,0.0355673133450911,0.0,0.0,44.19232200934895,0.0073736256384855,0.0040865018528859,-28.68391337661814,9000000.0,17347000000.0,-60651000000.0,10253000000.0,4629500000.0,243000000.0,0.0,244.94708994708995,0.0,0.0,0.3674262879360622,0.0,0.0,0.0194268476621417,0.487962253498407,2022-05-02,,bmo,,2025-04-25,2022-03-31,,61.299838709677424,785017.0483870967
2021-12-31,L,USD,60086,2022-02-08,2022-02-08 15:23:37,2021,Q4,3661000000.0,0.0,3661000000.0,1.0,0,0.0,0.0,3571000000.0,0.0,3571000000.0,749000000.0,0.0,100000000.0,-533000000.0,26000000.0,0.0071018847,2912000000.0,0.7954110899,-2453000000.0,459000000.0,0.1253755804,88000000.0,343000000.0,0.0936902486,1.37,1.37,252520046,252520000,https://www.sec.gov/Archives/edgar/data/60086/000006008622000007/0000060086-22-000007-index.htm,https://www.sec.gov/Archives/edgar/data/60086/000006008622000007/l-20211231.htm,14.497858914535442,1.3583080053771257,3.750197320968333,3.136384665477211,197.42591049583444,75.93456560672415,74.1208482117891,70.67161709609383,36.349589450019344,14585557856.96,23043557856.96,10.630873073586006,3.984036562950013,15.401856237550158,18.416108405252523,0.8173012359609997,0.8173012359609997,6.294334295809888,886.2906868061538,24.33321843395987,29.095401334545453,0.0235164128354765,0.0543002885297301,0.5087414546677127,0.1112268149854213,325.3076923076923,3.39344262295082,29.12,2.552560646900269,0.0010969755258531,0.0466472303206997,0.0,0.0,0.0056109572930193,0.1636747624076029,0.0423381589729582,0.0,0.0,46.47430497842707,0.0369899586836947,0.0042258032722255,-49.885148524010646,438000000.0,18717000000.0,-61830000000.0,10784000000.0,4593500000.0,377500000.0,0.0,0.0,0.0,0.0,0.0,0.0,0.0,0.0192199932758041,0.6138126554911209,2022-02-07,0.806,bmo,,2025-04-25,2021-12-31,0.6997518610421837,56.73109375,735292.671875
2021-09-30,L,USD,60086,2021-11-01,2021-11-01 07:00:50,2021,Q3,3371000000.0,638000000.0,2733000000.0,0.8107386532,0,0.0,0.0,0.0,3282000000.0,3282000000.0,3282000000.0,0.0,99000000.0,0.0,0.0,0.0,403000000.0,0.1195490952,-99000000.0,304000000.0,0.0901809552,58000000.0,220000000.0,0.0652625334,0.86,0.85,256760000,257300000,https://www.sec.gov/Archives/edgar/data/60086/000114036121036074/0001140361-21-036074-index.htm,https://www.sec.gov/Archives/edgar/data/60086/000114036121036074/brhc10030262_10q.htm,13.128992054837202,0.8568312821311731,4.412681102975541,3.851846081944228,194.83953886898271,74.50537466895155,73.14612868047982,69.39164978968687,35.8739679077738,13847066800.0,22148066800.0,15.735303181818182,4.107702996143577,12.221594704324804,14.001078665318504,0.7771828478419487,0.7771828478419487,6.570177039454168,0.0,19.54816134157105,22.3944052578362,0.0158878413152451,0.0714230684580795,0.511421675927485,0.111494506032352,0.0,0.9518779342723004,4.070707070707071,4.605691056910569,0.0011554793683814,0.0727272727272727,0.0,0.0,0.0042703668355235,0.1270962047661076,0.0427172945713438,0.0,0.0,36.57568954669388,0.0051537998941978,0.0027034665814665,-22.116957470010902,-41000000.0,18781000000.0,-61785000000.0,10186000000.0,9174500000.0,659500000.0,0.0,245.2773657668348,93.80877742946709,0.0,0.3669315336889082,0.9593984962406016,0.0,0.0123477577594432,0.5608350210313133,2021-11-01,0.75,bmo,,2025-04-25,2021-09-30,0.1333333333333333,54.32640625,903109.203125
2021-06-30,L,USD,60086,2021-08-02,2021-08-02 11:54:35,2021,Q2,3299000000.0,0.0,3299000000.0,1.0,0,0.0,0.0,0.0,3299000000.0,3299000000.0,3299000000.0,0.0,100000000.0,0.0,0.0,0.0,1127000000.0,0.3416186723,-115000000.0,1012000000.0,0.3067596241,219000000.0,754000000.0,0.2285541073,2.87,2.86,262760000,263339999,https://www.sec.gov/Archives/edgar/data/60086/000114036121026371/0001140361-21-026371-index.htm,https://www.sec.gov/Archives/edgar/data/60086/000114036121026371/brhc10027453_10q.htm,12.555183437357284,2.8695387425787797,1.556553508905465,1.1912010960572386,191.35332622925864,73.82402192114478,72.49200791596894,68.81945501598416,35.050997107626735,14359834000.0,22891834000.0,4.761218169761273,4.352783873901182,35.10961858190709,45.87806389776358,0.7941068406790909,0.7941068406790909,6.939022127917551,0.0,55.9702542787286,73.13684984025559,0.0525075707699685,0.021796909351459,0.5037880882596915,0.1116312126262131,0.0,20.932989690721648,11.27,0.5157629255989912,0.0011142190083812,0.0212201591511936,0.0,0.0,0.0042887952161552,0.2347188264058679,0.0290997271900575,0.0,0.0,66.65809837716112,0.0109088326254865,0.0092790863668807,-19.251408129091185,15468000000.0,19048000000.0,-45966000000.0,25665000000.0,8850500000.0,482000000.0,0.0,249.94846923310092,0.0,0.0,0.3600742196027068,0.0,0.0,0.0416966211358734,0.3653524128482265,2021-08-02,0.75,bmo,,2025-04-25,2021-06-30,0.6,55.985396825396826,807784.619047619
2021-03-31,L,USD,60086,2021-05-07,2021-05-07 11:30:13,2021,Q1,3622000000.0,0.0,3622000000.0,1.0,0,0.0,0.0,3575000000.0,0.0,3575000000.0,914000000.0,0.0,125000000.0,-532000000.0,0.0,0.0,2708000000.0,0.7476532303,-2301000000.0,407000000.0,0.112368857,114000000.0,261000000.0,0.0720596356,0.98,0.97,267390000,267760000,https://www.sec.gov/Archives/edgar/data/60086/000114036121016374/0001140361-21-016374-index.htm,https://www.sec.gov/Archives/edgar/data/60086/000114036121016374/brhc10024208_10q.htm,13.545757133774636,0.9761023224503534,0.5011406559706796,0.175773215153895,181.48023486293428,69.32570402782453,68.02049440891581,64.5873069299525,34.63854295224204,13711759200.0,22188759200.0,13.13386896551724,3.785687244616234,102.32656119402984,291.73955744680853,0.7939640532715692,0.7939640532715692,6.126106902263943,0.0,165.5877552238806,472.1012595744681,0.019034756678049,0.0034277148040931,0.5290677475390851,0.1142053621648647,0.0,33.15742793791574,21.664,0.4573378839590443,0.0012398117376507,0.0651340996168582,0.0,0.0,0.0043622273607899,0.6492537313432836,0.0240198785201546,0.0,0.0,37.66279273554552,0.0244619343433572,0.0032765893341367,-24.45024122068888,14503000000.0,18188000000.0,-46514000000.0,24773000000.0,4269500000.0,201000000.0,0.0,212.17835450027607,0.0,0.0,0.4241714486473826,0.0,0.0,0.0151129125651418,0.3253674408167845,2021-05-03,0.75,bmo,5563392000.0,2025-04-25,2021-03-31,0.08,48.71901639344262,969103.6393442624
2020-12-31,L,USD,60086,2021-02-09,2021-02-09 15:58:18,2020,Q4,3709000000.0,0.0,3709000000.0,1.0,0,0.0,0.0,3608000000.0,0.0,3608000000.0,899000000.0,0.0,111000000.0,-625000000.0,34000000.0,0.0091668913,2776000000.0,0.7484497169,-2228000000.0,548000000.0,0.1477487193,111000000.0,397000000.0,0.1070369372,1.38,1.38,273390000,273390000,https://www.sec.gov/Archives/edgar/data/60086/000114036121003906/0001140361-21-003906-index.htm,https://www.sec.gov/Archives/edgar/data/60086/000114036121003906/brhc10019732_10k.htm,13.566699586671056,1.452137971396174,1.6606313325286222,1.1997512710779472,181.99641537729983,70.15984491020154,65.05724422985479,65.32791982150042,37.38249387322141,12308017800.0,21939017800.0,7.750640931989925,3.3184194661633866,27.110171365638767,37.52444451219512,0.6891387346024637,0.6891387346024637,5.915076246966837,645.2652294117647,48.323827753303966,66.88724939024391,0.0322553969657079,0.0266492952260761,0.566013437849944,0.1259908270601724,283.2647058823529,385.7054263565891,25.00900900900901,1.0389016018306636,0.0013812134720832,0.0428211586901763,0.0,0.0,0.0173862106784984,0.2775330396475771,0.0339714208681585,0.0,0.0,46.20028075364179,0.0171094642284428,0.005035451097779,-41.329236621676,49627000000.0,17786000000.0,-11299000000.0,61473000000.0,3925000000.0,279000000.0,0.0,0.0,0.0,0.0,0.0,0.0,0.0,0.0222284434490481,0.4608800614506748,2021-02-08,,bmo,,2025-04-25,2020-12-31,,40.191875,888731.390625
2020-09-30,L,USD,60086,2020-11-02,2020-11-02 12:10:16,2020,Q3,3465000000.0,876000000.0,2589000000.0,0.7471861472,0,0.0,0.0,866000000.0,0.0,1529000000.0,866000000.0,0.0,137000000.0,0.0,0.0,0.0,320000000.0,0.0923520924,-137000000.0,183000000.0,0.0528138528,21000000.0,139000000.0,0.0401154401,0.5,0.5,279400000,279490000,https://www.sec.gov/Archives/edgar/data/60086/000114036120024292/0001140361-20-024292-index.htm,https://www.sec.gov/Archives/edgar/data/60086/000114036120024292/brhc10014003_10q.htm,12.401574803149606,0.497494631352899,3.045812455261274,2.53042233357194,176.56764495347173,66.64280601288475,63.90479599141016,62.17609162491052,37.74158911954188,9709150000.0,19231150000.0,17.4625,2.802063492063492,11.409106933019975,13.732885431400282,0.5588965001151278,0.5588965001151278,5.55011544011544,0.0,22.598296122209167,27.20106082036775,0.0143163922691481,0.072817908879768,0.599125028781948,0.1309775495822007,0.0,29.303393213572853,2.335766423357664,5.253086419753086,0.0017509256732051,0.1223021582733813,0.0,0.0,0.0096270009060706,0.1692126909518214,0.0415584415584415,0.0,0.0,26.38135923512521,0.0035858969660572,0.0017662232048691,-20.12705798138869,14180000000.0,17855000000.0,-46163000000.0,25413000000.0,8140500000.0,725500000.0,0.0,203.8961038961039,47.87671232876712,0.0,0.4414012738853503,1.8798283261802573,0.0,0.0080013815335021,0.5153901216893343,2020-11-02,,bmo,,2025-04-25,2020-09-30,,35.88328125,911670.03125
2020-06-30,L,USD,60086,2020-08-03,2020-08-03 11:15:37,2020,Q2,0.0,0.0,0.0,0.0,0,0.0,0.0,972000000.0,0.0,972000000.0,972000000.0,0.0,123000000.0,0.0,0.0,0.0,-2289000000.0,,1215000000.0,-1074000000.0,,-228000000.0,-835000000.0,,-2.97,-2.97,281480000,281480000,https://www.sec.gov/Archives/edgar/data/60086/000114036120017258/0001140361-20-017258-index.htm,https://www.sec.gov/Archives/edgar/data/60086/000114036120017258/brhc10014003_10q.htm,0.0,-2.966462981384113,0.3943441807588461,-0.3410544266022453,170.4632655961347,65.41494955236607,62.70072474065653,61.11979536734404,35.981242006536874,9651949200.0,18988949200.0,-2.8898051497005985,0.0,86.9544972972973,-100.5411375,0.5610293652638921,0.5610293652638921,0.0,0.0,171.07161441441443,-197.80155416666668,-0.0865110230791517,-0.0099461775037108,0.5815508021390374,0.1275513456316373,0.0,14.61531007751938,-18.60975609756097,-0.1312056737588652,0.0018649082819457,-0.0215568862275449,0.0,0.0,0.0097400527798671,1.864864864864865,0.0,0.0,0.0,,-0.0232791984804676,-0.0107499195365304,-20.32382407275828,14051000000.0,17649000000.0,-44943000000.0,25290000000.0,8283500000.0,617000000.0,0.0,0.0,0.0,0.0,0.0,0.0,0.0,-0.0485352243664264,0.7353986073610914,2020-08-03,,bmo,,2025-04-25,2020-06-30,,33.70952380952381,1533255.8095238097
2020-03-31,L,USD,60086,2020-05-04,2020-05-04 14:44:21,2020,Q1,3099000000.0,0.0,3099000000.0,1.0,0,0.0,0.0,1252000000.0,1847000000.0,3099000000.0,3099000000.0,0.0,144000000.0,0.0,-977000000.0,-0.3152629881,-2824000000.0,-0.9112616973,1703000000.0,-1121000000.0,-0.3617295902,-77000000.0,-632000000.0,-0.2039367538,-2.2,-2.2,287040000,287040000,https://www.sec.gov/Archives/edgar/data/60086/000114036120010602/0001140361-20-010602-index.htm,https://www.sec.gov/Archives/edgar/data/60086/000114036120010602/brhc10011267_10q.htm,10.796404682274249,-2.201783723522854,1.1461817168338908,0.334448160535117,155.82148829431438,66.81298773690078,64.15482162764772,59.1067447045708,42.196209587513934,9997603200.0,21026603200.0,-3.9547481012658223,3.226073959341723,30.38785167173252,104.1417,0.5892728515855239,0.5892728515855239,6.784963923846402,-21.5216,63.91064802431611,219.02711666666667,-0.0632151514074893,0.0096023014796186,0.7054108216432866,0.151008151008151,-11.28863868986694,0.038200235954599,-19.61111111111111,-0.3151340996168582,0.0018004315274284,-0.0284810126582278,0.0,0.0,0.0096272743331566,0.7082066869300911,0.0751855437237818,0.0,0.0,,-0.0598181179879719,-0.0080518785593252,-32.215022296544035,-23642000000.0,18415000000.0,-59137000000.0,-8128000000.0,4068000000.0,178500000.0,0.0,236.28267182962244,0.0,0.0,0.3808997050147493,0.0,0.0,-0.0372509725333018,0.8117335562987736,2020-05-04,,bmo,,2025-04-25,2020-03-31,,47.14338709677419,1379957.161290323
2019-12-31,L,USD,60086,2020-02-12,2020-02-11 18:44:28,2019,Q4,3876000000.0,0.0,3876000000.0,1.0,0,0.0,0.0,3876000000.0,0.0,3876000000.0,1248000000.0,0.0,142000000.0,-504000000.0,-86000000.0,-0.0221878225,2626000000.0,0.67750258,-2350000000.0,276000000.0,0.0712074303,65000000.0,217000000.0,0.0559855521,0.74,0.73,297832683,296210000,https://www.sec.gov/Archives/edgar/data/60086/000119312520031657/0001193125-20-031657-index.htm,https://www.sec.gov/Archives/edgar/data/60086/000119312520031657/d816698d10k.htm,13.014018343984096,0.7285970022302757,1.5780672398535929,0.5775054579889743,158.31372005603563,73.63194589359422,68.88431381454534,64.19376076332092,39.19986175593765,15633237530.67,26830237530.67,18.010642316440094,4.033343016168731,33.26220751206383,90.89091587598836,0.8176807118923585,0.8176807118923585,6.922145905745613,-311.9795061705814,57.08561176738297,155.9897530852907,0.0138806820771628,0.0110021996187649,0.6032219258329411,0.1402307795192296,-130.19767441860466,0.1429372197309417,18.492957746478872,2.227488151658768,0.0012153592602124,0.0875576036866359,0.0,0.0,0.0171929525917099,0.6340425531914894,0.0768833849329205,0.0,0.0095459236326109,32.44003833561191,0.0323857131267562,0.0026846800034641,-44.19259789564465,-15290000000.0,20516000000.0,-57763000000.0,2265000000.0,3811000000.0,175000000.0,0.0,0.0,0.0,0.0,0.0,0.0,0.0,0.0113499660024059,1.0005617818646182,2020-02-10,0.72,bmo,,2025-04-25,2019-12-31,-0.0138888888888889,50.449375,916641.578125
2019-09-30,L,USD,60086,2019-10-28,2019-10-28 13:34:29,2019,Q3,3675000000.0,1234000000.0,2441000000.0,0.6642176871,0,0.0,0.0,1234000000.0,0.0,1234000000.0,1234000000.0,0.0,144000000.0,0.0,0.0,0.0,0.0,0.0,60000000.0,60000000.0,0.0163265306,21000000.0,72000000.0,0.0195918367,0.24,0.24,301650000,302350000,https://www.sec.gov/Archives/edgar/data/60086/000119312519275925/0001193125-19-275925-index.htm,https://www.sec.gov/Archives/edgar/data/60086/000119312519275925/d810287d10q.htm,12.18299353555445,0.2386872202884137,2.6421349245814687,1.85314105751699,157.3678103762639,73.78750207193768,71.2282446544008,64.37924747223603,38.54135587601525,15528942000.0,26568942000.0,53.9199375,4.225562448979592,19.48424341279799,27.77986046511628,0.7996365602471679,0.7996365602471679,7.229644081632653,0.0,33.33618820577164,47.529413237924864,0.0046365038906063,0.0359973010395685,0.5912461380020597,0.1391774445750857,0.0,2.509886104783599,0.0,20.43589743589743,0.0012235218600211,0.2638888888888889,0.0,0.0,0.0093576891841113,0.2986198243412798,0.0647619047619047,0.0,0.0,18.594255336707565,0.0,0.0008809818052785,-23.386374937841868,33142000000.0,21486000000.0,-5149000000.0,49475000000.0,7883000000.0,409000000.0,0.0,186.6612244897959,17.64991896272285,0.0,0.4821569141957491,5.099173553719008,0.0,0.003707518022657,0.7889938670644787,2019-10-28,0.75,bmo,10711363636.0,2025-04-25,2019-09-30,-0.0133333333333333,51.6275,983242.046875
2019-06-30,L,USD,60086,2019-08-05,2019-08-05 12:46:11,2019,Q2,3623000000.0,1231000000.0,2392000000.0,0.6602263318,0,0.0,0.0,1223000000.0,0.0,1223000000.0,1223000000.0,0.0,164000000.0,0.0,0.0,0.0,439000000.0,0.1211703009,-164000000.0,275000000.0,0.075903947,50000000.0,249000000.0,0.0687275738,0.82,0.82,303840000,304540000,https://www.sec.gov/Archives/edgar/data/60086/000119312519212760/0001193125-19-212760-index.htm,https://www.sec.gov/Archives/edgar/data/60086/000119312519212760/d769566d10q.htm,11.92403896787783,0.8195102685624013,1.2934439178515007,0.3653238546603475,153.92311743022643,73.70326487625066,71.17561874670879,64.22459189046867,38.53014744602422,16893504000.0,27996504000.0,16.96134939759036,4.662849572177754,42.98601526717557,152.19372972972974,0.8657120016398483,0.8657120016398483,7.727436930720398,0.0,71.23792366412214,252.2207567567568,0.0147393933194676,0.0065705729255458,0.5915240340268525,0.1402943714525323,0.0,0.0196034751615059,2.676829268292683,1.7466666666666666,0.0011246926629312,0.0763052208835341,0.0,0.0,0.0093343218639473,0.7175572519083969,0.0778360474744686,0.0,0.0,34.41273067253663,0.0061344073333416,0.0030548773755045,-23.06147972617167,-22005000000.0,21626000000.0,-59443000000.0,-5724000000.0,8078000000.0,441500000.0,0.0,202.30747998895944,42.112103980503655,0.0,0.4448673870333988,2.1371527777777777,0.0,0.0127600696935533,0.9281200631911533,2019-08-05,0.75,bmo,2951923076.0,2025-04-25,2019-06-30,0.04,51.31492063492064,1094191.9523809524
2019-03-31,L,USD,60086,2019-04-29,2019-04-29 12:11:20,2019,Q1,3757000000.0,0.0,3757000000.0,1.0,0,0.0,0.0,0.0,3757000000.0,3757000000.0,1146000000.0,0.0,141000000.0,-652000000.0,-3000000.0,-0.0007985094,2611000000.0,0.6949693905,-2103000000.0,508000000.0,0.1352142667,112000000.0,394000000.0,0.1048709076,1.27,1.27,309830000,310360000,https://www.sec.gov/Archives/edgar/data/60086/000119312519124431/0001193125-19-124431-index.htm,https://www.sec.gov/Archives/edgar/data/60086/000119312519124431/d727136d10q.htm,12.126004583158506,1.2716651066714004,0.2614336894425975,-0.4583158506277636,146.6223412839299,70.69037859471322,68.48917148113482,61.44337217183617,37.12358390084885,15082524400.0,26104524400.0,9.570129695431472,4.014512749534203,186.2040049382716,-106.21496056338027,0.792274223879813,0.792274223879813,6.948236465264839,-8701.508133333333,322.2780790123457,-183.83467887323943,0.0261229479595604,-0.0094148695691816,0.5967852077533224,0.1412199032927693,-3674.0,0.0151630361855347,18.5177304964539,0.2055837563451776,0.0012597360691158,0.0482233502538071,0.0,0.0,0.0084774204775696,2.753086419753086,0.0593558690444503,0.0,0.0,41.92906306621749,0.0357718453494483,0.0049393859616131,-22.948068295516897,-22018000000.0,21220000000.0,-58208000000.0,-5929000000.0,4006000000.0,174500000.0,0.0,191.9297311684855,0.0,0.0,0.4689216175736395,0.0,0.0,0.0206965383201134,0.7197495400703612,2019-04-29,0.95,bmo,2429625000.0,2025-04-25,2019-03-31,0.2631578947368421,47.20852459016393,1168300.3442622952
2018-12-31,L,USD,60086,2019-02-13,2019-02-13 15:42:38,2018,Q4,3287000000.0,0.0,3287000000.0,1.0,0,0.0,0.0,0.0,3287000000.0,3287000000.0,3287000000.0,0.0,144000000.0,115000000.0,27000000.0,0.0082141771,0.0,0.0,-232000000.0,-232000000.0,-0.070581077,-21000000.0,-165000000.0,-0.0501977487,-0.53,-0.53,313880360,313880000,https://www.sec.gov/Archives/edgar/data/60086/000119312519037854/0001193125-19-037854-index.htm,https://www.sec.gov/Archives/edgar/data/60086/000119312519037854/d685868d10k.htm,10.4721429528117,-0.5256780003693127,2.6347618563964943,1.793677055805594,139.59458947988972,68.13424070241285,64.06899749955684,58.99700127781171,36.70188220760292,14287833987.2,25258833987.2,-21.6482333139394,4.34677030337694,17.276703733010887,25.37803550124334,0.7715646391186953,0.7715646391186953,7.684464249224217,935.5123698962964,30.54272549842805,44.86471400923624,-0.0115482864756,0.0394041532470473,0.6143212009936279,0.1452576740385106,406.3333333333333,0.0963841743770222,0.0,-3.919431279620853,0.0013997923000727,-0.1212121212121212,0.0,0.0,0.0162929669543899,0.3192261185006046,0.0803163979312443,1.375,0.0,,0.0,-0.0021417445482866,-41.78025028389798,-15919000000.0,20110000000.0,-55232000000.0,868000000.0,3918000000.0,129500000.0,0.0,0.0,0.0,0.0,0.0,0.0,0.0,-0.0089102494869856,0.8410848005909003,2019-02-11,0.53,bmo,5865964285.0,2025-04-25,2018-12-31,-0.3207547169811321,47.133968253968256,1335152.1904761903
2018-09-30,L,USD,60086,2018-11-05,2018-11-05 12:32:24,2018,Q3,3608000000.0,1459000000.0,2149000000.0,0.5956208426,0,0.0,0.0,1202000000.0,0.0,1796000000.0,3254000000.0,0.0,146000000.0,0.0,0.0,0.0,500000000.0,0.1385809313,-146000000.0,354000000.0,0.0981152993,65000000.0,278000000.0,0.0770509978,0.88,0.88,315900000,316810000,https://www.sec.gov/Archives/edgar/data/60086/000119312518318099/0001193125-18-318099-index.htm,https://www.sec.gov/Archives/edgar/data/60086/000119312518318099/d635318d10q.htm,11.42133586578031,0.8800253244697689,3.93795504906616,3.1433998100664766,139.25925925925927,69.28141817030706,67.20164609053498,59.99366888255777,36.7394745172523,15873975000.0,26762975000.0,14.27515737410072,4.399660476718403,12.760430064308682,15.985876132930514,0.837588381173491,0.837588381173491,7.417675997782705,0.0,21.51364549839228,26.951636455186303,0.0175129417804929,0.0625552201008254,0.6046855213170114,0.1455700222292791,0.0,0.0259899863450159,3.4246575342465757,4.304498269896194,0.0012599238691002,0.0719424460431654,0.0,0.0,0.0083455065100031,0.2017684887459807,0.0695676274944567,0.0,0.0,34.4660532742198,0.0073367020219544,0.0035609981042168,-22.063944286166507,-21399000000.0,21229000000.0,-56268000000.0,-5275000000.0,8026500000.0,264000000.0,0.0,195.46563192904657,13.385880740233036,0.0,0.4604389994895355,6.723502304147465,0.0,0.0146686365555086,0.7945552389996834,2018-11-05,0.98,bmo,3615500000.0,2025-04-25,2018-09-30,-0.1428571428571428,50.142857142857146,1140758.4761904762
2018-06-30,L,USD,60086,2018-07-30,2018-07-30 11:54:24,2018,Q2,3590000000.0,1454000000.0,2136000000.0,0.5949860724,0,0.0,0.0,1202000000.0,0.0,1813000000.0,3283000000.0,0.0,143000000.0,0.0,0.0,0.0,450000000.0,0.1253481894,-143000000.0,307000000.0,0.0855153203,59000000.0,230000000.0,0.0640668524,0.72,0.72,318870000,319780000,https://www.sec.gov/Archives/edgar/data/60086/000119312518230871/0001193125-18-230871-index.htm,https://www.sec.gov/Archives/edgar/data/60086/000119312518230871/d508103d10q.htm,11.258506601436322,0.7212970803148618,5.136889641546712,4.352871075987079,140.08216514567064,68.54831122400978,66.48477435945684,59.30630037319284,36.422366481638285,15395043600.0,26413043600.0,16.733743043478263,4.288312980501392,9.398683516483516,11.091529971181556,0.8140787689704405,0.8140787689704405,7.357393760445683,0.0,16.125179242979243,19.02957031700288,0.0149398732459581,0.090158887240826,0.6065781820104701,0.1420874002873705,0.0,0.0201494528956498,3.1468531468531467,6.604838709677419,0.001299119412692,0.0869565217391304,0.0,0.0,0.0081504236238418,0.1526251526251526,0.0696378830083565,0.0,0.0,31.02406935474221,0.0063634407329315,0.0028723430826485,-25.22422930975005,-22029000000.0,21200000000.0,-58421000000.0,-5900000000.0,8055000000.0,295500000.0,0.0,205.9972144846797,19.25034387895461,0.0,0.4368991115979068,4.67524115755627,0.0,0.012162233620644,0.7840185655596325,2018-07-30,0.73,bmo,2921921052.0,2025-04-25,2018-06-30,0.0410958904109589,50.30953125,1317865.53125
2018-03-31,L,USD,60086,2018-04-30,2018-04-30 11:48:10,2018,Q1,3581000000.0,0.0,3581000000.0,1.0,0,0.0,0.0,0.0,3581000000.0,3581000000.0,1184000000.0,0.0,141000000.0,-546000000.0,0.0,0.0,2397000000.0,0.6693660989,-1992000000.0,405000000.0,0.1130969003,25000000.0,293000000.0,0.0818207205,0.89,0.89,327780000,328720000,https://www.sec.gov/Archives/edgar/data/60086/000119312518141673/0001193125-18-141673-index.htm,https://www.sec.gov/Archives/edgar/data/60086/000119312518141673/d564790d10q.htm,10.92501067789371,0.8938922447983404,1.5650741350906097,0.8633839770577827,137.5007627066935,72.75611690768199,70.73952041003112,56.53792177680151,35.417048020013425,16300499399.999998,27317499400.0,13.90827593856655,4.551940631108629,31.774852631578945,57.59893780918727,0.8795866285344269,0.8795866285344269,7.628455571069534,0.0,53.25048615984405,96.5282664310954,0.0179749094067633,0.0173614312700137,0.6188214979494928,0.1419552892827965,0.0,0.019991134751773,17.0,1.35,0.0012269562734992,0.068259385665529,0.0,0.0,0.0081821107617656,0.4483430799220272,0.0642278693102485,1.345029239766082,0.0,33.721257698953146,0.0384852074306034,0.0036567862714508,-18.147080358777227,-22109000000.0,23187000000.0,-56487000000.0,-5987000000.0,3946500000.0,170000000.0,0.0,198.3719631387881,0.0,0.0,0.4536931458254149,0.0,0.0,0.0158104899633067,0.7016901580328269,2018-04-30,0.78,bmo,2989350000.0,2025-04-25,2018-03-31,0.0256410256410256,50.55770491803278,1575494.31147541
2017-12-31,L,USD,60086,2018-02-15,2018-02-15 10:26:25,2017,Q4,3555000000.0,0.0,3555000000.0,1.0,0,0.0,0.0,0.0,3555000000.0,3555000000.0,1061000000.0,0.0,142000000.0,-631000000.0,-28000000.0,-0.0078762307,2494000000.0,0.7015471167,-2033000000.0,461000000.0,0.129676512,-70000000.0,481000000.0,0.135302391,1.43,1.43,335740000,336810000,https://www.sec.gov/Archives/edgar/data/60086/000119312518046681/0001193125-18-046681-index.htm,https://www.sec.gov/Archives/edgar/data/60086/000119312518046681/d522464d10k.htm,10.588550664204444,1.4326562220766068,2.323226306070173,1.4415917078691844,138.80383630190028,73.16971466015369,69.30660630249598,57.19902305355335,34.773932209447786,16797072200.0,27858072200.0,8.730287006237006,4.72491482419128,21.53470794871795,34.704694628099176,0.8746652884815663,0.8746652884815663,7.8363072292545715,-994.93115,35.71547717948718,57.55800041322314,0.0286359428758066,0.0288145454301256,0.6005519683399292,0.1449124217827256,-395.0357142857143,0.0261018636288226,17.56338028169014,1.4689265536723164,0.0012502178802327,0.0436590436590436,0.0,0.0,0.016296836126957,0.3794871794871794,0.0832630098452883,0.0,0.0,42.93945814950942,0.0464965845226327,0.0061439027194114,-25.07297313397272,-17611000000.0,23269000000.0,-54548000000.0,-887000000.0,3896000000.0,192000000.0,0.0,0.0,0.0,0.0,0.0,0.0,0.0,0.025046865236409,0.8816345982009889,2018-02-12,0.72,bmo,2614728395.0,2025-04-25,2017-12-31,0.1527777777777777,49.4147619047619,976167.6349206348
2017-09-30,L,USD,60086,2017-10-30,2017-10-30 13:24:18,2017,Q3,3521000000.0,1047000000.0,2474000000.0,0.7026412951,0,0.0,0.0,1245000000.0,0.0,1245000000.0,1245000000.0,0.0,223000000.0,0.0,0.0,0.0,487000000.0,0.1383129793,-223000000.0,264000000.0,0.0749786992,52000000.0,157000000.0,0.0445896052,0.46,0.46,336910000,337790000,https://www.sec.gov/Archives/edgar/data/60086/000119312517324574/0001193125-17-324574-index.htm,https://www.sec.gov/Archives/edgar/data/60086/000119312517324574/d377204d10q.htm,10.450862248078122,0.465999821910896,1.7185598527796742,0.9498085542132914,140.966430203912,72.30714434121872,70.38378201893681,56.457214092784426,34.59677658721914,16124512600.0,27141512600.0,25.67597547770701,4.579526441351889,27.84889913644214,50.389101875,0.847721602439409,0.847721602439409,7.7084670832149955,0.0,46.87653298791019,84.817226875,0.0097367284143521,0.0198455610993165,0.6010724988170969,0.1437624957561583,0.0,0.0183042196506358,2.1838565022421523,2.731132075471698,0.0013023649471426,0.1337579617834395,0.0,0.0,0.0081481760911388,0.4473229706390328,0.073558648111332,0.0,0.0,24.330097894141623,0.0068617004873452,0.0019903903447051,-5.428749517675343,-22311000000.0,23713000000.0,-54750000000.0,-6188000000.0,7884500000.0,401000000.0,0.0,199.1706901448452,27.851002865329512,0.0,0.4518737166324435,3.2314814814814814,0.0,0.0082540350139319,0.7687512985663827,2017-10-30,0.015,bmo,111245283.0,2025-04-25,2017-09-30,34.333333333333336,47.58873015873016,790905.8888888889
2017-06-30,L,USD,60086,2017-07-31,2017-07-31 11:58:21,2017,Q2,3359000000.0,1085000000.0,2274000000.0,0.6769871986,0,0.0,0.0,1209000000.0,0.0,1209000000.0,1209000000.0,0.0,139000000.0,0.0,0.0,0.0,605000000.0,0.1801131289,-258000000.0,347000000.0,0.1033045549,69000000.0,231000000.0,0.0687704674,0.69,0.69,336910000,337720000,https://www.sec.gov/Archives/edgar/data/60086/000119312517241871/0001193125-17-241871-index.htm,https://www.sec.gov/Archives/edgar/data/60086/000119312517241871/d403523d10q.htm,9.970021667507645,0.6856430500727198,3.656762933721172,2.8702027247632897,139.54765367605592,71.55026564958001,69.62987147903,55.84874298774153,33.91113353714642,15770757100.0,26699757100.0,17.06791893939394,4.695075052098839,12.800939204545454,16.3089525336091,0.8381567336309524,0.8381567336309524,7.94872197082465,0.0,21.67188076298701,27.610917373319545,0.0146473627445571,0.0613160163376049,0.5998086734693877,0.1426783479349186,0.0,0.0156243161626329,4.35251798561151,4.431654676258993,0.0013315784313233,0.0909090909090909,0.0,0.0,0.0081794161894287,0.2150974025974026,0.0788925275379577,0.0,0.0,29.352628603056264,0.008587226389697,0.002944400540444,-5.928141046570301,-22492000000.0,23459000000.0,-54638000000.0,-6398000000.0,7880000000.0,390000000.0,0.0,213.7332539446264,39.64976958525345,0.0,0.4210856211608374,2.2698744769874475,0.0,0.0122767857142857,0.7865602089578819,2017-07-31,0.76,bmo,3171882352.0,2025-04-25,2017-06-30,-0.1052631578947368,46.83857142857143,899575.3492063492
2017-03-31,L,USD,60086,2017-05-01,2017-05-01 12:23:06,2017,Q1,3300000000.0,0.0,3300000000.0,1.0,0,0.0,0.0,0.0,3300000000.0,3300000000.0,1050000000.0,0.0,142000000.0,-652000000.0,0.0,0.0,2250000000.0,0.6818181818,-1740000000.0,510000000.0,0.1545454545,119000000.0,295000000.0,0.0893939394,0.88,0.87,336880000,337680000,https://www.sec.gov/Archives/edgar/data/60086/000119312517150948/0001193125-17-150948-index.htm,https://www.sec.gov/Archives/edgar/data/60086/000119312517150948/d368481d10q.htm,9.795772975540253,0.8756827356922346,-0.002968416053194,-0.6293042032771313,137.68997862740443,70.45238660650676,69.42531465210163,54.88007599145096,32.15388268819758,15755877600.000002,26033877600.0,13.352438644067798,4.7745083636363645,-15755.8776,-74.32017735849057,0.8522218520121161,0.8522218520121161,7.889053818181818,0.0,-26033.8776,-122.80130943396226,0.0187231715991497,-0.0134552962000669,0.578212894850714,0.1386259304406463,0.0,0.0181353992428911,15.845070422535212,-0.0025575447570332,0.0013328359443462,0.0711864406779661,0.0,0.0,0.0044868636045335,-211.0,0.0639393939393939,0.0,0.0,32.883043339718554,0.0316212054553453,0.0038427469779074,-3.4366836855853715,-22306000000.0,23388000000.0,-52968000000.0,-6800000000.0,3891500000.0,226000000.0,0.0,212.2636363636364,0.0,0.0,0.4240010278812797,0.0,0.0,0.015956295975768,0.6263357872239373,2017-05-01,0.66,bmo,2169037037.0,2025-04-25,2017-03-31,0.2272727272727273,46.74532258064516,801610.2903225806
2016-12-31,L,USD,60086,2017-02-16,2017-02-16 14:38:36,2016,Q4,3338000000.0,0.0,3338000000.0,1.0,0,0.0,0.0,0.0,3338000000.0,3338000000.0,0.0,0.0,133000000.0,-553000000.0,41000000.0,0.0122828041,3338000000.0,1.0,-2877000000.0,461000000.0,0.1381066507,49000000.0,290000000.0,0.0868783703,0.85,0.85,336621358,337410000,https://www.sec.gov/Archives/edgar/data/60086/000119312517046521/0001193125-17-046521-index.htm,https://www.sec.gov/Archives/edgar/data/60086/000119312517046521/d284597d10k.htm,9.916186007424995,0.8615020797343466,1.595264195921876,1.0427145861612264,136.60749357442734,69.39844856784161,68.37058746581374,53.95676646281012,32.41327307579812,15763978195.14,26214978195.14,13.589636375120689,4.722581843960455,29.35563909709497,44.91161878957265,0.8679170949259484,0.8679170949259484,7.853498560557219,639.3897120765854,48.81746405054004,74.68654756450142,0.0183963715510217,0.0222659531531331,0.5934041733193856,0.1407159829751677,254.90243902439025,0.0179798757354154,25.09774436090225,1.3033980582524272,0.0013321510433498,0.0724137931034482,0.0,0.0,0.0045173251168498,0.3463687150837989,0.0557219892150988,0.0,0.0,32.3401762020193,0.0509800867330505,0.0038033784492708,-21.53161059970532,-17860000000.0,23015000000.0,-52906000000.0,-2284000000.0,3926500000.0,300500000.0,0.0,0.0,0.0,0.0,0.0,0.0,0.0,0.0159665253537411,0.5525496097606498,2017-02-06,0.63,bmo,2365520547.0,2025-04-25,2016-12-31,0.1587301587301587,43.87380952380953,983455.2857142856
2016-09-30,L,USD,60086,2016-10-31,2016-10-31 14:01:29,2016,Q3,3287000000.0,898000000.0,2389000000.0,0.7268025555,0,0.0,0.0,1399000000.0,0.0,1399000000.0,2297000000.0,0.0,130000000.0,0.0,0.0,0.0,686000000.0,0.2087009431,-130000000.0,556000000.0,0.1691512017,163000000.0,327000000.0,0.0994828111,0.97,0.97,337180000,337620000,https://www.sec.gov/Archives/edgar/data/60086/000119312516753167/0001193125-16-753167-index.htm,https://www.sec.gov/Archives/edgar/data/60086/000119312516753167/d278126d10q.htm,9.748502283646715,0.969808410937778,2.8026573343614687,1.9425825968325523,141.0403938549143,69.41692864345454,68.38780473337683,54.18470846432173,32.7777448247227,13874957000.0,24452957000.0,10.607765290519875,4.221161241253423,14.68249417989418,21.183140458015263,0.7594393541324576,0.7594393541324576,7.439293276543961,0.0,25.87614497354497,37.33275877862595,0.0235676406060213,0.0472073535074739,0.5978106185002737,0.1391195801701737,0.0,0.0147588810708769,5.276923076923077,2.404580152671756,0.0015135182040564,0.0642201834862385,0.0,0.0,0.004419931726703,0.3068783068783068,0.0882263462123516,0.0,0.0,34.38528297528594,0.0087548702574457,0.0041836721638668,-4.912064772525061,-22964000000.0,23059000000.0,-54758000000.0,-7417000000.0,8234500000.0,880500000.0,0.0,215.01977487070275,45.20044543429844,0.0,0.4185661530625238,1.9911308203991127,0.0,0.0178981937602627,0.8600747375289163,2016-10-31,0.69,bmo,2078528089.0,2025-04-25,2016-09-30,0.2898550724637682,41.0625,816875.796875
2016-06-30,L,USD,60086,2016-08-01,2016-08-01 11:09:26,2016,Q2,3307000000.0,1611000000.0,1696000000.0,0.5128515271,0,0.0,0.0,0.0,0.0,0.0,3307000000.0,0.0,130000000.0,0.0,0.0,0.0,0.0,0.0,-276000000.0,-276000000.0,-0.0834593287,12000000.0,-65000000.0,-0.0196552767,-0.19,-0.19,338720000,338720000,https://www.sec.gov/Archives/edgar/data/60086/000119312516666012/0001193125-16-666012-index.htm,https://www.sec.gov/Archives/edgar/data/60086/000119312516666012/d143020d10q.htm,9.763226263580538,-0.1918989135569201,1.836324988190836,0.0560935285781766,140.31943788379783,67.99421350968352,66.96681624940955,52.97886159659896,33.05089749645725,13918004800.000002,24635004800.0,-53.53078769230769,4.2086497732083465,22.376213504823152,732.5265684210527,0.7755923544162721,0.7755923544162721,7.449351315391594,0.0,39.60611704180064,1296.5792,-0.0046702096265982,0.001365138198544,0.6166062970186682,0.1397395905686826,0.0,0.2697674418604651,0.0,-2.1597222222222223,0.0015088369562855,-0.3230769230769231,0.0,0.0,0.004394882739982,0.9694533762057878,0.1823404898699727,0.0,0.0,,0.0,-0.0008245068814612,-6.379900803023146,-942000000.0,22683000000.0,-55804000000.0,14532000000.0,8421500000.0,970000000.0,0.0,234.48442697308732,73.18435754189944,0.0,0.3838207985143918,1.2297709923664122,0.0,-0.0036221788799108,1.7802314596126594,2016-08-01,0.57,bmo,2626830508.0,2025-04-25,2016-06-30,0.0526315789473684,39.67125,903130.40625
2016-03-31,L,USD,60086,2016-05-03,2016-05-03 14:07:52,2016,Q1,3173000000.0,0.0,3173000000.0,1.0,0,0.0,0.0,0.0,0.0,0.0,0.0,0.0,143000000.0,0.0,0.0,0.0,3173000000.0,1.0,-2978000000.0,195000000.0,0.0614560353,-4000000.0,102000000.0,0.0321462338,0.3,0.3,339100000,339250000,https://www.sec.gov/Archives/edgar/data/60086/000119312516574559/0001193125-16-574559-index.htm,https://www.sec.gov/Archives/edgar/data/60086/000119312516574559/d155914d10q.htm,9.357121792981422,0.3007962253022707,0.4393984075493954,-0.4217045119433795,135.17546446475967,68.19522264818637,67.16307873783545,52.58920672368033,31.64258330875848,12973966000.0,23252966000.0,31.7989362745098,4.088864166404034,87.07359731543623,-90.72703496503496,0.7275257107609489,0.7275257107609489,7.328385124487866,0.0,156.0601744966443,-162.60815384615384,0.0078618982044503,-0.0110220729729058,0.593674648124264,0.137094685589972,0.0,0.5057471264367817,22.18881118881119,0.7487437185929648,0.0016186261009162,0.2058823529411764,0.0,0.0,0.0045322697606961,1.959731543624161,0.0920264733690513,0.0,0.0,18.86582319083337,0.04226274738948,0.0013268465280849,-6.165585373046299,-301000000.0,22775000000.0,-53791000000.0,15400000000.0,4113500000.0,598500000.0,0.0,233.35329341317367,0.0,0.0,0.3856812933025404,0.0,0.0,0.0057197330791229,0.861102919492775,2016-05-02,0.52,bmo,2535228070.0,2025-04-25,2016-03-31,-0.4230769230769231,36.7944262295082,1420933.950819672
2015-12-31,L,USD,60086,2016-02-19,2016-02-19 17:12:22,2015,Q4,3333000000.0,0.0,3333000000.0,1.0,0,0.0,0.0,0.0,3333000000.0,3333000000.0,3333000000.0,0.0,127000000.0,-100000000.0,-477000000.0,-0.1431143114,0.0,0.0,-504000000.0,-504000000.0,-0.1512151215,-213000000.0,-201000000.0,-0.0603060306,-0.59,-0.58,339897547,346690000,https://www.sec.gov/Archives/edgar/data/60086/000119312516470141/0001193125-16-470141-index.htm,https://www.sec.gov/Archives/edgar/data/60086/000119312516470141/d90277d10k.htm,9.805896010188034,-0.5913546648808266,3.977669188651132,3.6599263836405385,131.89562677249918,67.10845724344107,66.07579312715664,51.66556850732436,31.44182738100196,13052065804.8,23172065804.8,-16.233912692537313,3.916011342574257,9.653894826035502,10.492014312540192,0.7432416038266613,0.7432416038266613,6.952314972937294,-48.57875430775681,17.13910192662722,18.627062544051448,-0.0153998610646048,0.0953105829073057,0.6013324981493081,0.1389363997579138,-21.21593291404612,83.32899628252788,0.0,-4.646048109965636,0.0016089407082422,-0.1044776119402985,0.0,0.0,0.0046180564692261,0.0798816568047337,0.0324032403240324,0.0,0.0,,0.0,-0.002656797303549,-24.6103570732742,44293000000.0,22459000000.0,-8365000000.0,60121000000.0,4039500000.0,650000000.0,0.0,0.0,0.0,0.0,0.0,0.0,0.0,-0.0114458174363646,0.3177428050105934,2016-02-08,0.78,bmo,4547400000.0,2025-04-25,2015-12-31,-0.4102564102564102,37.2325,1631092.734375
2015-09-30,L,USD,60086,2015-11-03,2015-11-03 11:56:37,2015,Q3,3169000000.0,898000000.0,2271000000.0,0.7166298517,0,0.0,0.0,1989000000.0,0.0,1989000000.0,2821000000.0,0.0,128000000.0,-194000000.0,282000000.0,0.0889870622,282000000.0,0.0889870622,66000000.0,348000000.0,0.1098138214,66000000.0,182000000.0,0.0574313664,0.51,0.5,356892369,361100000,https://www.sec.gov/Archives/edgar/data/60086/000119312515363726/0001193125-15-363726-index.htm,https://www.sec.gov/Archives/edgar/data/60086/000119312515363726/d12968d10q.htm,8.8794277358169,0.5099576673773039,3.1045774475497403,2.488145102368384,127.83125659938108,67.67586560529682,66.68957385300665,52.52003580945157,30.535816808120096,12898090215.66,23340090215.66,17.717156889642858,4.070082112862101,11.640875645902527,14.524876368986488,0.6881183427048655,0.6881183427048655,7.365127868621016,82.76627736049646,21.065063371534297,26.283885377995496,0.01411061614215,0.0688474018364245,0.5745838668373879,0.1389103853892586,37.02836879432624,0.2566510172143975,2.203125,3.9290780141843977,0.0017832097322497,0.1263736263736263,0.0,0.0,0.004540060878089,0.1985559566787003,0.0694225307668034,0.0,0.0,24.548266464642847,0.0029473925782813,0.0023581238662866,-4.757036427416581,-950000000.0,23801000000.0,-53051000000.0,15304000000.0,8088000000.0,737000000.0,0.0,229.4446197538656,73.46325167037861,0.0,0.3922515162767669,1.2251023192360164,0.0,0.0097097737942808,0.6164323451813564,2015-11-02,0.56,bmo,2798068965.0,2025-04-25,2015-09-30,0.0357142857142855,37.40703125,1672278.109375
2015-06-30,L,USD,60086,2015-08-04,2015-08-04 13:33:33,2015,Q2,3435000000.0,879000000.0,2556000000.0,0.7441048035,0,0.0,0.0,2309000000.0,0.0,2309000000.0,3140000000.0,0.0,134000000.0,-182000000.0,247000000.0,0.0719068413,247000000.0,0.0719068413,48000000.0,295000000.0,0.0858806405,48000000.0,170000000.0,0.0494905386,0.46,0.46,369610213,369970000,https://www.sec.gov/Archives/edgar/data/60086/000119312515276224/0001193125-15-276224-index.htm,https://www.sec.gov/Archives/edgar/data/60086/000119312515276224/d81456d10q.htm,9.293574363433512,0.4599440005192713,2.8273028267214038,0.7332048478866032,124.33368555213598,65.83151423902889,64.82234299083072,51.356805987393,29.723204645321857,14233689302.63,24836689302.63,20.93189603327941,4.143723232206695,13.620755313521531,52.522838755092245,0.749851928281003,0.749851928281003,7.230477235117903,100.55339798635626,23.76716679677512,91.64830000970478,0.011943495209537,0.0190393364810855,0.5716995047940154,0.1391014548484266,42.92712550607288,0.2346842601319509,1.8432835820895523,4.230769230769231,0.0016158846459961,0.1352941176470588,0.0,0.0,0.0047811318336217,0.7406698564593301,0.2253275109170305,0.0,0.0,23.05381168037091,0.0026509026404092,0.0021895365910203,-4.478366510938376,-812000000.0,23959000000.0,-53434000000.0,15478000000.0,8127000000.0,833500000.0,0.0,212.14847161572047,75.8703071672355,0.0,0.4242311967395331,1.1862348178137652,0.0,0.0089558529132862,2.0940979788348004,2015-08-03,0.7,bmo,3472711864.0,2025-04-25,2015-06-30,-0.1571428571428571,40.68825396825397,1026378.253968254
2015-03-31,L,USD,60086,2015-05-05,2015-05-05 17:01:09,2015,Q1,3478000000.0,0.0,3478000000.0,1.0,0,0.0,0.0,0.0,3478000000.0,3478000000.0,3373000000.0,0.0,131000000.0,-595000000.0,-359000000.0,-0.1032202415,0.0,0.0,105000000.0,105000000.0,0.0301897642,56000000.0,109000000.0,0.0313398505,0.29,0.29,375862068,373190000,https://www.sec.gov/Archives/edgar/data/60086/000119312515172312/0001193125-15-172312-index.htm,https://www.sec.gov/Archives/edgar/data/60086/000119312515172312/d901832d10q.htm,9.253394519183033,0.2900000007449541,0.1117431195531016,-1.0934862413410655,125.61256913001394,65.52935796649743,64.54229374377837,51.36990838884013,28.417339522539955,15346448236.44,25625448236.44,35.198275771651375,4.412434800586544,365.3916246771428,-37.3392901129927,0.7948232979303915,0.7948232979303915,7.36786895814836,-71.38007865303621,610.1297199152381,-62.34902247309002,0.0071026206403368,-0.0267814411300775,0.5464056349699606,0.134184653345713,-28.63231197771588,0.3011111111111111,0.0,0.8571428571428571,0.0014987181167683,0.2110091743119266,0.0,0.0,0.0047187209849535,10.785714285714286,0.1302472685451408,0.0,0.0,18.30815810228372,0.0,0.0013929356438174,-1.7619495458105126,-629000000.0,24259000000.0,-53722000000.0,15118000000.0,4078500000.0,799500000.0,0.0,211.07820586543988,0.0,0.0,0.4263822483756282,0.0,0.0,0.005645328361301,1.205229360894167,2015-05-04,0.75,bmo,3130434782.0,2025-04-25,2015-03-31,-0.0533333333333333,40.51491803278688,1113503.8032786886
2014-12-31,L,USD,60086,2015-02-24,2015-02-23 21:36:03,2014,Q4,3521000000.0,0.0,3521000000.0,1.0,0,0.0,0.0,0.0,3521000000.0,3521000000.0,9000000.0,0.0,129000000.0,-687000000.0,-147000000.0,-0.041749503,3512000000.0,0.997443908,-3101000000.0,411000000.0,0.1167282022,110000000.0,208000000.0,0.0590741267,0.56,0.55,374090000,374710000,https://www.sec.gov/Archives/edgar/data/60086/000119312515058679/0001193125-15-058679-index.htm,https://www.sec.gov/Archives/edgar/data/60086/000119312515058679/d841155d10k.htm,9.412173541126467,0.5560159319949745,2.3897992461707074,-0.7057125290705445,126.02047635595711,65.8932342484429,64.89347483225961,51.538399850303406,28.862038546873748,15719261800.000002,26023261800.0,18.893343509615388,4.464431070718547,17.583066890380316,-59.54265833333334,0.815314408713693,0.815314408713693,7.390872422607214,-177.0289918367347,29.108793959731543,-98.57296136363637,0.0132321735362916,-0.0167946817960624,0.5533195020746888,0.1361287276532213,-70.0952380952381,0.1605646228495809,27.224806201550383,3.0408163265306123,0.001463173035263,0.110576923076923,0.0,0.0,0.0047724169612209,1.2953020134228188,0.3288838398182334,0.0,0.0,25.3922007138346,0.0336501427592135,0.002666906004385,-17.573311235264242,-1903000000.0,24276000000.0,-53353000000.0,14082000000.0,4092500000.0,668000000.0,0.0,0.0,0.0,0.0,0.0,0.0,0.0,0.0107883817427385,3.095511775241252,2015-02-09,0.53,bmo,2266885714.0,2025-04-25,2014-12-31,0.3207547169811319,41.9028125,1287221.609375
2014-09-30,L,USD,60086,2014-11-04,2014-11-04 13:54:16,2014,Q3,3523000000.0,977000000.0,2546000000.0,0.7226795345,0,0.0,0.0,2306000000.0,0.0,2306000000.0,3184000000.0,0.0,121000000.0,-220000000.0,240000000.0,0.0681237582,240000000.0,0.0681237582,99000000.0,339000000.0,0.0962248084,99000000.0,208000000.0,0.0590405904,0.55,0.55,377921534,381190000,https://www.sec.gov/Archives/edgar/data/60086/000119312514395873/0001193125-14-395873-index.htm,https://www.sec.gov/Archives/edgar/data/60086/000119312514395873/d797086d10q.htm,9.32204090810025,0.5503787990022289,2.392030934125072,0.743540589036665,127.12427230992348,66.45823997951913,65.52418365236632,52.013442557628906,29.16478424328157,15744211106.44,26008211106.44,18.923330656778845,4.468978457689468,17.41616272836283,56.02922101935943,0.8009467928188431,0.8009467928188431,7.382404515026965,108.36754627683332,28.770145029247782,92.5559114108185,0.0132112049688485,0.0178478297896463,0.5545607162842753,0.1388149600784423,42.766666666666666,0.7494117647058823,1.983471074380165,3.3605947955390336,0.0015243698040979,0.1153846153846153,0.0,0.0,0.0044951546562416,0.6891592920353983,0.1768379222253761,0.0,0.0,25.379315614371524,0.0021636784426744,0.0026606631191158,2.034152412177709,-213000000.0,24763000000.0,-52776000000.0,14551000000.0,8313000000.0,739000000.0,0.0,209.09736020437128,61.07471852610031,0.0,0.430421502748931,1.473604826546003,0.0,0.0105814722490715,1.6484903450884063,2014-11-03,0.67,bmo,3275873015.0,2025-04-25,2014-09-30,-0.2985074626865672,43.03390625,1111215.890625
2014-06-30,L,USD,60086,2014-08-04,2014-08-04 17:21:42,2014,Q2,3593000000.0,750000000.0,2843000000.0,0.7912607849,0,0.0,0.0,2921000000.0,0.0,2921000000.0,3593000000.0,0.0,126000000.0,-271000000.0,401000000.0,0.1116059004,401000000.0,0.1116059004,145000000.0,546000000.0,0.1519621486,145000000.0,116000000.0,0.0322849986,0.3,0.3,385720000,386370000,https://www.sec.gov/Archives/edgar/data/60086/000119312514293769/0001193125-14-293769-index.htm,https://www.sec.gov/Archives/edgar/data/60086/000119312514293769/d752702d10q.htm,9.315047184486156,0.3007362853883646,1.9936741677901069,0.97220781914342,124.40630509177642,65.73421134501712,64.81385460956135,51.48034843928238,28.331432126931453,16975537200.0,27500537200.0,36.58520948275862,4.724613748956304,22.07482080624187,45.2680992,0.8548893186281915,0.8548893186281915,7.653920734762037,68.57989326683291,35.76142678803641,73.33476586666667,0.0068333625400673,0.0220906116597005,0.5439895251044972,0.1303109995898376,26.246882793017456,0.284394250513347,3.1825396825396823,3.576744186046512,0.0014137991462208,0.2068965517241379,0.0,0.0,0.0042825777498974,0.5123537061118335,0.1096576676871695,0.0,0.0,18.6640080664066,0.0035528183705373,0.0014053962369304,-8.353857720626362,-697000000.0,25000000000.0,-57262000000.0,13791000000.0,8398000000.0,848500000.0,0.0,211.436125800167,97.8,0.0,0.4256604667693401,0.9202453987730062,0.0,0.0058417686458175,1.0214663486466866,2014-08-04,0.67,bmo,3055606060.0,2025-04-25,2014-06-30,0.1791044776119403,43.67142857142857,1134654.3015873015
2014-03-31,L,USD,60086,2014-04-29,2014-04-29 15:29:04,2014,Q1,3743000000.0,0.0,3743000000.0,1.0,0,0.0,0.0,0.0,3688000000.0,3688000000.0,55000000.0,0.0,122000000.0,-730000000.0,-94000000.0,-0.0251135453,3688000000.0,0.9853059044,-3174000000.0,514000000.0,0.1373230029,103000000.0,59000000.0,0.0157627571,0.15,0.15,387340000,388070000,https://www.sec.gov/Archives/edgar/data/60086/000119312514166907/0001193125-14-166907-index.htm,https://www.sec.gov/Archives/edgar/data/60086/000119312514166907/d701136d10q.htm,9.663344864976509,0.1523209583311819,1.0920638198998296,-0.8648732379821346,122.08137553570506,64.84483915939485,63.93091340940776,50.82872928176795,29.514121960035112,17062326999.999998,28071327000.0,72.29799576271186,4.558462997595512,40.33647044917257,-50.932319402985065,0.8666358695652173,0.8666358695652173,7.499686615014694,-298.6311382978723,66.36247517730496,-83.79500597014925,0.0034579105183015,-0.0196338987056103,0.5744616009752134,0.1382589880566727,-117.11702127659576,0.3524590163934426,30.229508196721312,2.2989130434782608,0.0014066076684616,0.4067796610169492,0.0,0.0,0.0043274696527022,1.7919621749408985,0.2025113545284531,0.0,0.0,13.198534653001817,0.0360495945203079,0.0007243796731697,-8.087855630712037,-553000000.0,24763000000.0,-56385000000.0,14775000000.0,4177500000.0,508000000.0,0.0,200.89500400748065,0.0,0.0,0.4479952124476361,0.0,0.0,0.0029967492889069,1.9569370578819645,2014-04-28,0.75,bmo,3159264705.0,2025-04-25,2014-03-31,-0.0933333333333332,44.74131147540983,1005639.4098360656
2013-12-31,L,USD,60086,2014-02-24,2014-02-24 15:59:00,2013,Q4,3890000000.0,0.0,3890000000.0,1.0,0,0.0,0.0,0.0,3890000000.0,3890000000.0,3890000000.0,0.0,113000000.0,0.0,0.0,0.0,0.0,0.0,-184000000.0,-184000000.0,-0.0473007712,-59000000.0,-198000000.0,-0.0508997429,-0.64,-0.51,310379368,387190000,https://www.sec.gov/Archives/edgar/data/60086/000119312514064964/0001193125-14-064964-index.htm,https://www.sec.gov/Archives/edgar/data/60086/000119312514064964/d620046d10k.htm,12.53304955502068,-0.6379290004869138,2.474391274615908,1.0889899099221054,155.49680480050466,80.24373578852058,79.09353046946084,62.69102268421398,33.69102807116999,14972700712.32,25022700712.32,-18.904925141818183,3.849023319362468,19.4957040525,44.29793110153846,0.7694881648843663,0.7694881648843663,6.4325708772030845,0.0,32.5816415525,74.03165891218934,-0.0132240671742726,0.0225744177015361,0.5316065371569534,0.1293986664831934,0.0,2.747663551401869,0.0,-6.144,0.0016029172332451,-0.1212121212121212,0.0,0.0,0.0044659052527552,0.5598958333333334,0.1105398457583547,0.0,0.0,,0.0,-0.0024879997989495,-21.81201683483033,187000000.0,24549000000.0,-54739000000.0,14068000000.0,4511500000.0,230000000.0,0.0,0.0,0.0,0.0,0.0,0.0,0.0,-0.0101757631822386,1.3854013646938028,2014-02-10,0.7,bmo,2813468354.0,2025-04-25,2013-12-31,0.3142857142857144,47.790625,755685.96875
2013-09-30,L,USD,60086,2013-10-29,2013-10-29 16:06:24,2013,Q3,3597000000.0,900000000.0,2697000000.0,0.7497914929,0,0.0,0.0,3597000000.0,0.0,3597000000.0,4497000000.0,0.0,105000000.0,0.0,0.0,0.0,3597000000.0,1.0,-3021000000.0,576000000.0,0.1601334445,155000000.0,282000000.0,0.0783986656,0.73,0.73,387260000,388140000,https://www.sec.gov/Archives/edgar/data/60086/000119312513415920/0001193125-13-415920-index.htm,https://www.sec.gov/Archives/edgar/data/60086/000119312513415920/d595780d10q.htm,9.288333419408149,0.7281929453080618,2.132933946186025,1.7275215617414656,123.09043020193153,64.09389040954397,61.534886123018126,49.97934204410473,26.029024428032844,18100532400.0,27818532400.0,16.046571276595746,5.032119099249375,21.913477481840197,27.056102242152463,0.9351863807801604,0.9351863807801604,7.733814956908535,0.0,33.678610653753026,41.58226068759343,0.0155796522316658,0.0369602388049094,0.515370705244123,0.1254559174946547,0.0,0.9518518518518518,34.25714285714286,2.1510416666666665,0.0013259278495034,0.0851063829787234,0.0,0.0,0.012463841026286,0.1900726392251816,0.0436474840144564,0.0,0.0,28.61605487261045,0.0330657438267723,0.0035914874106904,-0.6552445385529102,-13000000.0,23830000000.0,-54432000000.0,15359000000.0,9271000000.0,423000000.0,0.0,225.7631359466222,32.6,0.0,0.3986478998115926,2.7607361963190185,0.0,0.0145698785843451,0.4054123844445592,2013-10-28,0.77,bmo,3197638888.0,2025-04-25,2013-09-30,-0.0649350649350649,45.98203125,752734.484375
2013-06-30,L,USD,60086,2013-07-30,2013-07-30 16:18:04,2013,Q2,3616000000.0,807000000.0,2809000000.0,0.7768252212,0,0.0,0.0,2942000000.0,0.0,2942000000.0,2942000000.0,0.0,108000000.0,-674000000.0,0.0,0.0,674000000.0,0.1863938053,-108000000.0,566000000.0,0.1565265487,163000000.0,269000000.0,0.0743915929,0.69,0.69,388790279,389620000,https://www.sec.gov/Archives/edgar/data/60086/000119312513310220/0001193125-13-310220-index.htm,https://www.sec.gov/Archives/edgar/data/60086/000119312513310220/d556269d10q.htm,9.30064406265672,0.691889727006266,-0.2700684808017023,-1.6795687425096346,122.5802253147384,63.38121432300523,60.83742644193015,49.25791881746097,26.183782233917427,17371149665.72,27277149665.72,16.14419113914498,4.803968381006637,-165.43952062590475,-26.60206686940276,0.9070622769421962,0.9070622769421962,7.543459531449115,0.0,-259.78237776876193,-41.77205155546708,0.0154854459938734,-0.0375910640669121,0.5259255391363375,0.1258276491017665,0.0,0.0032641182947931,6.2407407407407405,-0.2548543689320388,0.0014391678432967,0.0929368029739776,0.0,0.0,0.0123553956475026,-5.219047619047619,0.1515486725663717,0.0,0.0,27.69157958800784,0.0164219117305467,0.0034026082446842,-1.5606100069184086,-50690000000.0,23653000000.0,-55238000000.0,-35176000000.0,9562000000.0,629000000.0,0.0,236.92201327433628,57.992565055762086,0.0,0.3798718352768148,1.551923076923077,0.0,0.0140462639026682,1.4095002617079322,2013-07-29,0.79,bmo,3443732394.0,2025-04-25,2013-06-30,-0.1012658227848102,44.79828125,1026197.984375
2013-03-31,L,USD,60086,2013-04-30,2013-04-30 10:48:58,2013,Q1,3734000000.0,0.0,3734000000.0,1.0,0,0.0,0.0,0.0,3686000000.0,3686000000.0,3686000000.0,0.0,108000000.0,-740000000.0,-134000000.0,-0.0358864488,0.0,0.0,498000000.0,498000000.0,0.1333690412,114000000.0,242000000.0,0.0648098554,0.62,0.62,389898441,392140000,https://www.sec.gov/Archives/edgar/data/60086/000119312513185167/0001193125-13-185167-index.htm,https://www.sec.gov/Archives/edgar/data/60086/000119312513185167/d515033d10q.htm,9.57685286051195,0.6206744489137365,1.5593804336345114,0.0153886227003405,125.2018342899709,63.39599598450305,60.84917892759669,49.92838635125499,24.4807339457918,17143834450.77,26401834450.77,17.710572779721076,4.591278642412962,28.19709613613487,2857.305741795,0.8806613474479889,0.8806613474479889,7.070657324791108,-197.02861530425372,43.4240698203454,4400.305741795,0.0141158619266258,0.0003499800477675,0.4847690964195819,0.1170640335425608,-69.08955223880596,0.254985754985755,0.0,1.5276381909547738,0.0013999201910703,0.0991735537190082,0.0,0.0,0.0123179596596124,0.9901315789473684,0.1612212104981253,0.0,0.0,26.405655793478022,0.0,0.0030393991534896,0.3173903431945243,-523000000.0,23725000000.0,-55717000000.0,14674000000.0,9267000000.0,471500000.0,0.0,231.5077664702732,0.0,0.0,0.3887558563248308,0.0,0.0,0.012431293984692,1.543991810934171,2013-04-29,0.84,bmo,3073170731.0,2025-04-25,2013-03-31,0.0119047619047619,43.35,938607.1166666668
2012-12-31,L,USD,60086,2013-02-22,2013-02-22 10:00:53,2012,Q4,3705000000.0,0.0,3705000000.0,1.0,0,0.0,0.0,0.0,3705000000.0,3705000000.0,3485000000.0,0.0,109000000.0,-221000000.0,-77000000.0,-0.020782726,221000000.0,0.0596491228,-186000000.0,35000000.0,0.0094466937,-48000000.0,-32000000.0,-0.0086369771,-0.0836,-0.0815,382894201,392850000,https://www.sec.gov/Archives/edgar/data/60086/000119312513070611/0001193125-13-070611-index.htm,https://www.sec.gov/Archives/edgar/data/60086/000119312513070611/d464015d10k.htm,9.676302201296592,-0.0835740001191608,1.96398900280028,0.4492102506404896,7.270938010366995,64.44600084188791,61.84476008817903,50.82082713496097,24.33831584720188,15602938690.75,24584938690.75,-121.89795852148436,4.211319484682861,20.74858868450798,90.71475982994184,0.8018366149725062,0.8018366149725062,6.635610982658569,-319.2849180616883,32.692737620678194,142.9356900625,-0.0020508957084456,0.0110235644328954,0.4733028418726553,0.1150947876182502,-116.64935064935064,1.2737430167597763,2.027522935779817,9.060240963855422,0.0016022622722231,-0.78125,0.0,0.0,0.0124467327326576,0.7712765957446809,0.1565452091767881,0.0,0.0035087719298245,,0.0065624737266715,-0.0004049351471053,-119.78308859266322,49000000.0,23680000000.0,-55117000000.0,14980000000.0,9201500000.0,506500000.0,0.0,216.89878542510124,0.0,0.0,0.4149400828760219,0.0,0.0,-0.0016444832725217,1.5147787521597904,2013-02-11,0.3,bmo,2626666666.0,2025-04-25,2012-12-31,-0.4,41.36677419354839,980561.9193548388
2012-09-30,L,USD,60086,2012-10-30,2012-10-30 13:38:55,2012,Q3,3715000000.0,1071000000.0,2644000000.0,0.7117092867,0,0.0,358000000.0,358000000.0,0.0,3197000000.0,3306000000.0,0.0,109000000.0,-773000000.0,-255000000.0,-0.068640646,0.0,0.0,409000000.0,409000000.0,0.1100942127,99000000.0,177000000.0,0.0476446837,0.45,0.45,394480000,395290000,https://www.sec.gov/Archives/edgar/data/60086/000119312512441141/0001193125-12-441141-index.htm,https://www.sec.gov/Archives/edgar/data/60086/000119312512441141/d414140d10q.htm,9.417460961265464,0.4486919488947475,2.5248428310687485,2.2079699858040964,15.909551815047658,63.024741431758265,60.6443926181302,50.29152301764348,22.75147029000203,16390643999.999998,25087644000.0,23.150627118644067,4.412017227456258,16.45646987951807,18.818190585533863,0.8261829729321034,0.8261829729321034,6.7530670255720056,-98.38291764705882,25.188397590361447,28.80326521239954,0.0107988435353729,0.0531400718605077,0.4468975250768688,0.111446313196068,-34.10588235294118,9.38888888888889,0.0,3.212903225806452,0.001464249970898,0.135593220338983,0.0,0.0,0.0118033034165472,0.1255020080321285,0.0336473755047106,0.0,0.0,22.53267700923725,0.0,0.002251478725434,-104.72140539444332,151000000.0,23923000000.0,-54523000000.0,14654000000.0,9309500000.0,601500000.0,0.0,229.51816958277257,67.89915966386555,0.0,0.3921258180282879,1.3254950495049505,0.0,0.008921820656283,0.3168728452646522,2012-10-29,0.72,bmo,4841600000.0,2025-04-25,2012-09-30,0.1944444444444444,40.752698412698415,944787.3333333334
2012-06-30,L,USD,60086,2012-07-31,2012-07-31 16:21:54,2012,Q2,3388000000.0,1001000000.0,2387000000.0,0.7045454545,0,0.0,405000000.0,405000000.0,2983000000.0,3388000000.0,3388000000.0,0.0,111000000.0,0.0,0.0,0.0,0.0,0.0,214000000.0,214000000.0,0.0631641086,16000000.0,56000000.0,0.0165289256,0.14,0.14,396400000,397130000,https://www.sec.gov/Archives/edgar/data/60086/000119312512325910/0001193125-12-325910-index.htm,https://www.sec.gov/Archives/edgar/data/60086/000119312512325910/d371485d10q.htm,8.546922300706358,0.1412714429868819,1.9626639757820383,1.226034308779011,14.457618567103935,61.15287588294652,58.86226034308779,49.20534813319879,23.32744702320888,16216723999.999998,25216724000.0,72.39608928571428,4.786518299881935,20.84411825192802,33.367744855967075,0.8314136887977441,0.8314136887977441,7.442952774498229,0.0,32.412241645244215,51.8862633744856,0.0034532252013415,0.0299690615687854,0.4683927198154319,0.1181460790399338,0.0,1.5454545454545454,0.0,3.9292929292929295,0.001541618393456,0.4464285714285714,0.0,0.0,0.0117421891164907,0.3753213367609254,0.0861865407319952,0.0,0.0,12.506177953419645,0.0,0.000732792462706,-102.16258829465188,48000000.0,23333000000.0,-52951000000.0,14665000000.0,9277000000.0,657500000.0,0.0,242.93093270365995,35.514485514485514,0.0,0.3704756697648989,2.5341772151898736,0.0,0.0028710587028966,0.7366296670030272,2012-07-30,0.76,bmo,4821957446.0,2025-04-25,2012-06-30,-0.3815789473684211,39.82174603174603,1130811.0793650793
2012-03-31,L,USD,60086,2012-05-01,2012-05-01 16:26:44,2012,Q1,3744000000.0,0.0,3744000000.0,1.0,0,0.0,397000000.0,397000000.0,3347000000.0,3744000000.0,3744000000.0,0.0,111000000.0,-845000000.0,7000000.0,0.0018696581,7000000.0,0.0018696581,734000000.0,741000000.0,0.1979166667,222000000.0,367000000.0,0.0980235043,0.92,0.92,396834820,397440000,https://www.sec.gov/Archives/edgar/data/60086/000119312512200892/0001193125-12-200892-index.htm,https://www.sec.gov/Archives/edgar/data/60086/000119312512200892/d311542d10q.htm,9.43465596088569,0.9248180389009212,0.8265403726416951,0.2267946144443675,14.255301487908747,60.783476611251,58.495370945523376,48.95739743805748,23.06501228899218,15821804273.4,24764804273.4,10.777795826566756,4.2259092610576925,48.23720815060975,175.79782526,0.8143815252933909,0.8143815252933909,6.614531055929487,3537.829181914286,75.50245205304878,275.1644919266667,0.0231958374442167,0.0056883525067561,0.4654107473749228,0.1170636975660279,1277.571428571429,64.2840909090909,0.063063063063063,0.6319845857418112,0.0015800979185433,0.0681198910081744,0.0,0.0,0.0117555670636975,0.725609756097561,0.063568376068376,0.0,0.0,31.917477915525204,6.34753237713253e-05,0.0048079442435675,-101.81881216975869,5569000000.0,23213000000.0,-47462000000.0,19999000000.0,9113000000.0,541000000.0,0.0,226.1778846153846,0.0,0.0,0.3979168880858752,0.0,0.0,0.0188902614782787,0.5997457581973276,2012-04-30,0.82,bmo,2814390804.0,2025-04-25,2012-03-31,0.0609756097560976,38.61935483870968,1100628.322580645
2011-12-31,L,USD,60086,2012-02-22,2012-02-22 16:47:11,2011,Q4,3479000000.0,0.0,3479000000.0,1.0,0,0.0,407000000.0,407000000.0,3072000000.0,3479000000.0,3479000000.0,0.0,116000000.0,-858000000.0,-261000000.0,-0.0750215579,0.0,0.0,481000000.0,481000000.0,0.1382581201,72000000.0,268000000.0,0.0770336304,0.68,0.68,396520000,397130000,https://www.sec.gov/Archives/edgar/data/60086/000119312512072891/0001193125-12-072891-index.htm,https://www.sec.gov/Archives/edgar/data/60086/000119312512072891/d257213d10k.htm,8.773832341369918,0.6758801573691112,4.8950872591546455,3.999798244729144,13.199838595783314,58.51659437102794,56.22667204680722,47.34187430646626,22.992535054978312,14928978000.0,23800978000.0,13.926285447761195,4.291169301523427,7.691384853168469,9.41297477931904,0.7952790326017473,0.7952790326017473,6.841327392929003,-91.19148659003832,12.262224626481196,15.00692181588903,0.0179516642063508,0.1062363411614646,0.4794907308757724,0.1195860126481373,-33.99233716475096,5.739240506329114,0.0,4.745721271393643,0.0016745955416372,0.0932835820895522,0.0,0.0,0.0120635595472179,0.1828954147346728,0.1020408163265306,0.0,0.0,26.83173965230488,0.0,0.0036040882194728,-101.4280490265308,1872000000.0,22295000000.0,-49798000000.0,16398000000.0,9463000000.0,364500000.0,0.0,228.09140557631503,0.0,0.0,0.3945786548712714,0.0,0.0,0.0142765821436181,0.8952890144255019,2012-02-06,0.9,bmo,3504155844.0,2025-04-25,2011-12-31,-0.1444444444444444,37.71301587301588,1826939.9365079368
2011-09-30,L,USD,60086,2011-11-01,2011-11-01 16:00:14,2011,Q3,3438000000.0,725000000.0,2713000000.0,0.7891215823,0,0.0,392000000.0,392000000.0,3046000000.0,3438000000.0,3438000000.0,0.0,126000000.0,-250000000.0,315000000.0,0.0916230366,315000000.0,0.0916230366,124000000.0,439000000.0,0.1276905177,123000000.0,162000000.0,0.0471204188,0.41,0.4,397402400,401730000,https://www.sec.gov/Archives/edgar/data/60086/000119312511290652/0001193125-11-290652-index.htm,https://www.sec.gov/Archives/edgar/data/60086/000119312511290652/d234262d10q.htm,8.651180767906787,0.4076472613149794,2.788105960104921,2.279805054020811,15.037654528508131,59.29757847461414,57.14359047655475,47.74505639623717,23.547920193738136,13730252919.999998,22834252920.0,21.188661913580244,3.9936744968004647,12.39192501805054,15.154804547461367,0.7236351280699904,0.7236351280699904,6.641725689354276,72.4896918095238,20.60853151624549,25.20336966887417,0.0117987629903033,0.0659856745013259,0.4865605565510699,0.1209881397025096,28.901587301587305,4.955223880597015,2.5,3.5174603174603174,0.0018207967577628,0.1543209876543209,0.0,0.0,0.0112181377367145,0.1823104693140794,0.0587550901687027,0.0,0.0,20.926554502073312,0.002971530002109,0.0021471457540855,-98.59590681888182,4770000000.0,22709000000.0,-46764000000.0,18561000000.0,10121000000.0,562500000.0,0.0,264.6335078534032,70.38620689655173,0.0,0.3400929864477198,1.2786596119929454,0.0,0.0085379993675556,0.5083009060841102,2011-10-31,0.66,bmo,4698000000.0,2025-04-25,2011-09-30,-0.3333333333333333,37.7884375,2346320.625
2011-06-30,L,USD,60086,2011-08-03,2011-08-03 10:13:36,2011,Q2,3542000000.0,757000000.0,2785000000.0,0.7862789385,0,0.0,388000000.0,388000000.0,3154000000.0,3542000000.0,3542000000.0,0.0,129000000.0,-820000000.0,-143000000.0,-0.0403726708,-143000000.0,-0.0403726708,691000000.0,548000000.0,0.1547148504,144000000.0,250000000.0,0.0705815923,0.62,0.62,404886000,408740000,https://www.sec.gov/Archives/edgar/data/60086/000119312511207508/0001193125-11-207508-index.htm,https://www.sec.gov/Archives/edgar/data/60086/000119312511207508/d10q.htm,8.748141452161843,0.6174577535405028,-0.5260740060165083,-0.89654865814081,14.423813122706145,57.999041705566505,55.88486635744383,46.8107072114126,22.96448876967838,17041651740.000002,26062651740.0,17.04165174,4.811307662337663,-80.00775464788734,-46.94669900826447,0.8991532601698939,0.8991532601698939,7.3581738396386225,-182.25630587412587,-122.35986732394366,-71.79793867768595,0.0146699394996555,-0.0213007521534998,0.4837756555690392,0.1205353034744771,-63.08391608391609,973.3333333333334,-1.1085271317829457,-0.5233415233415234,0.0014669939499655,0.1,0.0,0.0,0.0112529414084581,-0.704225352112676,0.0423489553924336,0.0,0.0,25.501603236248176,-0.0013858911996244,0.0033238934758618,-96.68462233813962,5834000000.0,22627000000.0,-46746000000.0,19146000000.0,10157500000.0,279000000.0,0.0,257.47317899491816,66.34081902245705,0.0,0.3495509720714497,1.3566308243727598,0.0,0.0131905239276104,0.3704746521243016,2011-08-01,0.74,bmo,3767728813.0,2025-04-25,2011-06-30,-0.2027027027027027,41.99444444444445,1333238.5555555555
2011-03-31,L,USD,60086,2011-05-03,2011-05-03 16:34:41,2011,Q1,3668000000.0,0.0,0.0,0.0,0,0.0,362000000.0,362000000.0,3306000000.0,3668000000.0,3668000000.0,0.0,151000000.0,0.0,0.0,0.0,0.0,0.0,757000000.0,757000000.0,0.2063794984,195000000.0,379000000.0,0.1033260632,0.923670965551572,0.8946275139269191,410319274,423640000,https://www.sec.gov/Archives/edgar/data/60086/000119312511124028/0001193125-11-124028-index.htm,https://www.sec.gov/Archives/edgar/data/60086/000119312511124028/d10q.htm,8.939380215417325,0.923670965551572,2.751515884189247,2.385946900461712,14.985891206270754,57.13843215661373,55.0522518228086,45.54014686621814,23.50364852712232,17680657516.66,27050657516.66,11.662702847401055,4.820244688293347,15.660458384995572,18.05991574735444,0.9461980903703308,0.9461980903703308,7.374770315338059,0.0,23.959838367280778,27.630906554300307,0.0214358543873653,0.0553712439188143,0.5080274001926576,0.1249621546197691,0.0,31.21319796954315,0.0,1.9982300884955757,0.0014705335463627,0.0686015831134564,0.0,0.0,0.0112680506009188,0.1328609388839681,0.0408942202835332,0.0,0.0,30.76430573105465,0.0,0.0050458654524636,-94.40575292107776,5952000000.0,22589000000.0,-46373000000.0,19351000000.0,5091000000.0,342500000.0,0.0,249.83097055616145,0.0,0.0,0.3602435670791593,0.0,0.0,0.0202825644867815,0.365568983727535,2011-05-02,0.91,bmo,3051056179.0,2025-04-25,2011-03-31,-0.0219780219780219,41.803225806451614,1341346.838709677
2010-12-31,L,USD,60086,2011-02-23,2011-02-23 13:45:57,2010,Q4,3715000000.0,0.0,3715000000.0,1.0,0,0.0,382000000.0,382000000.0,3333000000.0,3715000000.0,3715000000.0,0.0,133000000.0,-906000000.0,172000000.0,0.0462987887,172000000.0,0.0462987887,773000000.0,945000000.0,0.2543741588,276000000.0,466000000.0,0.1254374159,1.12,1.11,415870000,416670000,https://www.sec.gov/Archives/edgar/data/60086/000119312511043352/0001193125-11-043352-index.htm,https://www.sec.gov/Archives/edgar/data/60086/000119312511043352/d10k.htm,8.93308004905379,1.1205424772164378,-2.265130930338808,-2.8590665352153315,17.31310265227114,55.560631928246806,53.502296390699016,44.364825546444806,23.108182845600787,16181501699.999998,25538501700.0,8.681063143776823,4.355720511440107,-17.177814968152866,-13.609337005887298,0.8770461626016258,0.8770461626016258,6.874428452220727,148.47966104651164,-27.110935987261147,-21.47897535744323,0.028798316042571,-0.0734789651815814,0.5136585365853659,0.1242445298058392,54.40116279069768,3.864734299516908,1.2932330827067668,-1.3652173913043475,0.0229274147034202,0.796137339055794,0.0,0.0,0.0112222557258413,-0.262208067940552,0.0664872139973082,0.0,0.0,33.444507907569644,0.0016222149900091,0.006178650508479,-110.54175583716064,5337000000.0,22250000000.0,-45971000000.0,18829000000.0,5545500000.0,342500000.0,0.0,0.0,0.0,0.0,0.0,0.0,0.0,0.0252574525745257,0.5939356048765239,2011-02-07,0.88,bmo,2288000000.0,2025-04-25,2010-12-31,0.3295454545454545,38.90546875,1423186.546875
2010-09-30,L,USD,60086,2010-11-03,2010-11-03 09:36:42,2010,Q3,3701000000.0,1267000000.0,2434000000.0,0.6576600919,0,-4000000.0,355000000.0,351000000.0,3350000000.0,3701000000.0,3701000000.0,0.0,127000000.0,-211000000.0,174000000.0,0.0470143205,174000000.0,0.0470143205,84000000.0,258000000.0,0.0697108889,84000000.0,36000000.0,0.0097271008,0.09,0.09,417670000,418470000,https://www.sec.gov/Archives/edgar/data/60086/000119312510245478/0001193125-10-245478-index.htm,https://www.sec.gov/Archives/edgar/data/60086/000119312510245478/d10q.htm,8.861062561352263,0.0861924485838101,0.2274522948739435,-0.2442119376541288,14.918476309047811,56.2621208130821,54.21265592453372,45.15287188450212,22.99183565973137,15829693000.0,25173693000.0,109.9284236111111,4.277139421777898,166.62834736842103,-155.19306862745097,0.8393707513653959,0.8393707513653959,6.80186246960281,144.67639655172414,264.9862421052632,-246.8009117647059,0.002274207086644,-0.0064435867454915,0.502465666260141,0.123351687689564,53.70114942528736,3.858204334365325,1.3700787401574803,0.6209150326797386,0.0016424828959096,0.7222222222222222,-0.0010807889759524,0.0,0.0111427864776558,2.073684210526316,0.0532288570656579,0.0,0.0,9.3576879215497,0.001547055979451,0.0004739024550779,-92.83106280077573,4616000000.0,22643000000.0,-47091000000.0,18091000000.0,10428000000.0,0.0,0.0,269.7081869764928,0.0,0.0,0.3336939861148679,0.0,0.0,0.0019089029110769,0.4716642325280724,2010-11-01,0.00975,bmo,38269230.0,2025-04-25,2010-09-30,79.0,36.58671875,2619668.234375
2010-06-30,L,USD,60086,2010-08-27,2010-08-27 11:15:07,2010,Q2,-58000000.0,715000000.0,-773000000.0,13.3275862069,0,0.0,352000000.0,352000000.0,3134000000.0,3486000000.0,3486000000.0,0.0,127000000.0,-1643000000.0,-713000000.0,12.2931034483,0.0,0.0,803000000.0,803000000.0,-13.8448275862,262000000.0,366000000.0,-6.3103448276,0.88,0.87,418640000,419380000,https://www.sec.gov/Archives/edgar/data/60086/000119312510199141/0001193125-10-199141-index.htm,https://www.sec.gov/Archives/edgar/data/60086/000119312510199141/d10qa.htm,-0.1385438562965794,0.8742595069749666,1.208675711828779,0.5852283584941717,13.64656984521307,54.28769348366138,52.24297725969807,43.48605006688325,21.935314351232563,13944898400.0,22909898400.0,9.525203825136613,-240.4292827586207,27.559087747035573,56.91795265306123,0.7659927712166987,0.7659927712166987,-394.99824827586207,-32.131694810659184,45.2764790513834,93.5097893877551,0.0262461575195126,0.0175691491592366,0.4974457566602582,0.1206517539535565,-12.573632538569424,23.129554655870447,0.0,0.9353049907578558,0.0019361919481607,0.0737704918032786,0.0,0.0,0.0114043619019704,0.5158102766798419,-4.5,0.0,0.0,29.24734322232784,0.0,0.0049324151314636,-93.86405981272692,5466000000.0,21871000000.0,-46619000000.0,18948000000.0,9882500000.0,0.0,0.0,-15152.58620689655,0.0,0.0,-0.0059395801331285,0.0,0.0,0.0201043669321614,0.6234473533346073,2010-08-02,0.75,bmo,2542241379.0,2025-04-25,2010-06-30,0.16,34.92190476190476,3226603.698412698
2010-03-31,L,USD,60086,2010-05-04,2010-05-04 10:17:06,2010,Q1,3713000000.0,0.0,0.0,0.0,0,0.0,305000000.0,305000000.0,3408000000.0,3713000000.0,3713000000.0,0.0,130000000.0,0.0,0.0,0.0,0.0,0.0,896000000.0,896000000.0,0.2413143011,273000000.0,420000000.0,0.1131160786,0.9934479740757386,0.991407799074686,422770000,423640000,https://www.sec.gov/Archives/edgar/data/60086/000119312510105707/0001193125-10-105707-index.htm,https://www.sec.gov/Archives/edgar/data/60086/000119312510105707/d10q.htm,8.782553161293375,0.9934479740757386,0.695413581853017,0.1939588901766918,14.953757362159092,52.02119355678028,49.99645197152116,41.50247179317359,23.040896941599453,15760865600.0,25236865600.0,9.38146761904762,4.244779315917048,53.60838639455782,192.2056780487805,0.8982597515103158,0.8982597515103158,6.796893509291678,0.0,85.83967891156463,307.7666536585366,0.0266482825664092,0.0052027599296322,0.5477601732588624,0.1267022608924922,0.0,101.96774193548389,0.0,0.4719101123595505,0.0016496555874443,0.0619047619047619,0.0,0.0,0.0112846878913716,0.7210884353741497,0.0570966873148397,0.0,0.0,30.45795949741931,0.0,0.0056000746676622,-94.70870686188708,6260000000.0,21137000000.0,-47540000000.0,20365000000.0,10106000000.0,270000000.0,0.0,242.39159709130087,0.0,0.0,0.3713,0.0,0.0,0.0239370796762794,0.5014546916763252,2010-05-03,0.96,bmo,3075000000.0,2025-04-25,2010-03-31,0.0,36.85950819672131,1938476.0655737703
2009-12-31,L,USD,60086,2010-02-24,2010-02-24 14:21:07,2009,Q4,3822000000.0,0.0,3822000000.0,1.0,0,0.0,0.0,0.0,3822000000.0,3822000000.0,3822000000.0,0.0,127000000.0,0.0,0.0,0.0,0.0,0.0,883000000.0,883000000.0,0.2310308739,277000000.0,403000000.0,0.1054421769,0.93,0.93,428340000,429130000,https://www.sec.gov/Archives/edgar/data/60086/000119312510038679/0001193125-10-038679-index.htm,https://www.sec.gov/Archives/edgar/data/60086/000119312510038679/d10k.htm,8.922818321893823,0.940841387682682,4.265303263762432,3.427184012700192,17.287668674417517,49.22491478731848,47.22650231124808,39.45230424429192,22.44011766353831,15570159000.0,24865159000.0,9.658907568238211,4.073824960753532,8.522254515599343,10.606375340599454,0.9213657021125512,0.9213657021125512,6.505797749869179,0.0,13.609829775588397,16.938119209809265,0.0258828442278592,0.0942829164429213,0.5612758151369903,0.128054542999865,0.0,108.98181818181818,0.0,3.004934210526316,0.0123955060446075,0.4789081885856079,0.0,0.0,0.0115566356149588,0.1964969896004378,0.0939298796441653,0.0,0.0,28.899188831709047,0.0,0.0055044117245335,-88.53013960872204,59390000000.0,20229000000.0,6955000000.0,73520000000.0,10867000000.0,439500000.0,0.0,240.4709576138148,0.0,0.0,0.3742655699177438,0.0,0.0,0.0238475649446712,0.8381192510622403,2010-02-08,0.95,bmo,3612289156.0,2025-04-25,2009-12-31,-0.1263157894736842,35.393125,1832468.5
2009-09-30,L,USD,60086,2009-11-02,2009-11-02 12:32:28,2009,Q3,3738000000.0,709000000.0,3029000000.0,0.8103263777,0,0.0,307000000.0,307000000.0,3431000000.0,3738000000.0,3738000000.0,0.0,117000000.0,-1746000000.0,-671000000.0,-0.1795077582,0.0,0.0,958000000.0,958000000.0,0.2562867844,266000000.0,468000000.0,0.1252006421,1.08,1.08,432750000,433480000,https://www.sec.gov/Archives/edgar/data/60086/000119312509220059/0001193125-09-220059-index.htm,https://www.sec.gov/Archives/edgar/data/60086/000119312509220059/d10q.htm,8.637781629116118,1.0814558058925476,2.5696129404968224,0.7440785673021375,15.077989601386482,48.95667244367418,46.978625072212594,39.343731946851534,20.38359329867129,14821687500.0,23369687500.0,7.91756810897436,3.965138443017656,13.328855665467628,46.03008540372671,0.870532567837425,0.870532567837425,6.251922819689674,-34.82814828614009,21.015906025179856,72.57666925465838,0.0315753519968627,0.0217249216730551,0.5112181369669917,0.1158802854404089,-12.73919523099851,6784.0,0.0,1.609261939218524,0.0126841157594234,0.4017094017094017,0.0,0.0,0.0113963148365108,0.710431654676259,0.2113429641519529,0.0,0.0,30.94093429643909,0.0,0.0063025210084033,-89.56556903523975,61047000000.0,20330000000.0,7130000000.0,75103000000.0,11525500000.0,344500000.0,0.0,277.4157303370786,43.032440056417485,0.0,0.3244228432563791,2.0914454277286136,0.0,0.0274873722541994,1.8255343731946847,2009-11-02,0.89,bmo,2270229508.0,2025-04-25,2009-09-30,0.3707865168539325,31.313125,2179145.734375
2009-06-30,L,USD,60086,2009-08-04,2009-08-04 16:21:07,2009,Q2,3534000000.0,717000000.0,2817000000.0,0.7971137521,0,0.0,0.0,0.0,3534000000.0,3534000000.0,3534000000.0,0.0,110000000.0,0.0,0.0,0.0,0.0,0.0,756000000.0,756000000.0,0.2139219015,197000000.0,340000000.0,0.0962082626,0.78,0.78,435070000,435630000,https://www.sec.gov/Archives/edgar/data/60086/000006008609000037/0000060086-09-000037-index.htm,https://www.sec.gov/Archives/edgar/data/60086/000006008609000037/form10q.htm,8.12283080883536,0.7814834394465259,1.181419081986807,-0.6872457305720918,15.146987841037074,43.1240949732227,41.15659549038086,34.51398625508539,20.180660583354403,11920918000.0,20454918000.0,8.76538088235294,3.373208262591964,23.19244747081712,-39.86929096989967,0.7938810602024506,0.7938810602024506,5.788035653650255,0.0,39.79556031128405,-68.41109698996655,0.0285212934104571,-0.0250819609697843,0.5773841236014917,0.1210386709479268,0.0,2526.217391304348,0.0,0.9194991055456172,0.0156867113757514,0.55,0.0,0.0,0.0119503001535669,1.5817120622568093,0.2300509337860781,0.0,0.0,24.634781214205468,0.0,0.0048040240766383,-86.49470200197669,58080000000.0,17906000000.0,5235000000.0,71607000000.0,11431500000.0,347000000.0,0.0,293.60780984719867,43.93305439330544,0.0,0.3065313557116836,2.0485714285714285,0.0,0.0226425146510388,1.8686648125588985,2009-08-03,0.98,bmo,3889846153.0,2025-04-25,2009-06-30,-0.2040816326530611,26.11047619047619,3581680.888888889
2009-03-31,L,USD,60086,2009-05-04,2009-05-04 15:44:25,2009,Q1,3023000000.0,0.0,3023000000.0,1.0,0,0.0,0.0,0.0,3023000000.0,3023000000.0,3023000000.0,0.0,94000000.0,0.0,0.0,0.0,0.0,0.0,-868000000.0,-868000000.0,-0.2871319881,-395000000.0,-647000000.0,-0.2140258022,-1.49,-1.49,435120000,435120000,https://www.sec.gov/Archives/edgar/data/60086/000006008609000020/0000060086-09-000020-index.htm,https://www.sec.gov/Archives/edgar/data/60086/000006008609000020/form10q33109.htm,6.947508733223019,-1.486946129803273,2.6153704725133298,1.3122816694245265,17.698565912851628,38.830667402095976,36.81972789115646,30.729453943739657,19.567015995587425,9616152000.0,17898152000.0,-3.715669242658424,3.180996361230566,8.450045694200352,16.84089667250438,0.7191797172986314,0.7191797172986314,5.920658948064836,0.0,15.72772583479789,31.345274956217164,-0.0672826303078403,0.0593792610599333,0.6297210380674594,0.1208606657384414,0.0,3146.222222222222,0.0,-2.405919661733616,0.0195504397185069,-0.2905718701700154,0.0,0.0,0.0125597485179496,0.4982425307557118,0.1875620244789943,0.0,0.0,,0.0,-0.0094051633910919,-84.04463136605993,56614000000.0,16021000000.0,3861000000.0,69649000000.0,11503000000.0,330000000.0,0.0,337.4330135626861,0.0,0.0,0.2667196047291336,0.0,0.0,-0.0483883030439009,1.303088803088803,2009-05-04,0.62,bmo,2501740259.0,2025-04-25,2009-03-31,0.2419354838709677,23.018360655737705,4273599.8852459015
2008-12-31,L,USD,60086,2009-02-25,2009-02-25 13:00:30,2008,Q4,2743000000.0,0.0,2743000000.0,1.0,0,0.0,0.0,0.0,2743000000.0,2743000000.0,2743000000.0,0.0,0.0,0.0,576000000.0,0.2099890631,0.0,0.0,-1341000000.0,-1341000000.0,-0.4888807875,-530000000.0,-958000000.0,-0.3492526431,-2.2,-2.2,435350000,435350000,https://www.sec.gov/Archives/edgar/data/60086/000006008609000008/0000060086-09-000008-index.htm,https://www.sec.gov/Archives/edgar/data/60086/000006008609000008/form10k.htm,6.300677615711496,-2.200528310554726,4.58022280923395,2.145400252670265,14.1495348570116,39.32927529573906,37.36304123119329,30.150453657976342,18.968645917078213,12298637500.0,20425637500.0,-3.209456550104384,4.483644732045206,6.16782221664995,13.167706102783724,0.936967659606887,0.936967659606887,7.446459168793292,35.461176215277774,10.243549398194585,21.8689908993576,-0.0778948074532646,0.0759433717759386,0.6291330184366906,0.1182129206808193,14.109375,52.632270168855534,0.0,-0.3516754850088183,0.0150423166793882,-0.1931106471816284,0.0,0.0,0.0122536037906007,0.5315947843530592,0.3864382063434196,0.0,0.0,,0.0,-0.0138838567556991,-86.87492821867463,55040000000.0,16266000000.0,3371000000.0,68772000000.0,11936500000.0,341500000.0,0.0,382.967553773241,0.0,0.0,0.2350068540095956,0.0,0.0,-0.0729849154350144,2.4348225565636845,2009-02-09,0.55,bmo,14812200000.0,2025-04-25,2008-12-31,-5.0,28.80234375,2913633.3125
2008-09-30,L,USD,60086,2008-10-29,2008-10-29 17:15:04,2008,Q3,2970000000.0,0.0,2970000000.0,1.0,0,0.0,0.0,0.0,2970000000.0,2970000000.0,2970000000.0,0.0,82000000.0,0.0,0.0,0.0,0.0,0.0,-41000000.0,-41000000.0,-0.0138047138,-56000000.0,-137000000.0,-0.0461279461,-0.31,-0.31,436320000,436320000,https://www.sec.gov/Archives/edgar/data/60086/000006008608000064/0000060086-08-000064-index.htm,https://www.sec.gov/Archives/edgar/data/60086/000006008608000064/form10q.htm,6.806930693069307,-0.3139897323065639,-3.3324165749908325,-5.986431976530986,20.418500183351668,45.62935460212688,42.51696002933627,36.07673267326733,17.775944261092775,17230276800.0,24668276800.0,-31.44211094890511,5.80144,-11.850259147180193,-6.596583767228178,1.094611320754717,1.094611320754717,8.305817104377104,0.0,-16.965802475928474,-9.44421010719755,-0.0079511200887962,-0.151593618043327,0.4875166761959215,0.104526199654031,0.0,217.03296703296704,0.0,-66.0909090909091,0.0086475685637273,-1.0875912408759123,0.0,0.0,0.018497078333356,-0.796423658872077,0.3898989898989899,0.0,0.0,,0.0,-0.0019012198337473,-81.2436972863953,58977000000.0,18551000000.0,5742000000.0,73144000000.0,12083000000.0,370000000.0,0.0,369.7272727272728,0.0,0.0,0.2434226702729284,0.0,0.0,-0.0087033860618766,2.654015401540154,2008-10-27,0.66,bmo,6682500000.0,2025-04-25,2008-09-30,-1.5,42.70375,3629516.84375
2008-06-30,L,USD,60086,2008-07-30,2008-07-30 11:13:38,2008,Q2,3922000000.0,624000000.0,3298000000.0,0.8408975013,0,0.0,0.0,0.0,3922000000.0,3922000000.0,3922000000.0,0.0,88000000.0,1866000000.0,3061000000.0,0.7804691484,0.0,0.0,1107000000.0,1107000000.0,0.2822539521,340000000.0,4963000000.0,1.2654258032,9.56,9.54,508160000,509430000,https://www.sec.gov/Archives/edgar/data/60086/000006008608000055/0000060086-08-000055-index.htm,https://www.sec.gov/Archives/edgar/data/60086/000006008608000055/form10q.htm,7.718041561712846,9.766608942065492,2.6448362720403025,0.8088003778337531,19.48992443324937,41.3944426952141,38.72402392947103,33.023063602015114,14.725676952141058,23832704000.0,31059704000.0,1.2005190409026798,6.07667108618052,17.732666666666663,57.98711435523114,1.420219533996782,1.420219533996782,7.919353391126976,10.146914080365894,23.10989880952381,75.57105596107056,0.2082432610248505,0.0172452106147921,0.4406769560812824,0.0988874328046856,2.3609931394968964,238.92635658914728,0.0,0.2708039492242595,0.0083079116830385,0.0398952246625025,0.0,0.0,0.0181460779331924,0.6941964285714286,0.2378888322284548,0.0,0.0,85.18670868199663,0.0,0.0675927817500851,-68.61864373425692,61385000000.0,19678000000.0,7896000000.0,74524000000.0,11962000000.0,384500000.0,0.0,274.5665476797552,53.79807692307693,0.0,0.3277893857083159,1.672922252010724,0.0,0.2957511471306835,1.836035894206549,2008-07-28,1.19,bmo,2380000.0,2025-04-25,2008-06-30,-0.1596638655462184,46.2825,5348690.390625
2008-03-31,L,USD,60086,2008-04-30,2008-04-30 11:17:33,2008,Q1,4543000000.0,0.0,4543000000.0,1.0,0,0.0,0.0,0.0,3612000000.0,3612000000.0,3612000000.0,0.0,89000000.0,0.0,0.0,0.0,-1984000000.0,-0.4367158265,2846000000.0,862000000.0,0.1897424609,253000000.0,662000000.0,0.1457186881,1.05,1.05,529700000,530900000,https://www.sec.gov/Archives/edgar/data/60086/000006008608000042/0000060086-08-000042-index.htm,https://www.sec.gov/Archives/edgar/data/60086/000006008608000042/form10q.htm,8.576552765716443,1.2497640173683218,2.8072493864451578,1.210118935246366,20.955257693033797,39.730035869360016,37.17387200302058,32.57881819898056,14.053237681706626,21304534000.0,28452534000.0,8.045518882175227,4.689529826106098,14.32719166106254,33.23640249609984,1.2345444747059164,1.2345444747059164,6.262939467312349,0.0,19.134185608607936,44.38772854914197,0.0310731978460547,0.030087492174201,0.426203859303471,0.0956536440722051,0.0,246.0,-22.292134831460675,2.2462235649546827,0.0093876730652733,0.3021148036253776,0.0,0.0,0.0176091140820891,0.5689307330195024,0.186220559101915,0.0,0.0,30.26724766233425,-0.0182293228831037,0.0087638010008207,-67.5434208042288,64190000000.0,19691000000.0,8605000000.0,76630000000.0,5979500000.0,398500000.0,0.0,236.91613471274488,0.0,0.0,0.3798812609749979,0.0,0.0,0.0383612447122906,1.5971304511987918,2008-04-28,1.14,bmo,5260315789.0,2025-04-25,2008-03-31,-0.1578947368421052,43.96426229508197,3153699.37704918
2007-12-31,L,USD,60086,2008-02-27,2008-02-27 16:35:45,2007,Q4,4429700000.0,0.0,4429700000.0,1.0,0,0.0,0.0,0.0,4429700000.0,4429700000.0,4429700000.0,0.0,84100000.0,0.0,0.0,0.0,-1813200000.0,-0.4093279455,2747000000.0,933800000.0,0.2108043434,-305800000.0,511600000.0,0.1154931485,0.73,0.73,529570000,530870000,https://www.sec.gov/Archives/edgar/data/60086/000006008608000018/0000060086-08-000018-index.htm,https://www.sec.gov/Archives/edgar/data/60086/000006008608000018/form10k.htm,8.364710991936855,0.9660668089204448,2.4487791982174216,0.7460770058726892,15.805275978624168,33.14953641633778,30.594633381800328,33.217516097966275,13.86426723568178,26658553800.0,33776553800.0,13.027049354964817,6.018139783732533,20.55718214065392,67.47292786636295,1.5154655107725543,1.5154655107725543,7.625020610876583,0.0,26.046077884022207,85.48862009617818,0.0191908384767668,0.0148207589565492,0.4125973509180831,0.0954008333442868,0.0,6.250933532486931,-21.560047562425684,2.575059571088165,0.0073897482015697,0.3850664581704456,0.0,0.0,0.017784145427779,0.6953269586674892,0.2035578030114906,0.0,0.0,26.87066513845685,-0.0372321670585853,0.0068463453148837,-94.7070264554261,7031000000.0,16202000000.0,-50154000000.0,18809000000.0,6454400000.0,200500000.0,0.0,0.0,0.0,0.0,0.0,0.0,0.0,0.0290830538343471,1.7027021923447323,2008-02-11,1.07,bmo,2641975.31,2025-04-25,2007-12-31,-0.2429906542056074,47.98046875,2487546.03125
2007-09-30,L,USD,60086,2007-10-31,2007-10-31 16:10:18,2007,Q3,4653300000.0,65800000.0,4587500000.0,0.9858594976,0,0.0,0.0,0.0,3525000000.0,3525000000.0,3525000000.0,0.0,82200000.0,0.0,0.0,0.0,0.0,0.0,638000000.0,638000000.0,0.1371069993,182000000.0,555000000.0,0.1192701953,1.04,1.04,531860000,533190000,https://www.sec.gov/Archives/edgar/data/60086/000006008607000042/0000060086-07-000042-index.htm,https://www.sec.gov/Archives/edgar/data/60086/000006008607000042/form10q.htm,8.74910690783289,1.043507689993607,3.8532696574286462,2.6305794758019028,22.576617906968,39.35546948445079,36.82378821494378,32.48843680667845,13.752491257097732,26140919000.0,33246119000.0,11.775188738738738,5.617716244385705,12.75540109300283,18.684096204703025,1.5128459486206038,1.5128459486206038,7.144632626308211,0.0,16.222367034253928,23.762503752412265,0.0212310821972249,0.0535214542380855,0.4185470476234569,0.0915875281295866,0.0,120.92143727161998,0.0,3.687961130106173,0.0040931996308163,0.1927927927927928,0.0,0.0,0.0170518800125118,0.3173123841124231,0.13975028474416,0.0,0.0,27.618716606350613,0.0,0.0071503664079651,-68.33396006467868,19691100000.0,19585100000.0,-38178000000.0,30674300000.0,13718100000.0,0.0,0.0,249.67055637934368,0.0,0.0,0.360475024789291,0.0,0.0,0.0321193566869028,1.222690181626744,2007-10-29,0.9,bmo,5015223333.0,2025-04-25,2007-09-30,-0.0777777777777778,47.82809523809524,2616770.746031746
2007-06-30,L,USD,60086,2007-08-01,2007-08-01 17:27:43,2007,Q2,4637300000.0,46700000.0,4590600000.0,0.9899294848,0,0.0,0.0,0.0,3517000000.0,3517000000.0,3406900000.0,0.0,71000000.0,-1791600000.0,-873600000.0,-0.1883854829,0.0,0.0,847000000.0,847000000.0,0.1826493865,398500000.0,654000000.0,0.1410303409,0.95,0.95,536300000,537500000,https://www.sec.gov/Archives/edgar/data/60086/000006008607000032/0000060086-07-000032-index.htm,https://www.sec.gov/Archives/edgar/data/60086/000006008607000032/form10-q.htm,8.646839455528623,1.21946671639008,4.322207719559948,3.561625955621853,26.82323326496364,38.54820063397352,37.993660264777176,31.95879172105165,9.68208092485549,27340574000.0,32324974000.0,10.451289755351684,5.895795829469734,11.794898188093182,14.31368724150568,1.5951792059278274,1.5951792059278274,6.970645418670347,-37.00203067765568,13.945200172562554,16.923184126485523,0.0239204926714413,0.0698632003848931,0.2988126841506461,0.0643910105296243,-5.70558608058608,130.13223644119438,0.0,3.54434250764526,0.0039135974248382,0.1636085626911315,0.0,0.0,0.0037391167688197,0.181578947368421,0.0907640221680719,0.0,0.0,29.61225021839729,0.0,0.0082533969543198,-62.62026850643296,21190600000.0,20376000000.0,-37509400000.0,27477100000.0,13795700000.0,0.0,0.0,281.9455286481358,0.0,0.0,0.3192105951512314,0.0,0.0,0.0381574725050322,0.784821928025359,2007-07-30,0.99,bmo,3567567.57,2025-04-25,2007-06-30,0.1212121212121213,49.30492063492064,1754406.396825397
2007-03-31,L,USD,60086,2007-05-01,2007-04-30 17:38:37,2007,Q1,4659700000.0,0.0,4659700000.0,1.0,0,0.0,0.0,0.0,4613000000.0,4613000000.0,4613000000.0,0.0,78000000.0,-2289700000.0,-829700000.0,-0.1780586733,0.0,0.0,1382000000.0,1382000000.0,0.2965856171,455300000.0,768000000.0,0.1648174775,1.2,1.2,541520000,542560000,https://www.sec.gov/Archives/edgar/data/60086/000006008607000023/0000060086-07-000023-index.htm,https://www.sec.gov/Archives/edgar/data/60086/000006008607000023/form10-q.htm,,,,,,,,,,,,,,,,,,,,,,,,,,,,,,,,,,,,,,,,,,,,,,,,,,,,,,,,,,2007-04-30,0.96,bmo,122264150.0,2025-04-25,2007-03-31,0.1041666666666667,43.40934426229508,1747230.508196721
2007-02-23,L,USD,60086,2007-02-26,2007-02-23 17:39:13,2006,Q4,4882000000.0,0.0,4882000000.0,1.0,0,0.0,0.0,0.0,4882000000.0,4882000000.0,4882000000.0,0.0,80100000.0,-2224200000.0,-794800000.0,-0.1628021303,0.0,0.0,1349300000.0,1349300000.0,0.2763826301,415700000.0,746500000.0,0.152908644,1.11,1.11,547370000,548380000,https://www.sec.gov/Archives/edgar/data/60086/000006008607000015/0000060086-07-000015-index.htm,https://www.sec.gov/Archives/edgar/data/60086/000006008607000015/form10-k.htm,,,,,,,,,,,,,,,,,,,,,,,,,,,,,,,,,,,,,,,,,,,,,,,,,,,,,,,,,,2007-02-23,,,,,,,39.65238095238095,1353517.4603174604
2006-09-30,L,USD,60086,2006-11-08,2006-11-08 13:49:24,2006,Q3,4507200000.0,60000000.0,4447200000.0,0.9866879659,0,0.0,0.0,0.0,4507200000.0,4507200000.0,4507200000.0,0.0,78700000.0,-2036200000.0,-842100000.0,-0.1868343983,0.0,0.0,1115400000.0,1115400000.0,0.2474707135,15500000.0,635100000.0,0.1409078807,0.94,0.94,550590000,551440000,https://www.sec.gov/Archives/edgar/data/60086/000006008606000074/0000060086-06-000074-index.htm,https://www.sec.gov/Archives/edgar/data/60086/000006008606000074/form10-q.htm,8.186127608565357,1.1534898926606003,0.1689097150329646,-0.2312065239107139,28.573893459743186,33.81245572930856,33.2695835376596,29.209575182985525,10.907208630741568,20867361000.0,26638361000.0,8.214202881435993,4.629783679446219,224.3802258064516,-163.9227101335428,1.2975197264106948,1.2975197264106948,5.910179490592829,-31.63325139532122,286.43398924731184,-209.2565671641791,0.0304350895161108,-0.00610043598709,0.3685185760920255,0.0782108381664984,-6.853105331908324,54.121731289449954,0.0,0.146433632498819,0.0046340311072396,0.1522594866950086,0.0,0.0,0.0039443905593275,2.368817204301075,0.0488773517926872,0.0,0.0,27.53345908537254,0.0,0.0084141940338846,-55.79596432917416,29456000000.0,18317900000.0,-27151200000.0,35034800000.0,14537450000.0,0.0,0.0,285.1038338658147,0.0,0.0,0.3156744642106737,0.0,0.0,0.0394901290222291,0.4001162389436786,2006-10-31,0.85,bmo,878235632.0,2025-04-25,2006-09-30,0.0235294117647059,37.13380952380952,1545022.2222222222
2006-06-30,L,USD,60086,2006-08-01,2006-08-01 14:00:02,2006,Q2,4277300000.0,53100000.0,4224200000.0,0.9875856264,0,0.0,0.0,0.0,4277300000.0,4277300000.0,4277300000.0,0.0,70700000.0,-2025300000.0,-931800000.0,-0.2178477077,0.0,0.0,1022800000.0,1022800000.0,0.2391228111,14300000.0,568700000.0,0.132957707,0.86,0.85,555370000,556160000,https://www.sec.gov/Archives/edgar/data/60086/000006008606000060/0000060086-06-000060-index.htm,https://www.sec.gov/Archives/edgar/data/60086/000006008606000060/form10q.htm,7.701712371932225,1.024002016673569,1.677620325188613,1.325242631038767,20.10425482111025,29.296685092821,28.761546356483063,25.46734609359526,9.385274681743702,19687866500.0,24689566500.0,8.654768111482328,4.602872489654689,21.13112214232049,26.749818614130437,1.3919785701155278,1.3919785701155278,5.772231664835293,-26.496637153895687,26.49948105613395,33.545606657608694,0.0288858114717508,0.0373834310589214,0.3635232398648171,0.0716999023846046,-5.367782786005581,0.0,0.0,1.6382978723404256,0.0045713434718789,0.1582556708282047,0.0,0.0,0.0041444707851066,0.2100461521949125,0.0457531620414747,0.0,0.0,24.22331128440575,0.0,0.0079635583536844,-59.73769739092857,21610200000.0,15973300000.0,-33829300000.0,27049900000.0,15023400000.0,0.0,0.0,311.3461763261871,0.0,0.0,0.2890673046381337,0.0,0.0,0.0402084305490745,0.352377694149846,2006-08-01,0.79,bmo,,2025-04-25,2006-06-30,0.2025316455696201,34.62126984126984,1923597.015873016
2006-03-31,L,USD,60086,2006-03-31,2006-03-30 19:00:00,2006,Q1,4244500000.0,0.0,4244500000.0,1.0,0,0.0,0.0,0.0,4244500000.0,4244500000.0,4244500000.0,0.0,74600000.0,0.0,0.0,0.0,0.0,0.0,984600000.0,984600000.0,0.2319707857,334200000.0,541000000.0,0.1274590647,0.85,0.85,557470000,558240000,,,7.61386262937916,0.9704558092812168,1.1819470106014671,0.823362692162807,22.61825748470769,27.54874701777674,27.013471576945843,23.87662116347068,9.3831058173534,18803463100.0,23818663100.0,8.689215850277265,4.43007730003534,28.53765837001062,40.96615054466231,1.412678945193644,1.412678945193644,5.611653457415479,0.0,36.14913203824556,51.89251220043573,0.0287712958577295,0.0244103970401069,0.3873783854851433,0.0722851366999666,0.0,0.0,0.0,1.217929759704251,0.0086154342494495,0.299445471349353,0.0,0.0,0.004183290949007,0.3033844285931097,0.0470962421957827,0.0,0.0,22.83313663444385,0.0,0.0076161783959568,-57.27191597754139,21925900000.0,15059200000.0,-34047900000.0,27275500000.0,15281800000.0,0.0,0.0,323.3575214984097,0.0,0.0,0.2783296939652063,0.0,0.0,0.0406446038841516,0.3585843184386604,2006-05-02,2.21,bmo,6153564705.0,2025-04-25,2006-03-31,-0.6108597285067874,32.53322580645161,2098743.080645161
2005-12-31,L,USD,60086,2006-03-10,2006-03-09 20:29:19,2005,Q4,4108000000.0,0.0,4108000000.0,1.0,0,0.0,0.0,0.0,4108000000.0,4108000000.0,4108000000.0,0.0,74700000.0,0.0,0.0,0.0,0.0,0.0,204700000.0,204700000.0,0.0498296008,43800000.0,138100000.0,0.033617332,0.25,0.25,557430000,558510000,https://www.sec.gov/Archives/edgar/data/60086/000006008606000024/0000060086-06-000024-index.htm,https://www.sec.gov/Archives/edgar/data/60086/000006008606000024/body.htm,7.369535188274761,0.2477441113682435,2.8150619808765227,2.526774662289436,16.611413092226826,27.18009436162388,26.64657445777945,23.486536426098343,9.474732253377104,17625936600.0,22679636600.0,31.90792288196959,4.290636952288218,11.232434743818509,12.513976996805113,1.346303236302809,1.346303236302809,5.520846299902629,0.0,14.452992990058627,16.101978416755415,0.0078350446353018,0.0799106471312282,0.3977054865147684,0.0736718188455421,0.0,25.87405637115436,0.0,13.142378559463989,0.0040168078217188,0.5126719768283853,0.0,0.0,0.0042079586165522,0.1024088707621718,0.0391187925998052,0.0,0.0,11.442012482952304,0.0,0.0019622553574828,-62.392811653481154,65570500000.0,14853600000.0,12682000000.0,68337200000.0,16425850000.0,0.0,0.0,335.49975657254134,0.0,0.0,0.2682565284679731,0.0,0.0,0.0105483459490837,0.2882873185870871,2006-02-16,0.7,bmo,4292750000.0,2025-04-25,2005-12-31,-0.7714285714285714,31.43523809523809,1635277.0
2005-09-30,L,USD,60086,2005-10-28,2005-10-28 15:29:57,2005,Q3,4137900000.0,763300000.0,3374600000.0,0.8155344498,0,0.0,0.0,0.0,4137900000.0,4137900000.0,4137900000.0,0.0,73900000.0,0.0,0.0,0.0,-1191800000.0,-0.2880204935,1643000000.0,451200000.0,0.1090408178,104600000.0,302200000.0,0.0730322144,0.42,0.42,557160000,558100000,https://www.sec.gov/Archives/edgar/data/60086/000006008605000053/0000060086-05-000053-index.htm,https://www.sec.gov/Archives/edgar/data/60086/000006008605000053/body.htm,7.42677148395434,0.5423935673774141,1.3631631847225214,0.6077248905161893,18.4801493287386,26.188707014143155,25.656543901213297,23.014932873860293,9.531014430325222,17160528000.0,22193928000.0,14.196333553937787,4.147158703690278,22.594506912442395,50.68082693443591,1.338261561257116,1.338261561257116,5.363572826796201,0.0,29.22176168531929,65.546154754873,0.0176101807590069,0.0197313276141619,0.4083599781642361,0.0701591725172838,0.0,1002.2655122655124,-16.12719891745602,2.5316666666666667,0.00385769015965,0.2190602250165453,0.0,0.0,0.0039726137520767,0.1361421988150098,0.0249885207472389,0.0,0.0,16.759203732549707,-0.0122663257116619,0.0040651336099919,-65.68095340656185,69387700000.0,14294800000.0,9412300000.0,74568000000.0,17813850000.0,0.0,0.0,381.4543609077068,0.0,0.0,0.2359391036606226,0.0,0.0,0.0235670279965686,0.1855840333117955,2005-10-27,0.42,bmo,1129683333.0,2025-04-25,2005-09-30,-0.1428571428571428,28.70328125,1801887.875
2005-06-30,L,USD,60086,2005-07-29,2005-07-29 16:58:51,2005,Q2,4030700000.0,755800000.0,3274900000.0,0.8124891458,0,0.0,0.0,0.0,4030700000.0,4030700000.0,4030700000.0,0.0,85800000.0,0.0,0.0,0.0,-1081700000.0,-0.2683652964,1720400000.0,638700000.0,0.1584588285,164700000.0,435600000.0,0.1080705585,0.68,0.68,556960000,557700000,https://www.sec.gov/Archives/edgar/data/60086/000006008605000044/0000060086-05-000044-index.htm,https://www.sec.gov/Archives/edgar/data/60086/000006008605000044/body.htm,7.236964952599828,0.7821028440103418,2.537704682562482,2.2621014076414823,17.653871014076415,26.307454754380924,25.796825624820453,23.164679689744325,9.559932490663602,14386276800.0,19298576800.0,8.256586776859503,3.5691757759198155,10.178489316541672,11.418586237002938,1.1150596660931034,1.1150596660931034,4.787897089835512,0.0,13.654009339182114,15.317546471942215,0.0302788557495293,0.08757651597528,0.4060441178750252,0.0706167966796477,0.0,696.6387487386478,-12.607226107226108,3.258183494698017,0.0043374669393265,0.1432506887052341,0.0,0.0,0.0038336642632125,0.1086033677656714,0.0380827151611382,0.0,0.0,20.190001039712627,-0.0108211331180968,0.005894412081109,-64.87526034185579,68937800000.0,14367800000.0,9504200000.0,74086600000.0,18398850000.0,0.0,0.0,403.918177983973,0.0,0.0,0.2228174043792876,0.0,0.0,0.0337627307817513,0.2756032749209997,2005-07-28,0.56,bmo,847612500.0,2025-04-25,2005-06-30,0.1428571428571427,24.71734375,1512525.234375
2005-03-31,L,USD,60086,2005-05-10,2005-05-10 17:19:54,2005,Q1,3741200000.0,0.0,3741200000.0,1.0,0,0.0,0.0,0.0,3741200000.0,3741200000.0,3741200000.0,0.0,129800000.0,0.0,0.0,0.0,0.0,0.0,551900000.0,551900000.0,0.1475195125,212200000.0,346300000.0,0.0925638832,0.54,0.54,556830000,557520000,https://www.sec.gov/Archives/edgar/data/60086/000006008605000036/0000060086-05-000036-index.htm,https://www.sec.gov/Archives/edgar/data/60086/000006008605000036/body.htm,6.718747193937109,0.6219133308191009,-0.0429215379918467,-0.1510335290842806,18.22764578057935,24.837023867248533,24.326275523948063,21.82838568324264,12.954043424384462,13647903300.0,20545203300.0,9.852659038406008,3.6480015235753234,-571.0419790794979,-162.28184661117717,1.122849868775042,1.122849868775042,5.491607853095264,0.0,-859.6319372384937,-244.29492627824013,0.025373860906532,-0.0061621186896891,0.5827704509366747,0.0955649725517496,0.0,31.264571350935192,0.0,-0.0690153046491481,0.0045794580036334,0.1804793531619982,0.0,0.0,0.0038369537501366,-2.518828451882845,0.0160910937667058,0.0,0.0,17.4770046360943,0.0,0.0046900668906739,-64.85031338110375,66827200000.0,13545600000.0,8744000000.0,71914400000.0,18757600000.0,0.0,0.0,450.0481129049503,0.0,0.0,0.1999786187727175,0.0,0.0,0.0284910363892156,0.1081119910924339,2005-05-03,0.58,bmo,879701818.0,2025-04-25,2005-03-31,-0.0517241379310343,23.649672131147543,1750211.524590164
2004-12-31,L,USD,60086,2005-03-03,2005-03-02 20:26:26,2004,Q4,4051200000.0,0.0,4051200000.0,1.0,0,0.0,0.0,0.0,4051200000.0,4051200000.0,4051200000.0,0.0,78200000.0,0.0,0.0,0.0,-627600000.0,-0.1549170616,1413000000.0,785400000.0,0.1938684834,244400000.0,502800000.0,0.1241113744,0.79,0.79,556680000,556680000,https://www.sec.gov/Archives/edgar/data/60086/000006008605000022/0000060086-05-000022-index.htm,https://www.sec.gov/Archives/edgar/data/60086/000006008605000022/lc_bodytwo.htm,7.277430480707049,0.9032118991161888,0.858841704390314,0.7307609398577279,15.317058274053316,24.90784651864626,24.379535819501328,21.88564345764173,12.697600057483651,13043012400.0,19813412400.0,6.485189140811456,3.219542950236967,27.280929512654257,32.06246902654867,1.0705648223387751,1.0705648223387751,4.8907514810426544,0.0,41.44198368542146,48.70553687315634,0.0385493768295428,0.0311891139503938,0.5737608037231292,0.0947843714194672,0.0,45.82066967160335,-8.025575447570333,0.9508750994431184,0.0169056038005453,0.43854415274463,0.0,0.0,0.003987823646262,0.1491319807571637,0.0175997235387045,0.0,0.0,21.08947381496321,-0.0036746518454457,0.0068449698728752,-66.9176187396709,69606500000.0,13571600000.0,11275700000.0,72372900000.0,18849900000.0,0.0,0.0,417.813981042654,0.0,0.0,0.2154068654557829,0.0,0.0,0.04126960675679,0.128080764532586,2005-02-10,0.52,bmo,3038400000.0,2025-04-25,2004-12-31,0.25,21.54796875,1423452.78125
2004-09-30,L,USD,60086,2004-11-01,2004-11-01 16:59:18,2004,Q3,3785400000.0,0.0,3785400000.0,1.0,0,0.0,0.0,0.0,3786700000.0,3786700000.0,3786700000.0,0.0,73300000.0,0.0,0.0,0.0,0.0,0.0,404000000.0,404000000.0,0.1067258414,121400000.0,278500000.0,0.0735721456,0.4,0.4,556470000,556860000,https://www.sec.gov/Archives/edgar/data/60086/000006008604000034/0000060086-04-000034-index.htm,https://www.sec.gov/Archives/edgar/data/60086/000006008604000034/qtxt.txt,6.802523047064532,0.50047621614822,2.166693622297698,2.038744227002354,16.039319280464355,23.537836720757632,23.00770931047496,20.57882725034593,10.612431937031646,10851165000.0,16544265000.0,9.740722621184918,2.866583452211127,8.99988803184872,9.564711326575583,0.9475758634240056,0.9475758634240056,4.370546045332065,0.0,13.721709380442896,14.582869105332746,0.02566544698196,0.1045509860001207,0.5092957254508143,0.0816194581280788,0.0,0.0,0.0,4.329263913824057,0.0053358326041489,0.207899461400359,0.0,0.0,0.0041284146887595,0.0590528323795305,0.0188091086807206,0.0,0.0,15.222756185657468,0.0,0.0039136605725046,-63.369184322604994,67397900000.0,12803100000.0,9040000000.0,71456000000.0,20108050000.0,0.0,0.0,449.1821207798383,0.0,0.0,0.2003641637466521,0.0,0.0,0.0243199580840937,0.1279493952953438,2004-10-28,0.28,bmo,3569091427.0,2025-04-25,2004-09-30,0.4285714285714285,18.99984375,957463.671875
2004-06-30,L,USD,60086,2004-08-03,2004-08-02 18:00:34,2004,Q2,3914500000.0,0.0,3914500000.0,1.0,0,0.0,0.0,0.0,3915700000.0,3915700000.0,3915700000.0,0.0,73500000.0,0.0,0.0,0.0,0.0,0.0,561300000.0,561300000.0,0.1433899604,125000000.0,410500000.0,0.1048665219,0.66,0.66,556470000,556890000,https://www.sec.gov/Archives/edgar/data/60086/000006008604000029/0000060086-04-000029-index.htm,https://www.sec.gov/Archives/edgar/data/60086/000006008604000029/q.txt,7.03452117814078,0.7376857692238575,2.130573076715726,2.0141247506604127,10.617104246410408,22.08259205347997,21.546534404370405,19.19456574478409,10.1583194062573,11123835300.0,16512435300.0,6.774564738124238,2.841700166049304,9.38245217611336,9.92490658458244,1.041440596562184,1.041440596562184,4.218274441180228,0.0,13.92749266194332,14.732722430406852,0.0369027398311084,0.1007566158409411,0.5223476762910534,0.0775422957344996,0.0,0.0,0.0,2.910876503805549,0.0003326190922657,0.0090133982947624,0.0,0.0,0.0041458367210225,0.0546558704453441,0.016553838293524,0.0,0.0,17.849091151038376,0.0,0.005728967501891,-67.86111560371629,67875700000.0,11990000000.0,8212300000.0,71951700000.0,20233700000.0,0.0,0.0,490.2580150721675,0.0,0.0,0.183576804933524,0.0,0.0,0.0384320113844886,0.1164483260553129,2004-07-29,0.5,bmo,4149370000.0,2025-04-25,2004-06-30,-0.06,19.61274193548387,1500087.1451612904
2004-03-31,L,USD,60086,2004-04-30,2004-04-30 17:04:40,2004,Q1,3491200000.0,0.0,3491200000.0,1.0,0,0.0,0.0,0.0,3493300000.0,3493300000.0,3493300000.0,0.0,99100000.0,0.0,0.0,0.0,-1235200000.0,-0.3538038497,1324200000.0,89000000.0,0.0254926673,45400000.0,44900000.0,0.0128609074,0.0807,0.0807,556410000,556410000,https://www.sec.gov/Archives/edgar/data/60086/000006008604000023/0000060086-04-000023-index.htm,https://www.sec.gov/Archives/edgar/data/60086/000006008604000023/qtxtmar.txt,6.2745098039215685,0.0806958897216081,-0.0868064916158947,-0.1941014719361621,18.79711004475117,22.98035621214572,22.42770618788304,19.98849769055193,11.15094983914739,10955712900.0,16927812900.0,61.00062861915368,3.13809375,-226.8263540372671,-101.44178611111111,0.985066527001025,0.985066527001025,4.848709011228231,0.0,-350.47231677018635,-156.73900833333337,0.0040983184216154,-0.0098578705909681,0.5489579024977971,0.0787226745130602,0.0,0.0,-12.464177598385469,-1.1077981651376148,0.0003377233443202,0.0824053452115812,0.0,0.0,0.0039648872166878,-1.236024844720497,0.0171001374885426,0.0,0.0,6.024306277082156,-0.0078022432040304,0.0005812425645612,-71.80402041659927,73421800000.0,12479000000.0,8652500000.0,77555800000.0,19805900000.0,0.0,0.0,493.5125458295142,0.0,0.0,0.1823661845287532,0.0,0.0,0.004037116294125,0.1072949803202674,2004-04-29,0.45,bmo,3025706666.0,2025-04-25,2004-03-31,0.1333333333333333,18.943064516129034,1276734.6290322582
2003-12-31,L,USD,60086,2004-03-01,2004-02-27 20:36:01,2003,Q4,4335700000.0,0.0,4335700000.0,1.0,0,0.0,0.0,0.0,4335700000.0,4335700000.0,4335700000.0,0.0,78100000.0,0.0,0.0,0.0,-722700000.0,-0.1666858869,1309900000.0,587200000.0,0.1354337247,201200000.0,367400000.0,0.0847383352,0.62,0.66,556350000,556350000,https://www.sec.gov/Archives/edgar/data/60086/000006008604000013/0000060086-04-000013-index.htm,https://www.sec.gov/Archives/edgar/data/60086/000006008604000013/loewsk.txt,7.79311584434259,0.6603756628021928,0.8589916419520086,0.7222072436415925,20.57230160869956,19.51109912824661,18.951379527276,19.51109912824661,10.601779455378807,9168648000.0,14808048000.0,6.238873162765379,2.114686901769034,19.18528562460766,22.81893479342957,0.8446474435743898,0.8446474435743898,3.4153765251285835,0.0,30.98566227244193,36.854275759084125,0.0400713387622689,0.0438232550753393,0.5361768770152003,0.0749311223832942,0.0,0.0,-9.253521126760564,1.3007621121393576,0.0213335706638536,0.5323897659227,0.0,0.0,0.0040090635218992,0.1592383343795773,0.0175519523952303,0.0,0.0,17.026589145314475,-0.0060999791538748,0.0047490647935824,-71.93794374045116,73689800000.0,10543600000.0,6870800000.0,77880900000.0,20179950000.0,0.0,0.0,424.87049380722834,0.0,0.0,0.2118292545888928,0.0,0.0,0.0338461538461538,0.1367843983104161,2004-02-17,0.39,bmo,4168942306.0,2025-04-25,2003-12-31,0.358974358974359,14.50390625,1601265.15625
2003-09-30,L,USD,60086,2003-09-30,2003-09-29 20:00:00,2003,Q3,3940000000.0,0.0,3940000000.0,1.0,0,0.0,0.0,0.0,3940000000.0,3940000000.0,3940000000.0,0.0,80900000.0,-1091500000.0,-3561200000.0,-0.903857868,0.0,0.0,-2550600000.0,-2550600000.0,-0.6473604061,-916400000.0,-1382900000.0,-0.3509898477,-2.49,-2.49,556350000,556350000,,,7.081872921721938,-2.4856654983373776,3.111889997303856,2.967017165453401,23.71546688235823,21.916958748988947,21.120877145681675,18.84299451783949,11.065156825739193,7488471000.0,13330271000.0,-1.3537622026176874,1.900627157360406,4.3253456939871775,4.536542678863513,0.7143238293285512,0.7143238293285512,3.3833175126903554,-3.743196394473773,7.699573153121931,8.075526140425275,-0.1846705422241736,0.2204321816830164,0.5795121765093053,0.0780938277698936,-1.6404021116477592,0.0,0.0,-1.2519343408778654,0.0010015395666218,-0.0054233856388748,0.0,0.0,0.0056932703975648,0.0465546121411655,0.0204568527918781,0.0,0.0,,0.0,-0.0178783126720249,-67.38024624786556,73488400000.0,11750600000.0,7888300000.0,77793600000.0,18816300000.0,0.0,0.0,454.38578680203045,0.0,0.0,0.1980695757088276,0.0,0.0,-0.1319145688857516,0.1448728318504538,2003-11-12,0.39,bmo,5910000000.0,2025-04-25,2003-09-30,-0.6666666666666666,14.6190625,1744712.71875
2003-06-30,L,USD,60086,2003-08-08,2003-08-08 17:01:29,2003,Q2,4250300000.0,0.0,4250300000.0,1.0,0,0.0,0.0,0.0,4239500000.0,4239500000.0,4239500000.0,0.0,75700000.0,0.0,0.0,0.0,0.0,0.0,302600000.0,302600000.0,0.0711949745,87900000.0,214800000.0,0.0505376091,0.34,0.34,556350000,556350000,https://www.sec.gov/Archives/edgar/data/60086/000006008603000032/0000060086-03-000032-index.htm,https://www.sec.gov/Archives/edgar/data/60086/000006008603000032/lcq.txt,7.639615350049429,0.386087894311135,0.6912914532218927,0.4889008717533926,16.860249842724905,25.50301069470657,24.70009885863216,21.986878763368384,11.057967107036935,8768076000.0,14656776000.0,10.204930167597766,2.0629310872173727,22.797909516380656,32.23557352941177,0.7167911448284883,0.7167911448284883,3.448409759311108,0.0,38.109141965678624,53.88520588235294,0.0244979628370009,0.0310216289183624,0.4967463457702495,0.0802694848084544,0.0,0.0,0.0,2.0924918389553864,0.000866780808013,0.0353817504655493,0.0,0.0,0.0059009247027741,0.2927717108684347,0.0264922476060513,0.0,0.0,13.820257732582991,0.0,0.0028543598752479,-69.78655522602678,71357100000.0,13741900000.0,9845700000.0,75700000000.0,17966750000.0,0.0,0.0,375.6567771686705,0.0,0.0,0.239580397506285,0.0,0.0,0.0175599228278996,0.2023905814685,2003-08-07,0.45,bmo,8585606000.0,2025-04-25,2003-06-30,-1.2444444444444445,14.546666666666669,2478594.8095238097
2003-03-31,L,USD,60086,2003-05-09,2003-05-09 17:05:06,2003,Q1,3949200000.0,0.0,3949200000.0,1.0,0,0.0,0.0,0.0,3945800000.0,3945800000.0,3945800000.0,0.0,73700000.0,0.0,0.0,0.0,-1286100000.0,-0.3256608933,1569000000.0,282900000.0,0.0716347615,92900000.0,190000000.0,0.0481110098,0.29,0.29,556350000,556350000,https://www.sec.gov/Archives/edgar/data/60086/000006008603000024/0000060086-03-000024-index.htm,https://www.sec.gov/Archives/edgar/data/60086/000006008603000024/loewsq.txt,7.098409274737126,0.3415116383571492,-0.3345016626224499,-0.6528264581648243,16.327132200952637,24.22485845241305,23.917497977891617,20.80578772355532,10.069920014379438,7388328000.0,12703528000.0,9.721484210526317,1.8708416894560924,-39.7008490059108,-20.342312775330395,0.638283932165905,0.638283932165905,3.216734528512104,0.0,-68.26183772165503,-34.97667400881057,0.0257162378280985,-0.0491586188377126,0.4776290895268373,0.0764728989905416,0.0,0.0,-17.45047489823609,-0.8420814479638009,0.0010151146511091,0.0394736842105263,0.0,0.0,0.0023652695439041,-0.9516389038151531,0.0448445254735136,0.0,0.0,12.64404680818625,-0.0119475792797418,0.0026343081197695,-64.87000089871484,68912000000.0,13306500000.0,10093300000.0,72296200000.0,17396950000.0,0.0,0.0,414.6057429352781,0.0,0.0,0.2170736935837607,0.0,0.0,0.0164142614014323,0.3183247955423744,2003-05-08,0.45,bmo,4475760000.0,2025-04-25,2003-03-31,-0.1333333333333333,14.60327868852459,1767022.049180328
2002-12-31,L,USD,60086,2003-03-27,2003-03-26 21:27:27,2002,Q4,3982900000.0,0.0,3982900000.0,1.0,0,0.0,0.0,0.0,3982900000.0,3982900000.0,3982900000.0,0.0,77800000.0,-2632300000.0,-907400000.0,-0.2278239474,-907400000.0,-0.2278239474,2554500000.0,1647100000.0,0.4135428959,128600000.0,256400000.0,0.064375204,0.67,0.66,564930000,564930000,https://www.sec.gov/Archives/edgar/data/60086/000006008603000017/0000060086-03-000017-index.htm,https://www.sec.gov/Archives/edgar/data/60086/000006008603000017/completek.txt,7.050254013771617,0.4538615403678331,0.6901740038588852,0.3563273325898783,18.315720531747296,23.24270263572478,22.92797337723258,19.463473350680616,10.142318517338431,8372262600.0,13838762600.0,8.163282566302653,2.1020519219664062,21.472845857912287,41.59097168405365,0.7614262743849757,0.7614262743849757,3.474544326997916,-15.251005730659026,35.49310746345217,68.74695777446597,0.0306249352474921,0.0240436796619351,0.5140193715610931,0.0801510587728105,-6.024355300859599,0.0,-11.663239074550129,1.5165305328665888,0.0199348739969049,0.6509360374414976,0.0,0.0,0.0025214278826245,0.4837137727622467,0.0473524316452835,0.0,0.0,14.098182326334978,-0.0118627059066391,0.0036452661300182,-61.22395695041864,67203600000.0,12952700000.0,9818500000.0,70519600000.0,17508850000.0,0.0,0.0,375.12616435260736,0.0,0.0,0.2399192819709656,0.0,0.0,0.023318630348779,0.3338466712690068,2003-02-13,0.42,bmo,3603576190.0,2025-04-25,2002-12-31,0.0952380952380953,13.93078125,1784464.296875
2002-09-30,L,USD,60086,2002-11-13,2002-11-13 17:26:42,2002,Q3,4077500000.0,0.0,4077500000.0,1.0,0,0.0,0.0,0.0,4071300000.0,4071300000.0,4071300000.0,0.0,77100000.0,0.0,0.0,0.0,-994800000.0,-0.2439730227,1392800000.0,398000000.0,0.0976088289,157600000.0,239100000.0,0.0586388719,0.35,0.35,557130000,557130000,https://www.sec.gov/Archives/edgar/data/60086/000006008602000026/0000060086-02-000026-index.htm,https://www.sec.gov/Archives/edgar/data/60086/000006008602000026/septq.txt,7.318758638019852,0.4291637499326907,1.0882558828280653,0.844147685459408,19.41755066142552,23.33082045483101,22.967709511245133,19.936101089512324,10.755119989948486,7966959000.0,13573059000.0,8.330153701380176,1.9538832618025752,13.1402919346858,16.940163725281735,0.7172917079319348,0.7172917079319348,3.328769834457388,0.0,22.386704601682336,28.8604273867744,0.0300114510442441,0.059031306675483,0.5325380390744575,0.0783333973431087,0.0,0.0,-12.90272373540856,2.6510712724092698,0.001267735907766,0.0422417398578,0.0,0.0,0.0026791401853811,0.2243113969981857,0.0333537706928264,0.0,0.0,13.874677214579696,-0.0079576846293092,0.0031750036517189,-67.9919857124908,72264200000.0,12796000000.0,9753200000.0,75509300000.0,18765100000.0,0.0,0.0,406.49981606376457,0.0,0.0,0.2214023142039562,0.0,0.0,0.0215269649770415,0.2441081973686572,2002-11-07,0.49,bmo,5325714285.0,2025-04-25,2002-09-30,-0.3061224489795918,16.265,1851589.6875
2002-06-30,L,USD,60086,2002-08-13,2002-08-13 17:12:11,2002,Q2,4648600000.0,0.0,4648600000.0,1.0,0,0.0,0.0,0.0,4651500000.0,4651500000.0,4651500000.0,0.0,78200000.0,0.0,0.0,0.0,-957000000.0,-0.2058684335,1283400000.0,326400000.0,0.0702146883,122600000.0,198800000.0,0.0427655638,0.28,0.28,565135135,565135135,https://www.sec.gov/Archives/edgar/data/60086/000006008602000019/0000060086-02-000019-index.htm,https://www.sec.gov/Archives/edgar/data/60086/000006008602000019/jun02q.txt,8.225643234869834,0.3517742707679996,1.6417312294695674,1.4831850792642718,15.245557153334662,22.349344816439345,21.884323295524705,19.03137733597116,10.63055476103074,10025497294.9,15772897294.9,12.60751671893863,2.156670243707783,10.80566640967881,11.960745997256025,0.9321448304463844,0.9321448304463844,3.393042484812632,0.0,17.000320429941798,18.81758207456454,0.019829440291319,0.0836068252121912,0.5513095869013417,0.0764271361123535,0.0,0.0,-12.237851662404092,5.428905792861323,0.0012268718087687,0.0618712273641851,0.0,0.0,0.0033873094477319,0.096572537184738,0.019274620315794,0.0,0.0,12.273216770334397,-0.0077018575157046,0.0025711030264779,-74.32271044340571,74321100000.0,12367600000.0,9367800000.0,77583700000.0,19530750000.0,0.0,0.0,370.0501226175623,0.0,0.0,0.2432102963873701,0.0,0.0,0.0184839102581982,0.1585461502052955,2002-08-08,0.47,bmo,1024408163.0,2025-04-25,2002-06-30,0.0425531914893617,19.334375,1486978.265625
2002-03-31,L,USD,60086,2002-05-10,2002-05-10 16:43:30,2002,Q1,4786400000.0,0.0,4786400000.0,1.0,0,0.0,0.0,0.0,4792300000.0,4792300000.0,4792300000.0,0.0,76500000.0,0.0,0.0,0.0,-1039300000.0,-0.2171360521,1463700000.0,424400000.0,0.0886678924,171200000.0,212800000.0,0.0444593014,0.34,0.34,573843844,573843844,https://www.sec.gov/Archives/edgar/data/60086/000006008602000013/0000060086-02-000013-index.htm,https://www.sec.gov/Archives/edgar/data/60086/000006008602000013/marq.txt,8.340945102131304,0.3708325918714569,-0.2349071117681973,-0.409519074670077,12.018600656104624,21.83451148079233,21.29917420530872,18.433063472926268,10.457374532713468,11161262765.8,16956462765.8,13.112385768092103,2.331870041325422,-82.79868520623145,-47.494735173617016,1.0551691545231952,1.0551691545231952,3.5426338721795085,0.0,-125.7897831290801,-72.15516070553191,0.0190659430268101,-0.0210549652786672,0.5600839501971128,0.0777853929840317,0.0,0.0,-13.58562091503268,-0.5330170027678924,0.0006898860963648,0.0361842105263157,0.0,0.0,0.0040334333813879,-0.7433234421364985,0.0209343138893531,0.0,0.0,12.401635611298108,-0.0081410970184132,0.0028053079379141,-72.8002930358176,72852100000.0,12222400000.0,9218300000.0,76163400000.0,19700400000.0,0.0,0.0,375.0877486210931,0.0,0.0,0.2399438540204531,0.0,0.0,0.0201177949837866,0.1746119629018796,2002-05-09,0.42,bmo,959127272.0,2025-04-25,2002-03-31,0.0476190476190476,19.50883333333333,2124685.7666666666
2001-12-31,L,USD,60086,2002-03-08,2002-03-08 00:00:00,2001,Q4,5153800000.0,0.0,5153800000.0,1.0,0,0.0,0.0,0.0,5153800000.0,5153800000.0,5153800000.0,0.0,75900000.0,-1146200000.0,-1883400000.0,-0.3654390935,0.0,0.0,-813100000.0,-813100000.0,-0.1577670845,-500400000.0,188100000.0,0.0364973418,0.35,0.35,526708830,577097381,https://www.sec.gov/Archives/edgar/data/60086/000006008602000008/0000060086-02-000008-index.htm,https://www.sec.gov/Archives/edgar/data/60086/000006008602000008/lc01k.txt,9.78491285213502,0.3571233085270281,0.3189618066589086,0.0244917101541662,13.130784232343323,21.11109472001827,20.49633380932687,18.31998905353457,11.384278482667549,9723045001.8,15462045001.8,12.92270733891547,1.886577865225659,57.87526786785715,753.7244187441861,1.007642523478387,1.007642523478387,3.000125150723738,-8.20964479229054,92.03598215357144,1198.608139674419,0.0193457913611607,0.0013267448620891,0.6135470966805883,0.0792194602377266,-3.047148773494744,0.0,0.0,0.8931419457735247,0.0037539680206399,0.1940457203615098,0.0,0.0,0.0043327637492991,0.9232142857142858,0.0300942993519344,0.0,0.0,12.132853737558492,0.0,0.0025279166123498,-79.94511882399998,71852000000.0,10795600000.0,8238500000.0,75251100000.0,19235650000.0,0.0,0.0,339.7011913539524,0.0,0.0,0.2649387234742556,0.0,0.0,0.0194936420258464,0.2944700965047425,2002-02-14,0.53,bmo,7098630188.0,2025-04-25,2001-12-31,-0.3773584905660377,17.6559375,2120542.609375
2001-09-30,L,USD,60086,2001-11-09,2001-11-09 00:00:00,2001,Q3,4840900000.0,0.0,4840900000.0,1.0,0,0.0,0.0,0.0,4667400000.0,4667400000.0,4667400000.0,0.0,77100000.0,0.0,0.0,0.0,-1436100000.0,-0.296659712,1715600000.0,279500000.0,0.0577371976,113700000.0,165700000.0,0.0342291723,0.28,0.28,586786787,586786787,https://www.sec.gov/Archives/edgar/data/60086/000006008601500034/0000060086-01-500034-index.htm,https://www.sec.gov/Archives/edgar/data/60086/000006008601500034/ltr3q01.txt,8.249844930472165,0.2823853632546092,1.0865957007310731,0.8863526097086436,14.778962635366907,19.991758948723568,19.37790736245736,16.547748202789712,9.406994367103907,8889819823.050001,14174119823.05,13.412522364287868,1.8363981538660168,13.942628329752196,17.092520328879065,0.9155324225592172,0.9155324225592172,2.9279926920717223,0.0,22.23042632222397,27.25268183628149,0.0186392979045946,0.0585051227530457,0.5605355303810504,0.071997185088376,0.0,0.0,-18.626459143968876,3.847917923958962,0.0040270782437205,0.216053108026554,0.0,0.0,0.0047647141303801,0.184284818067754,0.024272346051354,0.0,0.0,10.25372822265336,-0.0112688743642275,0.002202367977543,-69.75365823975174,72203000000.0,11370700000.0,8336500000.0,75597400000.0,18220350000.0,0.0,0.0,353.5840442892851,0.0,0.0,0.2545363724794279,0.0,0.0,0.0170648815653964,0.2002430910224295,2001-11-01,0.34,bmo,1770590476.0,2025-04-25,2001-09-30,-0.3823529411764707,17.504406779661018,2672278.7288135597
2001-06-30,L,USD,60086,2001-08-14,2001-08-14 00:00:00,2001,Q2,4318500000.0,0.0,4318500000.0,1.0,0,0.0,0.0,0.0,4140200000.0,4140200000.0,4140200000.0,0.0,92700000.0,0.0,0.0,0.0,-2304800000.0,-0.5337038323,1657000000.0,-647800000.0,-0.150005789,767400000.0,-1415200000.0,-0.3277063795,-2.39,-2.39,592312312,592312312,https://www.sec.gov/Archives/edgar/data/60086/000006008601500016/0000060086-01-500016-index.htm,https://www.sec.gov/Archives/edgar/data/60086/000006008601500016/junq.txt,7.290917160607663,-2.38928006615537,-0.4165032449975479,-0.6319301362082779,17.38981242044484,19.67475563803577,19.084188815578766,16.34509329598403,10.008402459140507,12722868461.76,18392868461.76,-2.247538945336348,2.9461314025147622,-51.57222724669639,-33.991099283355595,1.3141558516082386,1.3141558516082386,4.259087289975686,0.0,-74.55560787093637,-49.13937606668448,-0.1112327777539743,-0.0294194663039235,0.6027434048794595,0.0784468191222355,0.0,0.0,-24.86299892125135,0.1679945522642152,0.0030810662012124,-0.0276992651215375,0.0,0.0,0.0047024535299993,-0.5172274017024726,0.0295472965149936,0.0,0.0,,-0.0676884904580843,-0.0191147927587459,-66.46198163106898,71027200000.0,11303800000.0,8294100000.0,74386700000.0,16817150000.0,0.0,0.0,363.08857242097946,0.0,0.0,0.2478734028997486,0.0,0.0,-0.1461772057760241,0.21542689121073,2001-08-03,0.57,bmo,1532549999.0,2025-04-25,2001-06-30,-0.3333333333333332,21.795714285714286,2018157.761904762
2001-03-31,L,USD,60086,2001-05-03,2001-05-03 00:00:00,2001,Q1,5104000000.0,0.0,5104000000.0,1.0,0,0.0,0.0,0.0,4928900000.0,4928900000.0,4928900000.0,0.0,86300000.0,0.0,0.0,0.0,-772600000.0,-0.1513714734,1573500000.0,800900000.0,0.1569161442,328400000.0,472300000.0,0.0925352665,0.8,0.8,592282282,592282282,https://www.sec.gov/Archives/edgar/data/60086/000006008601500009/0000060086-01-500009-index.htm,https://www.sec.gov/Archives/edgar/data/60086/000006008601500009/marq.txt,8.617512552908007,0.7974238202857468,-0.1340576991968839,-0.2064893779821021,18.648371453394244,23.781734534479963,23.174253927791817,19.91178929103944,10.08539370759026,11727189183.6,17432389183.6,6.207489510692357,2.297646783620689,-147.69759677078088,-95.88870959607524,0.994385773703936,0.994385773703936,3.415436752272727,0.0,-219.5515010528967,-142.53793281766147,0.0402739303174619,-0.0104287564637425,0.4991859853816541,0.0800705620893342,0.0,0.0,-8.952491309385863,-0.1510654490106545,0.002771337572131,0.0688121956383654,0.0,0.0,0.0048936468277662,-1.288413098236776,0.0200431034482758,0.0,0.0,18.90127084131312,-0.0061994004043948,0.0064553517367124,-61.17729012194223,70146200000.0,13725700000.0,10707800000.0,73523900000.0,15756850000.0,0.0,0.0,285.8716692789969,0.0,0.0,0.3148265801469272,0.0,0.0,0.0400478233588278,0.172721695564751,2001-05-03,0.49,bmo,918652000.0,2025-04-25,2001-03-31,0.0204081632653061,17.197580645161292,2676326.241935484
2000-12-31,L,USD,60086,2001-03-16,2001-03-16 00:00:00,2000,Q4,5555700000.0,0.0,5555700000.0,1.0,0,0.0,0.0,0.0,5555700000.0,5555700000.0,5555700000.0,0.0,90400000.0,0.0,0.0,0.0,-3000800000.0,-0.5401299566,6206700000.0,3205900000.0,0.5770469968,-1901100000.0,502900000.0,0.0905196465,0.8,0.8,572165406,591684000,https://www.sec.gov/Archives/edgar/data/60086/000006008601500005/0000060086-01-500005-index.htm,https://www.sec.gov/Archives/edgar/data/60086/000006008601500005/sigsub.txt,9.709954397347818,0.8789416394740929,-1.2482404432539216,-1.4583195545380456,16.24617619751726,23.030053655498357,22.36818211270885,19.171204489073915,10.714384224760348,9875574907.56,15720374907.56,4.9093134358520585,1.7775572668718616,-13.827464166283956,-11.835540397363376,0.9003085857144161,0.9003085857144161,2.8295939139190383,0.0,-22.011166210529264,-18.84033426121764,0.0509236175825082,-0.0844912835769435,0.5506377004494444,0.0843708574118541,0.0,0.0,-33.19469026548673,-1.4201630542851462,0.0033010736392717,0.0648240206800556,0.0,0.0,0.0052899410102432,-0.1683001960235228,0.0216354374786255,0.0,0.0,19.47134620017819,-0.0674445711919853,0.0070622103637129,-65.78517261842286,67292100000.0,12798300000.0,8880400000.0,70877100000.0,15353000000.0,0.0,0.0,247.87947513364657,0.0,0.0,0.363079677942176,0.0,0.0,0.0458469701251697,0.210079111284124,2001-02-15,0.42,bmo,4100635714.0,2025-04-25,2000-12-31,0.261904761904762,15.054920634920636,2450309.396825397
2000-09-30,L,USD,60086,2000-11-13,2000-11-13 00:00:00,2000,Q3,5776400000.0,0.0,5776400000.0,1.0,0,0.0,0.0,0.0,5757300000.0,5757300000.0,5757300000.0,0.0,92900000.0,0.0,0.0,0.0,-493600000.0,-0.085451146,1552300000.0,1058700000.0,0.1832802438,379100000.0,679600000.0,0.1176511322,1.15,1.15,592192192,592192192,https://www.sec.gov/Archives/edgar/data/60086/000006008600500006/0000060086-00-500006-index.htm,https://www.sec.gov/Archives/edgar/data/60086/000006008600500006/lcsep00q.txt,9.75426572324682,1.1476004060519596,0.7896085195260393,0.5678899596163537,19.013590776961813,21.645000007024745,20.974609540275736,17.86480832222793,10.33211866461083,8231471468.8,14040871468.8,3.028057485579753,1.4250175660965307,17.603660112917023,24.47657290752305,0.7780660026844622,0.7780660026844622,2.4307304668651755,0.0,30.02752666552609,41.75103023728813,0.0825611802915078,0.0408553927781549,0.5695691627124412,0.0820349939008451,0.0,0.0,-5.313240043057051,0.6880517951736316,0.0039968552554305,0.0484108298999411,0.0,0.0,0.0054048314019343,0.2807955517536356,0.022730420331002,0.0,0.0,21.477601795921185,-0.0043136733218141,0.00930247837954,-63.86744119719836,69856000000.0,12421000000.0,9221200000.0,73452800000.0,15339050000.0,0.0,0.0,240.01038709230664,0.0,0.0,0.3749837708706603,0.0,0.0,0.0642380475263247,0.2217185599096855,2000-11-09,0.45,bmo,1043357142.0,2025-04-25,2000-09-30,0.0888888888888888,12.37063492063492,1735228.2698412698
2000-06-30,L,USD,60086,2000-08-07,2000-08-07 00:00:00,2000,Q2,5331900000.0,0.0,5331900000.0,1.0,0,0.0,0.0,0.0,5314000000.0,5314000000.0,5314000000.0,0.0,85200000.0,0.0,0.0,0.0,-766200000.0,-0.1437011197,1577700000.0,811500000.0,0.152197153,300900000.0,510600000.0,0.0957632364,0.86,0.86,592792793,592792793,https://www.sec.gov/Archives/edgar/data/60086/000006008600000026/0000060086-00-000026-index.htm,https://www.sec.gov/Archives/edgar/data/60086/000006008600000026/0000060086-00-000026-0001.txt,8.9945425500475,0.8613465042581919,-0.231615501438797,-0.3696063828495297,19.012882972077563,20.458413366709067,19.774869293999664,16.80924619473233,10.3052872304404,5927927930.0,11715327930.0,2.9024323981590285,1.1117852791687766,-43.17500313182811,-27.055809812870837,0.5949106750030106,0.5949106750030106,2.197214488268722,0.0,-85.32649621267298,-53.47023245093565,0.0861346504258191,-0.0369606382849529,0.6045220986712697,0.084572595092748,0.0,0.0,-8.992957746478874,-0.2688993341167254,0.0054993920953421,0.0638464551508029,0.0,0.0,0.0056889977142921,-0.5957756737072105,0.0153416230611976,0.0,0.0,18.049049077543675,-0.0067686297201732,0.007209827732279,-61.35638865636479,67663800000.0,11722400000.0,8566200000.0,71225200000.0,15061700000.0,0.0,0.0,257.81297473696054,0.0,0.0,0.3490902662747075,0.0,0.0,0.0512424230259724,0.1379908814107326,2000-08-07,0.41,bmo,982291666.0,2025-04-25,2000-06-30,0.1707317073170731,9.810793650793652,1673842.5555555555
2000-03-31,L,USD,60086,2000-05-12,2000-05-12 00:00:00,2000,Q1,4673800000.0,0.0,4673800000.0,1.0,0,965100000.0,0.0,965100000.0,3690600000.0,4655700000.0,4655700000.0,0.0,88400000.0,0.0,0.0,0.0,-1048900000.0,-0.2244212418,1346700000.0,297800000.0,0.0637168899,114200000.0,183600000.0,0.0392828106,0.3,0.3,610210210,610210210,https://www.sec.gov/Archives/edgar/data/60086/000006008600000021/0000060086-00-000021-index.html,https://www.sec.gov/Archives/edgar/data/60086/000006008600000021/0000060086-00-000021.txt,7.65932775854406,0.3008799213634921,-0.2068139764491977,-0.7540024608896662,16.355839080437544,19.863482782433287,19.184700301884497,16.1444365213096,9.525897641076837,5083051049.3,10585451049.3,6.92136580787037,1.0875628074158072,-40.27774207052298,-11.047709300804174,0.5159672181190681,0.5159672181190681,2.2648489557319524,0.0,-83.87837598494453,-23.00684861834384,0.0361200385790506,-0.0905165019075229,0.5810688727604933,0.0790359502842831,0.0,0.0,-11.865384615384617,-0.6873638344226579,0.0069053014930538,0.1911764705882352,0.2064915058410715,0.0,0.0057187985828645,-2.64580031695721,0.0714407976378963,0.0,0.0,10.454404707933602,-0.0089284644794389,0.0025495184242976,-64.22233577507659,68863600000.0,11706700000.0,8556700000.0,72427800000.0,14189200000.0,0.0,0.0,285.94997646454703,0.0,0.0,0.3147403651252214,0.0,0.0,0.0186367558239861,0.5471884844404685,2000-05-11,0.35,bmo,865182926.0,2025-04-25,2000-03-31,0.1714285714285714,8.48063492063492,2227069.380952381
1999-12-31,L,USD,60086,2000-03-30,2000-03-30 00:00:00,1999,Q4,4859200000.0,0.0,4859200000.0,1.0,0,752500000.0,0.0,752500000.0,4106700000.0,4859200000.0,4859200000.0,0.0,67600000.0,-1628700000.0,-616900000.0,-0.1269550543,-616900000.0,-0.1269550543,1561100000.0,944200000.0,0.1943118209,-730400000.0,-207800000.0,-0.042764241,-0.35,-0.31,602029851,666666667,https://www.sec.gov/Archives/edgar/data/60086/000006008600000011/0000060086-00-000011-index.htm,https://www.sec.gov/Archives/edgar/data/60086/000006008600000011/,8.07136056780015,-0.3451656087398895,-4.390313861695871,-4.749598371659481,12.460677801174349,20.47738991600269,19.79719108645993,16.57343067528391,9.590720444192725,6086521793.61,11608921793.61,-7.322571936489412,1.2525769249279717,-2.3027966378911127,-2.128601032947471,0.6100125072521723,0.6100125072521723,2.389060296676408,-18.818158200048632,-4.392161398967122,-4.059915294680702,-0.0341410097665568,-0.469792123804103,0.5719053489281097,0.082147942018637,-8.951856054465878,0.0,-9.125739644970414,12.71944177093359,0.0059804271198395,-0.1751684311838306,0.1548608824497859,0.0,0.005895165388541,-0.0818357232038137,0.0445135001646361,0.0,0.0,,-0.0157508482963751,-0.0030092304305893,-65.59055989401429,66101500000.0,11918500000.0,8965800000.0,69463700000.0,6764350000.0,0.0,0.0,250.57272802107343,0.0,0.0,0.3591771567112878,0.0,0.0,-0.0208264429678182,0.3592845099636098,2000-03-02,0.37,bmo,,2025-04-25,1999-12-31,-0.2432432432432431,10.98234375,1791119.71875
1999-09-30,L,USD,60086,1999-11-15,1999-11-15 00:00:00,1999,Q3,5430500000.0,0.0,5430500000.0,1.0,0,1057900000.0,0.0,1057900000.0,4455900000.0,5513800000.0,5513800000.0,0.0,91100000.0,0.0,0.0,0.0,-1666400000.0,-0.3068594052,2102900000.0,436500000.0,0.0803793389,165200000.0,271300000.0,0.0499585674,0.42,0.42,646598980,646598980,https://www.sec.gov/Archives/edgar/data/60086/000006008699000015/0000060086-99-000015-index.htm,https://www.sec.gov/Archives/edgar/data/60086/000006008699000015/0000060086-99-000015.txt,8.398559490458831,0.4195799999560778,-0.4488098635726273,-0.90210473267372,0.5613989678734105,19.076739032282426,18.36919074632626,15.319386986969883,8.955164142077676,7565208066.0,12901508066.0,6.9712569719867306,1.3930960438265354,-26.06894578221916,-12.969669237099264,0.7637381319468981,0.7637381319468981,2.3757495748089497,0.0,-44.45729864231564,-22.11813486370649,0.0358615384577844,-0.0771029686045914,0.5753672202311847,0.0784907541684398,0.0,0.0,-18.29198682766191,-1.06966457795798,0.0050229946973675,0.1400663472171028,0.1948071080011048,0.0,0.0063006895639922,-0.5244658855961406,0.0280268851855261,0.0,0.0,12.02594856153556,-0.0142640149924032,0.0037600341493702,-92.65882231982488,69069100000.0,11877500000.0,8793000000.0,72611100000.0,0.0,0.0,0.0,0.0,0.0,0.0,0.0,0.0,0.0,0.0273888243904901,0.235385462562901,1999-11-03,0.38,bmo,1025443902.0,2025-04-25,1999-09-30,0.0789473684210525,12.65546875,1364535.0
1999-06-30,L,USD,60086,1999-08-16,1999-08-16 00:00:00,1999,Q2,5648600000.0,0.0,5648600000.0,1.0,0,1017200000.0,0.0,1017200000.0,4594700000.0,5611900000.0,5611900000.0,0.0,81900000.0,0.0,0.0,0.0,-1729200000.0,-0.3061289523,2143700000.0,414500000.0,0.0733810148,160200000.0,254300000.0,0.045020005,0.39,0.39,652703986,652703986,https://www.sec.gov/Archives/edgar/data/60086/000006008699000011/0000060086-99-000011-index.html,https://www.sec.gov/Archives/edgar/data/60086/000006008699000011/0000060086-99-000011.txt,8.654152757081523,0.3896100000222766,1.3077903893787466,1.1089253559422878,0.4519659850828611,19.69897576203863,18.9902318139053,15.821873654070194,9.07716227735738,8609165575.34,14156965575.34,8.46359179644121,1.524123778518571,10.085714122938144,11.894398418541034,0.8336560061334366,0.8336560061334366,2.5062786487519038,0.0,16.585011217596065,19.559222955706,0.0295382865824318,0.0840731884717428,0.565779025854556,0.0792246216260925,0.0,0.0,-21.113553113553117,3.3566653558788837,0.0054128358424747,0.1832481321274085,0.1800800198279219,0.0,0.0062725593832118,0.152061855670103,0.0229791452749353,0.0,0.0,11.777015937030985,-0.0143848787391448,0.0034699101616653,-92.84024810597678,70295400000.0,12395000000.0,9403200000.0,73749800000.0,0.0,0.0,0.0,0.0,0.0,0.0,0.0,0.0,0.0,0.024624770020335,0.1988650334364589,1999-08-04,0.31,bmo,912817142.0,2025-04-25,1999-06-30,0.129032258064516,12.915079365079364,1596901.1904761903
1999-03-31,L,USD,60086,1999-05-17,1999-05-17 00:00:00,1999,Q1,5559100000.0,0.0,5559100000.0,1.0,0,1159900000.0,-90000000.0,1069900000.0,4410400000.0,5480300000.0,5480300000.0,0.0,113700000.0,0.0,0.0,0.0,-1976200000.0,-0.3554891979,2121100000.0,144900000.0,0.0260653703,99500000.0,45400000.0,0.0081667896,0.0666,0.0666,681681682,681681682,https://www.sec.gov/Archives/edgar/data/60086/000006008699000006/0000060086-99-000006-index.html,https://www.sec.gov/Archives/edgar/data/60086/0000060086-99-000006.txt,8.154979291346134,0.0665999999689004,0.650890308066104,0.3429753302363199,0.5882511010468959,19.41184624644205,18.704624660869207,15.587627305496529,8.885232154441256,8480120124.08,14022320124.08,46.6966967185022,1.5254483862639636,19.11228335379761,36.27083029974337,0.7980688629637297,0.7980688629637297,2.5224083258225254,0.0,31.60315556475096,59.97570626210436,0.0053536977466961,0.0275703641669067,0.5593178866532402,0.0810804911323328,0.0,0.0,-17.380826737027263,2.1824889326119035,0.0033018400199888,0.6167400881057269,0.2086488820132755,0.0,0.0065770804911323,0.4730673878746901,0.0377579104531309,0.0,0.0,4.833017639775305,-0.0084472313313881,0.0006234730746148,-87.52809643489877,69875500000.0,12750600000.0,9808200000.0,73300000000.0,7032950000.0,0.0,0.0,0.0,0.0,0.0,0.0,0.0,0.0,0.0042726194733573,0.3079149778297842,1999-05-05,0.33,bmo,1180384615.0,2025-04-25,1999-03-31,-0.2121212121212121,14.120983606557376,1790142.0327868853
1998-12-31,L,USD,60086,1999-03-31,1999-03-31 00:00:00,1998,Q4,5056500000.0,0.0,5056500000.0,1.0,0,1076700000.0,0.0,1076700000.0,3979800000.0,5056500000.0,5056500000.0,0.0,86900000.0,-1626300000.0,-462000000.0,-0.0913675467,-462000000.0,-0.0913675467,1539400000.0,1077400000.0,0.2130722832,-886500000.0,-315800000.0,-0.0624542668,-0.46,-0.46,679223727,689454160,https://www.sec.gov/Archives/edgar/data/60086/000006008699000002/0000060086-99-000002-index.html,https://www.sec.gov/Archives/edgar/data/60086/,7.44452792062136,-0.4649425328452932,-0.1199899190211887,-0.5599038798007125,11.895196941493182,18.666161819756336,17.945633398051186,15.01890996219571,8.91252728572599,11118892410.99,16798192410.99,-8.802163086597531,2.198930566793236,-136.4281277422086,-29.23716121743361,1.089959260772262,1.089959260772262,3.322098766140611,-36.35972383331169,-206.1127903188957,-44.17089774123061,-0.0284021095201767,-0.0342030470250893,0.5849017762616163,0.0840624181100432,-12.292857142857144,0.0,-5.316455696202532,0.2580747308423052,0.0034535813982735,-0.1215959468017732,0.2129338475229902,0.0,0.0068949582554938,-3.6662576687116566,0.0590922574903589,0.0,0.0,,-0.0118767861888109,-0.0044800680947652,-58.40781678111195,67568700000.0,12189100000.0,9267800000.0,70906400000.0,7032950000.0,0.0,0.0,250.35716404627703,0.0,0.0,0.3594864175061674,0.0,0.0,-0.0309571422969846,0.4399139607795238,1999-02-10,0.43,bmo,8466697674.0,2025-04-25,1998-12-31,-0.8604651162790697,15.82546875,1387803.796875
1998-09-30,L,USD,60086,1998-11-16,1998-11-16 00:00:00,1998,Q3,5951900000.0,0.0,5951900000.0,1.0,0,1207000000.0,55000000.0,1262000000.0,4730300000.0,5992300000.0,5992300000.0,0.0,89300000.0,0.0,0.0,0.0,-1652000000.0,-0.2775584267,2654000000.0,1002000000.0,0.1683496026,384900000.0,617100000.0,0.1036811774,0.9,0.9,688904518,688904518,https://www.sec.gov/Archives/edgar/data/60086/000006008698000008/0000060086-98-000008-index.html,https://www.sec.gov/Archives/edgar/data/60086/0000060086-98-000008.txt,8.639658827146784,0.8957699998710126,0.7770307582741096,0.5833899901930967,0.2627359746826337,18.890861737678428,17.845433842836258,15.25770222920791,8.405518977885409,9685997523.08,15206297523.08,3.92399834835521,1.6273790761067894,18.09452180661312,24.100516355013685,0.9215017955380502,0.9215017955380502,2.554864416922327,0.0,28.40705683370073,37.83602269987559,0.0637105263066154,0.0414928869269627,0.5424075501136894,0.0803006785972839,0.0,0.0,-18.499440089585665,0.8674444984605413,0.0040367551103365,0.0633608815426997,0.2027923856247585,0.0,0.0101437476936424,0.2492060526807397,0.0224130109712864,0.0,0.0,17.53614319876278,-0.0143299009746207,0.0087806918690024,-83.90770925383886,67609400000.0,12293800000.0,9624000000.0,70999400000.0,0.0,0.0,0.0,0.0,0.0,0.0,0.0,0.0,0.0,0.0587093643862202,0.1936407680810129,1998-11-04,0.4,bmo,1110620689.0,2025-04-25,1998-09-30,-0.2750000000000001,14.14984375,1493161.28125
1998-06-30,L,USD,60086,1998-08-14,1998-08-14 00:00:00,1998,Q2,5404800000.0,0.0,5404800000.0,1.0,0,917800000.0,300000.0,918100000.0,4510600000.0,5428700000.0,5428700000.0,0.0,99200000.0,0.0,0.0,0.0,-1522800000.0,-0.281749556,1938800000.0,416000000.0,0.0769686205,168800000.0,247200000.0,0.0457371226,0.36,0.36,687354021,687354021,https://www.sec.gov/Archives/edgar/data/60086/000006008698000006/0000060086-98-000006-index.html,https://www.sec.gov/Archives/edgar/data/60086/0000060086-98-000006.txt,7.863196889627274,0.3596399998364162,-0.5646289803257003,-0.7280091258824541,0.2706029124982743,17.976326059784554,16.875437759314426,14.261937372153673,8.431608491310477,9980380384.92,15490680384.92,10.093426764684464,1.8465771878552395,-25.71600202246844,-19.94480492589928,1.0180945001448536,1.0180945001448536,2.8660968740600947,0.0,-39.914146830507605,-30.95659549344525,0.0247685950300562,-0.0501383695511332,0.5810772212587983,0.0798408313325119,0.0,0.0,-15.350806451612904,-1.5699838187702266,0.002875641898716,0.1161003236245954,0.1698120189461219,0.0,0.0106061052032568,-0.2893584127802113,0.020777827116637,0.0,0.0,10.742726421595092,-0.0126832397100962,0.0035019620620776,-85.55067433001894,67969000000.0,11599400000.0,8979400000.0,71345700000.0,0.0,0.0,0.0,0.0,0.0,0.0,0.0,0.0,0.0,0.0252167703764153,0.1633801455567538,1998-08-05,0.37,bmo,705239473.0,2025-04-25,1998-06-30,0.027027027027027,15.832380952380952,1557996.0317460315
1998-03-31,L,USD,60086,1998-05-15,1998-05-15 00:00:00,1998,Q1,4795100000.0,0.0,4795100000.0,1.0,0,1056000000.0,-12400000.0,1043600000.0,3781600000.0,4825200000.0,4825200000.0,0.0,93800000.0,0.0,0.0,0.0,0.0,0.0,0.0,-105400000.0,-0.021980772,-21700000.0,-83700000.0,-0.017455319,-0.12,-0.12,679327977,679327977,https://www.sec.gov/Archives/edgar/data/60086/000006008698000005/0000060086-98-000005-index.html,https://www.sec.gov/Archives/edgar/data/60086/,7.058593436966604,-0.1232099999320357,-0.4444097847010944,-0.5908780641901931,0.4401408599722664,17.644643538654083,16.534723109158804,14.027686658928811,8.601294511384447,11799926960.49,17250226960.489998,-35.24470418306452,2.46083021427916,-39.08554806389533,-29.39692815269058,1.2382654690211348,1.2382654690211348,3.597469700421263,0.0,-57.13887698075521,-42.97515436096163,-0.0070932642447919,-0.0340171597115827,0.6033223497806788,0.0816142568365585,0.0,0.0,0.0,3.6069295101553167,0.0024406930734767,-0.3440860215053763,0.2202248128297637,0.0,0.0107034160079949,-0.3295793309042729,0.0207503493149256,0.0,0.0,,0.0,-0.0012010193598007,-85.61299102804358,67099400000.0,11232500000.0,8641100000.0,70444800000.0,6662950000.0,0.0,0.0,0.0,0.0,0.0,0.0,0.0,0.0,-0.0087833441769681,0.1464682794890986,1998-05-05,0.38,bmo,647845714.0,2025-04-25,1998-03-31,-0.0789473684210527,17.131311475409834,1437358.1475409835
1997-12-31,L,USD,60086,1998-03-31,1998-03-31 00:00:00,1997,Q4,5339200000.0,0.0,5339200000.0,1.0,0,1144600000.0,0.0,1144600000.0,4194600000.0,5339200000.0,5339200000.0,0.0,84000000.0,-2015000000.0,-337800000.0,-0.0632679053,-337800000.0,-0.0632679053,1931000000.0,1593200000.0,0.2983967636,-825700000.0,292900000.0,0.0548584058,0.42,0.42,691168555,691168555,https://www.sec.gov/Archives/edgar/data/60086/000006008698000004/0000060086-98-000004-index.html,https://www.sec.gov/Archives/edgar/data/60086/,7.724888468052486,0.4237750659822769,0.6921611183541184,0.4472136322810577,13.386025641748128,17.549264809942056,16.462120444701075,13.983709082367035,8.444539262929865,12226771737.95,17481571737.95,10.43596085519802,2.2900007000955203,25.55763323150084,39.55603926868328,1.265043479938128,1.265043479938128,3.27419308846831,-51.75124848416223,36.54174694387542,56.55636278857975,0.0239556283766126,0.0252805897275894,0.5951930140402065,0.0821998453912444,-15.55595026642984,0.0,-4.021428571428571,1.6333219528849436,0.0023473080724096,0.097985660635029,0.2143766856457896,0.0,0.0107368779033795,0.3538879598662207,0.0317088702427329,0.0,0.0,11.547026148700962,-0.0073712465714908,0.0042307208980857,-55.85782906457601,66235500000.0,11378100000.0,8381900000.0,69577100000.0,6662950000.0,0.0,0.0,224.62747228049145,0.0,0.0,0.4006633698286795,0.0,0.0,0.0303049114856545,0.2449474860730607,1998-02-18,0.39,bmo,6160615384.0,2025-04-25,1997-12-31,-0.1538461538461538,18.18078125,1032441.125
1997-09-30,L,USD,60086,1997-11-14,1997-11-14 00:00:00,1997,Q3,5111400000.0,0.0,5111400000.0,1.0,0,859300000.0,0.0,859300000.0,4252100000.0,5111400000.0,5111400000.0,0.0,88300000.0,0.0,0.0,0.0,-1444400000.0,-0.2825840279,1776300000.0,331900000.0,0.0649332864,134300000.0,197600000.0,0.0386586845,0.29,0.29,689992318,689992318,https://www.sec.gov/Archives/edgar/data/60086/000006008697000026/0000060086-97-000026-index.html,https://www.sec.gov/Archives/edgar/data/60086/,7.407908561671841,0.2863799999582024,0.4095697772681579,0.2163792206161924,0.5927602225855506,16.764824329536957,15.738001303371032,13.48072979560332,8.428209776097827,12992555347.94,18310655347.94,16.4379495798836,2.541878027143248,45.97507200261854,87.02314365666443,1.3968086509783262,1.3968086509783262,3.5823170458074105,0.0,64.79354334019816,122.64337138606832,0.0152087095038875,0.0114911959966113,0.6157112754794875,0.081210464296805,0.0,0.0,-16.357870894677237,1.430161943319838,0.0022166540167609,0.145748987854251,0.1681144109245999,0.0,0.0100465530467926,0.4716914366595895,0.0260789607543921,0.0,0.0,9.32007277127072,-0.0121939495734023,0.0028304102949012,-84.84891566575384,67320300000.0,10859100000.0,8366200000.0,70521700000.0,0.0,0.0,0.0,0.0,0.0,0.0,0.0,0.0,0.0,0.0212436570052464,0.1931905566519655,1997-11-05,0.41,bmo,658733333.0,2025-04-25,1997-09-30,0.024390243902439,17.400625,1654422.25
1997-06-30,L,USD,60086,1997-08-14,1997-08-14 00:00:00,1997,Q2,4749100000.0,0.0,4749100000.0,1.0,0,750800000.0,0.0,750800000.0,3998300000.0,4749100000.0,4749100000.0,0.0,76300000.0,0.0,0.0,0.0,-1268700000.0,-0.2671453539,1402200000.0,133500000.0,0.0281105894,69700000.0,63800000.0,0.0134341244,0.0932,0.0932,684255684,684255684,https://www.sec.gov/Archives/edgar/data/60086/000006008697000023/0000060086-97-000023-index.html,https://www.sec.gov/Archives/edgar/data/60086/,6.940534234568375,0.0932400000348407,-0.0431125392010627,-0.4369711600378901,0.698569279257898,15.955146965209572,15.153399880270486,12.959775428040142,6.673236491521786,11420227365.96,15432127365.96,44.750107233385584,2.404714022859068,-387.1263513884746,-38.19474035438128,1.2878309576174474,1.2878309576174474,3.2494846109705,0.0,-523.1229615579662,-51.612466106889634,0.0055865787917819,-0.0261816153407962,0.5063149822954961,0.0646127323016172,0.0,0.0,-16.627785058977718,-0.4623824451410658,0.0025218412100833,0.45141065830721,0.1580931123791876,0.0,0.007894729268061,-9.135593220338984,0.0567475942810216,0.0,0.0,5.214241352358443,-0.008725288406286,0.0009254316747122,-84.90101194395048,66503600000.0,10368800000.0,7931600000.0,69489400000.0,0.0,0.0,0.0,0.0,0.0,0.0,0.0,0.0,0.0,0.0071945691152258,0.3938586208368274,1997-08-06,0.4,bmo,625500000.0,2025-04-25,1997-06-30,0.0,15.7696875,1532180.296875
1997-03-31,L,USD,60086,1997-05-15,1997-05-15 00:00:00,1997,Q1,4939100000.0,0.0,4939100000.0,1.0,0,791300000.0,0.0,791300000.0,4147800000.0,4939100000.0,4939100000.0,0.0,74800000.0,0.0,0.0,0.0,-1227900000.0,-0.248608046,1593600000.0,365700000.0,0.0740418295,126400000.0,239300000.0,0.0484501225,0.35,0.35,690979441,690979441,https://www.sec.gov/Archives/edgar/data/60086/000006008697000015/0000060086-97-000015-index.html,https://www.sec.gov/Archives/edgar/data/60086/,7.147969544292129,0.3463199999896957,-0.7289652486201829,-0.9175381529187928,0.6628272461148378,15.155733121153744,14.352814876296732,12.467954165947464,6.608734976819665,10233405521.21,14267105521.21,10.690979441297536,2.0719170539592238,-20.316469170557877,-16.14101817225552,1.1878452393135308,1.1878452393135308,2.888604304672916,0.0,-28.324608936291444,-22.50332101137224,0.0233841998642603,-0.0619539603591352,0.5213752597184014,0.0644736691010978,0.0,0.0,-16.415775401069517,-2.104889260342666,0.0028045404768252,0.1199331383201002,0.1602113745419205,0.0,0.0079635753984658,-0.2586857256303355,0.0263813245328096,0.0,0.0,9.856611610944462,-0.0115332679367518,0.0034624756194257,-85.00527876052972,66828300000.0,9917500000.0,7633400000.0,69667200000.0,6931050000.0,0.0,0.0,0.0,0.0,0.0,0.0,0.0,0.0,0.0277768104839177,0.1885729042986099,1997-05-07,0.34,bmo,557496969.0,2025-04-25,1997-03-31,-0.0294117647058823,16.56688524590164,1385157.6229508198
1996-12-31,L,USD,60086,1997-03-27,1997-03-27 00:00:00,1996,Q4,5137000000.0,0.0,5137000000.0,1.0,0,1604400000.0,0.0,1604400000.0,3532600000.0,5137000000.0,5137000000.0,0.0,77700000.0,-2409500000.0,76000000.0,0.0147946272,76000000.0,0.0147946272,2331800000.0,2407800000.0,0.4687171501,-1431100000.0,247800000.0,0.0482382714,0.36,0.36,691351608,699121252,https://www.sec.gov/Archives/edgar/data/60086/000006008697000009/0000060086-97-000009-index.html,https://www.sec.gov/Archives/edgar/data/60086/,7.430372534839031,0.3584283266757079,0.9740340402882234,0.6929903604129608,12.45473345308253,15.349787108616953,14.5363081299147,12.629174357832694,6.434352576207504,10861133761.68,14926133761.68,10.957560292251816,2.11429506748686,16.128799764894566,22.66986800601127,1.2439451348818031,1.2439451348818031,2.9056129573058205,196.3964968642105,22.1653308014256,31.15452674113964,0.0228152976878235,0.044111416958177,0.5005841121495327,0.0648443909683411,53.48684210526316,0.0,0.978120978120978,2.717514124293785,0.0026516568741296,0.1162227602905569,0.3123223671403543,0.0,0.0083438546412691,0.2885357885357885,0.0378236324703134,0.0,0.0,10.092061792736356,0.001790277613987,0.0037073331288664,-54.65182197131738,64895500000.0,10049700000.0,8104700000.0,67683000000.0,6931050000.0,0.0,0.0,242.86334436441504,0.0,0.0,0.3705787723360818,0.0,0.0,0.0283809785596481,0.2810436798752625,1997-02-12,0.35,bmo,4843457142.0,2025-04-25,1996-12-31,0.0571428571428572,14.45109375,1343909.84375
1996-09-30,L,USD,60086,1996-11-14,1996-11-14 00:00:00,1996,Q3,5216300000.0,0.0,5216300000.0,1.0,0,545200000.0,337600000.0,882800000.0,4333500000.0,5216300000.0,5216300000.0,0.0,79700000.0,0.0,0.0,0.0,-1199000000.0,-0.2298564116,1782200000.0,583200000.0,0.1118033855,194600000.0,388600000.0,0.074497249,0.56,0.56,690512998,690512998,https://www.sec.gov/Archives/edgar/data/60086/000006008696000016/0000060086-96-000016-index.html,https://www.sec.gov/Archives/edgar/data/60086/0000060086-96-000016.txt,7.554238682122534,0.5627700001673249,0.3855104839025782,0.1803007334555634,0.4445969893241604,14.678941641008764,13.9093688718659,12.131415374167943,5.991487505641421,8907617674.2,12658117674.2,5.730582651955738,1.7076505711327954,33.46212499699474,71.54712991325302,1.0633549014790675,1.0633549014790675,2.4266467945095185,0.0,47.55115580090158,101.67162790522087,0.0436255814083197,0.0139768010430669,0.4843677255309243,0.0607640318863282,0.0,0.0,-15.043914680050188,0.6850231600617601,0.0032219613649479,0.0738548636129696,0.1045185284588693,0.0,0.0079581038926419,0.5323065364387678,0.0271648486475087,0.0,0.0,12.394027764346166,-0.0119644439231492,0.0058662536437647,-81.57949258472901,64163200000.0,9604600000.0,7524500000.0,66774700000.0,0.0,0.0,0.0,0.0,0.0,0.0,0.0,0.0,0.0,0.0463894758204108,0.2052097504470147,1996-11-06,0.38,bmo,575468292.0,2025-04-25,1996-09-30,0.0789473684210525,13.00140625,1302293.671875
1996-06-30,L,USD,60086,1996-08-14,1996-08-14 00:00:00,1996,Q2,5044600000.0,0.0,5044600000.0,1.0,0,481100000.0,325200000.0,806300000.0,4238300000.0,5044600000.0,5044600000.0,0.0,69800000.0,0.0,0.0,0.0,-1120100000.0,-0.2220394085,1725200000.0,605100000.0,0.1199500456,226400000.0,378700000.0,0.0750703723,0.54,0.54,697691557,697691557,https://www.sec.gov/Archives/edgar/data/60086/000006008696000012/0000060086-96-000012-index.html,https://www.sec.gov/Archives/edgar/data/60086/0000060086-96-000012.txt,7.230415717930208,0.5427899996788982,-0.24093741469771,-0.4037600816201363,0.4887546603921423,13.923344639241492,13.20038906533593,11.455778588417116,5.942310693606402,9202551636.83,12937651636.83,6.075093502000264,1.8242381233061096,-54.74450706026175,-32.66791493372382,1.1513839847896803,1.1513839847896803,2.564653617101455,0.0,-76.9640192553837,-45.92705586379127,0.0411516299984001,-0.0306110751796919,0.5099842354177614,0.0616406661141927,0.0,0.0,-16.04727793696275,-0.4438869817797729,0.0031730329969719,0.0771058885661473,0.0953693057923324,0.0,0.0076277696788594,-0.6757882212968471,0.0225191293660547,0.0,0.0,11.828222447493548,-0.0106010148416882,0.0057708953040425,-80.36731910746055,63596800000.0,9209800000.0,7184200000.0,66126800000.0,0.0,0.0,0.0,0.0,0.0,0.0,0.0,0.0,0.0,0.0473813277281485,0.1628226669224263,1996-08-07,0.37,bmo,,2025-04-25,1996-06-30,0.027027027027027,12.823333333333334,1380032.3333333333
1996-03-31,L,USD,60086,1996-05-14,1996-05-14 00:00:00,1996,Q1,5044500000.0,0.0,5044500000.0,1.0,0,531200000.0,230800000.0,762000000.0,4282500000.0,5044500000.0,5044500000.0,0.0,90800000.0,0.0,0.0,0.0,-1165000000.0,-0.2309445931,1752500000.0,587500000.0,0.1164634751,218700000.0,368800000.0,0.073109327,0.52,0.52,705418795,705418795,https://www.sec.gov/Archives/edgar/data/60086/000006008696000008/0000060086-96-000008-index.html,https://www.sec.gov/Archives/edgar/data/60086/,7.151071159083591,0.5228099996967049,0.2441103089690146,0.1081626978765146,0.5712918380633734,13.229162684841704,12.556087338160587,11.384301151204795,5.826609709201184,8831843313.4,12448243313.4,5.986878601816703,1.750786661393597,51.28828869570267,115.75155063433812,1.0997600848493905,1.0997600848493905,2.4676862550104075,0.0,72.2894501358885,163.1486672791612,0.0417579871962224,0.0086391931211273,0.500504314692368,0.0591807106868048,0.0,0.0,-12.830396475770923,0.4669197396963123,0.0033401860691121,0.0799891540130151,0.1053028050351868,0.0,0.0069908447614307,0.556910569105691,0.0190108038457726,0.0,0.0,11.572212227214507,-0.0107678231674282,0.0054683538297752,-82.47908960236876,65942900000.0,8857300000.0,7357600000.0,67917400000.0,6564300000.0,0.0,0.0,0.0,0.0,0.0,0.0,0.0,0.0,0.0459237675420573,0.1359476110925,1996-05-01,0.3,bmo,,2025-04-25,1996-03-31,0.0,13.45873015873016,1357545.650793651
1995-12-31,L,USD,60086,1996-03-28,1996-03-28 00:00:00,1995,Q4,5495200000.0,0.0,5495200000.0,1.0,0,508100000.0,0.0,508100000.0,4987100000.0,5495200000.0,5495200000.0,0.0,87100000.0,-2420700000.0,505700000.0,0.0920257679,505700000.0,0.0920257679,2333600000.0,2839300000.0,0.5166872907,-1496900000.0,745100000.0,0.1355910613,1.05,1.05,705428901,707820985,https://www.sec.gov/Archives/edgar/data/60086/000006008696000006/0000060086-96-000006-index.html,https://www.sec.gov/Archives/edgar/data/60086/,7.789870803719736,1.0562368495871988,0.8339607282407048,2.03096300416532,10.459877656756229,13.577555422555616,12.89456667724477,11.678994138631133,6.145622888223572,9212901447.06,13219401447.06,3.091162745624749,1.6765361491956616,15.660209836919938,6.430447021051162,1.1182469864250428,1.1182469864250428,2.405626992113117,26.14079779920901,22.47051070382458,9.226915227933272,0.080875715894885,0.1555101840861653,0.5156396033354776,0.064841285225644,7.922681431678861,0.0,5.8059701492537314,0.7895584485303986,0.0032128857743773,0.0397262112468125,0.0924625127383898,0.0,0.0073538277909974,1.4353221145673976,0.1536613772019217,0.0,0.0,16.65998617781659,0.0117813329455158,0.0114568902023676,-54.87973337230763,63634300000.0,9096200000.0,7695400000.0,65553600000.0,6564300000.0,0.0,0.0,215.01928956179933,0.0,0.0,0.4185670977865119,0.0,0.0,0.0904390255744231,1.197002275924615,1996-02-14,0.28,bmo,,2025-04-25,1995-12-31,-0.0714285714285714,12.65809523809524,1178297.0317460315
1995-09-30,L,USD,60086,1995-11-14,1995-11-14 00:00:00,1995,Q3,4959600000.0,0.0,4959600000.0,1.0,0,542200000.0,0.0,542200000.0,4417400000.0,4959600000.0,4959600000.0,0.0,89600000.0,0.0,0.0,0.0,-1155500000.0,-0.2329824986,1765000000.0,609500000.0,0.1228929752,223100000.0,386400000.0,0.0779095088,0.55,0.55,707536805,707536805,https://www.sec.gov/Archives/edgar/data/60086/000006008695000028/0000060086-95-000028-index.html,https://www.sec.gov/Archives/edgar/data/60086/0000060086-95-000028.txt,7.009670684198541,0.5461200000754731,0.0481953726774679,-1.3897510250367824,0.3660586957027628,11.86864052959054,11.86864052959054,10.289924069745036,6.1222256840758975,8624873652.949999,12607973652.95,5.58027539657738,1.7390260611642063,252.928846127566,-8.77135528623004,1.1846540282878923,1.1846540282878923,2.5421351828675696,0.0,369.7352977404691,-12.822102769195563,0.0448006562818271,-0.1140074671892356,0.5826660256850491,0.0615769839311375,0.0,0.0,-12.896205357142858,0.0882505175983436,0.0017043727933303,0.0380434782608695,0.1093233325268166,0.0,0.0,29.835777126099707,0.205137511089604,0.0,0.0,11.244532004902643,-0.4533065570708015,0.0056088603736337,-85.1326737695292,259000000.0,8397500000.0,-60234500000.0,1616000000.0,0.0,0.0,0.0,0.0,0.0,0.0,0.0,0.0,0.0,0.0530732779342078,1.4379463977142504,1995-11-01,0.33,bmo,,2025-04-25,1995-09-30,-0.1212121212121213,10.76920634920635,1330374.6666666667
1995-06-30,L,USD,60086,1995-08-14,1995-08-14 00:00:00,1995,Q2,4519400000.0,0.0,4519400000.0,1.0,0,420600000.0,0.0,420600000.0,4098800000.0,4519400000.0,4519400000.0,0.0,62700000.0,0.0,0.0,0.0,-1007400000.0,-0.2229056954,1652000000.0,644600000.0,0.1426295526,224800000.0,419800000.0,0.0928884365,0.59,0.59,708236326,708236326,https://www.sec.gov/Archives/edgar/data/60086/000006008695000025/0000060086-95-000025-index.html,https://www.sec.gov/Archives/edgar/data/60086/,6.38120332731987,0.5927400001789798,-0.1458552692198395,-0.2134880610458831,0.2965111958970599,11.353131299283286,11.353131299283286,9.832028864331368,6.054476228602824,7139022166.08,11154322166.08,4.251442452405908,1.5796393694030182,-69.10960470551791,-47.21575506666667,1.0252207493580725,1.0252207493580725,2.468098014355888,0.0,-107.9798854412391,-73.7719719978836,0.0588035714463273,-0.0211793711355042,0.6067869144383491,0.0631766712968016,0.0,0.0,-16.066985645933013,-0.2461281868000953,0.0020731130476551,0.0352548832777513,0.0930654511660839,0.0,0.0,-0.4636979670861568,0.0105987520467318,0.0,0.0,11.45104046770768,-0.4266605267776956,0.0062768481789215,-82.78310197830773,210000000.0,8040700000.0,-58630000000.0,1537700000.0,0.0,0.0,0.0,0.0,0.0,0.0,0.0,0.0,0.0,0.0602866415831346,0.0676327918260436,1995-08-02,0.28,bmo,,2025-04-25,1995-06-30,0.107142857142857,9.27888888888889,1946952.2222222225
1995-03-31,L,USD,60086,1995-05-15,1995-05-15 00:00:00,1995,Q1,3703200000.0,0.0,3703200000.0,1.0,0,383900000.0,0.0,383900000.0,3319300000.0,3703200000.0,3703200000.0,0.0,43100000.0,0.0,0.0,0.0,-870800000.0,-0.2351479801,1189000000.0,318200000.0,0.0859256859,103700000.0,214500000.0,0.0579228775,0.3,0.3,707850708,707850708,https://www.sec.gov/Archives/edgar/data/60086/000006008695000011/0000060086-95-000011-index.html,https://www.sec.gov/Archives/edgar/data/60086/,5.231611635260242,0.3030299999360882,1.0974065452230923,1.0451356361432078,0.1893054545055283,9.872420725190544,9.872420725190544,8.537110907290355,3.0869503629852977,5825611326.84,7833611326.84,6.789756791188812,1.5731290037913157,7.499499648352216,7.874576002757502,0.9640263655204367,0.9640263655204367,2.115362747580471,0.0,10.084463603038106,10.58882309656664,0.0368201701015903,0.1269909642944359,0.3544597054443157,0.0428587721421982,0.0,0.0,-20.20417633410673,3.6214452214452217,0.0025233403286404,0.0685314685314685,0.1036670987254266,0.0,0.0,0.0476313079299691,0.0099913588248001,0.0,0.0,7.629385043896914,-0.4820645943731593,0.0042918798433713,-60.54369871450351,134000000.0,6988200000.0,-42855900000.0,1217700000.0,4034008000.0,0.0,0.0,0.0,0.0,0.0,0.0,0.0,0.0,0.0354956147608803,0.0522709090798846,1995-05-03,0.19,bmo,,2025-04-25,1995-03-31,0.3157894736842105,7.924444444444444,834369.7936507936
1994-12-31,L,USD,60086,1995-03-27,1995-03-27 00:00:00,1994,Q4,3371401000.0,0.0,3371401000.0,1.0,0,396410000.0,0.0,396410000.0,2974991000.0,3371401000.0,3371401000.0,0.0,42400000.0,56788000.0,365336000.0,0.1083632591,365336000.0,0.1083632591,-99188000.0,266148000.0,0.078942849,46441000.0,79134000.0,0.0234721411,0.11,0.11,715647956,726495726,https://www.sec.gov/Archives/edgar/data/60086/000006008695000007/0000060086-95-000007-index.html,https://www.sec.gov/Archives/edgar/data/60086/0000060086-95-000007.txt,4.710976915023845,0.1105767149008667,0.3584877143141033,0.2911473417245392,12.01456655875644,8.733484037226818,8.603811341005214,7.553015354381869,3.0556839877287376,5181291201.440001,7165085201.440001,16.368726468521746,1.5368362296386575,20.19595012859041,24.86713413598645,0.9585575641389008,0.9585575641389008,2.125254516279731,19.612316337399,27.928502330686687,34.38817234407921,0.0152730269200092,0.0402137212326711,0.396720626052208,0.0426015972663699,5.430053430266932,0.0,8.616415094339622,3.243375474083438,0.0028448507190453,0.1862663330553239,0.117580198855016,0.0,0.00184361093452,0.1878456914999356,0.0142943541868795,0.0,0.0,4.334941934256494,0.0061979780040957,0.0015750191070632,-41.13291703441964,16841290000.0,6157300000.0,-27244610000.0,18023958000.0,4034008000.0,0.0,0.0,215.3767647337116,0.0,0.0,0.4178723740756092,0.0,0.0,0.0146400754814718,0.0673403725895641,1995-02-15,0.17,bmo,,2025-04-25,1994-12-31,0.6470588235294118,7.356825396825397,838712.6666666666
1994-09-30,L,USD,60086,1994-11-14,1994-11-14 00:00:00,1994,Q3,3545300000.0,0.0,3545300000.0,1.0,0,393700000.0,0.0,393700000.0,3151600000.0,3545300000.0,3545300000.0,0.0,42400000.0,0.0,0.0,0.0,-979700000.0,-0.2763376865,1144000000.0,164300000.0,0.0463430457,30100000.0,134200000.0,0.0378529321,0.19,0.19,719648220,719648220,https://www.sec.gov/Archives/edgar/data/60086/000006008694000024/0000060086-94-000024-index.html,https://www.sec.gov/Archives/edgar/data/60086/0000060086-94-000024.txt,4.926434751690207,0.1864799999088443,0.8384652156855192,0.7500887030610595,0.2000977644327391,8.87642020430482,8.87642020430482,7.674860920242393,3.0421808032819144,5296610899.2,7299510899.2,9.867009871833083,1.4939810168956082,8.777943154126616,9.812172840311224,0.9589750324449594,0.9589750324449594,2.0589261555298566,0.0,12.097300131256214,13.522621154501667,0.0253369565093538,0.101914225959383,0.3887058227114716,0.0418726753926599,0.0,0.0,-23.1061320754717,4.496274217585693,0.0028319996098383,0.1117734724292101,0.1110484303161932,0.0,0.0,0.1054027179317202,0.0179392435054861,0.0,0.0,5.674696593952127,-0.6478969548299972,0.0026174079080045,-62.1695416685669,144000000.0,6387900000.0,-44740200000.0,1235100000.0,0.0,0.0,0.0,0.0,0.0,0.0,0.0,0.0,0.0,0.0242975086906141,0.0883765126244597,1994-11-01,0.15,bmo,,2025-04-25,1994-09-30,0.2666666666666667,7.44921875,920708.71875
1994-06-30,L,USD,60086,1994-08-15,1994-08-15 00:00:00,1994,Q2,3393400000.0,0.0,3393400000.0,1.0,0,371400000.0,0.0,371400000.0,3022000000.0,3393400000.0,3393400000.0,0.0,45400000.0,0.0,0.0,0.0,-981400000.0,-0.2892084635,1031700000.0,50300000.0,0.0148228915,-10000000.0,60300000.0,0.0177697884,0.0833,0.0833,724324324,724324324,https://www.sec.gov/Archives/edgar/data/60086/000006008694000008/0000060086-94-000008-index.html,https://www.sec.gov/Archives/edgar/data/60086/0000060086-94-000008.txt,4.684917912545486,0.0832500000372761,0.3920895524143684,0.3169850747687993,0.1850000000828358,8.848108212917063,8.848108212917063,7.579477615334095,3.0146716431408977,5193405403.08,7197605403.08,21.531531521890543,1.530443037390228,18.28663874323944,22.619361511672476,0.9459754832568306,0.9459754832568306,2.1210601176047623,0.0,25.343680996760565,31.348455588327525,0.0116108786662867,0.0442099127989957,0.389471766848816,0.0421711578627652,0.0,0.0,-21.616740088105725,4.701986754966887,0.002907533463697,0.2504145936981758,0.1094477515176519,0.0,0.0,0.1915492957746478,0.0160311192314492,0.0,0.0,3.767931662673791,-0.9827995521981304,0.0011892810864861,-60.96716420640321,134000000.0,6408900000.0,-44160000000.0,1197100000.0,0.0,0.0,0.0,0.0,0.0,0.0,0.0,0.0,0.0,0.010983606557377,0.0751044776455691,1994-08-03,0.16,bmo,,2025-04-25,1994-06-30,0.0625,7.4272580645161295,1334858.064516129
1994-03-31,L,USD,60086,1994-05-16,1994-05-16 00:00:00,1994,Q1,3205100000.0,0.0,3205100000.0,1.0,0,0.0,0.0,0.0,3205100000.0,3205100000.0,3205100000.0,0.0,44400000.0,0.0,0.0,0.0,0.0,0.0,0.0,-63500000.0,-0.0198121743,-57600000.0,-5900000.0,-0.0018408162,-0.01,-0.01,590590591,590590591,https://www.sec.gov/Archives/edgar/data/60086/000006008694000006/0000060086-94-000006-index.html,https://www.sec.gov/Archives/edgar/data/60086/0000060086-94-000006.txt,5.426940504712511,-0.0099899999930747,0.6016011860236358,0.5289620335316179,0.1625491524296905,11.296658127762148,11.296658127762148,9.662192535674851,3.74743525163949,4417617620.68,6490417620.68,-187.18718731694915,1.3783088267698356,12.43348612631579,14.140901474647888,0.7741514125683443,0.7741514125683443,2.025028117899597,0.0,18.26742927295243,20.77598470128041,-0.0013355614964003,0.0707168494026227,0.3800644889948128,0.0419802409489299,0.0,0.0,0.0,-60.22033898305085,0.0034860418719602,-2.610169491525424,0.0,0.0,0.0,0.1207430340557275,0.0133849177872765,0.0,0.0,,0.0,-0.0001142029793428,-76.01661909984611,96000000.0,6671700000.0,-44894700000.0,1140900000.0,3737376500.0,0.0,0.0,0.0,0.0,0.0,0.0,0.0,0.0,-0.0010339268190102,0.0726391524920179,1994-05-04,0.13,bmo,,2025-04-25,1994-03-31,-0.3846153846153846,7.968412698412698,1132658.3015873015
1993-12-31,L,USD,60086,1994-03-25,1994-03-25 00:00:00,1993,Q4,3350700000.0,0.0,3350700000.0,1.0,0,372800000.0,0.0,372800000.0,2977900000.0,3350700000.0,3350700000.0,0.0,47900000.0,0.0,0.0,0.0,-1983000000.0,-0.5918166353,2148300000.0,165300000.0,0.0493329752,26900000.0,138400000.0,0.041304802,0.18,0.18,756916610,773146027,https://www.sec.gov/Archives/edgar/data/60086/000006008694000004/0000060086-94-000004-index.html,https://www.sec.gov/Archives/edgar/data/60086/0000060086-94-000004.txt,4.426775625917365,0.1828470906458242,0.4626665545098818,0.3947594702671408,10.808197220034582,9.46005399458733,9.46005399458733,8.094944567275384,2.9641310157006595,5866103727.5,7906100727.5,10.596285634934972,1.7507099195690452,16.750724521701883,19.632207923360102,0.9573876554176964,0.9573876554176964,2.359537030322022,0.0,22.57595867361508,26.45950712014725,0.0235931729865579,0.0509367058409213,0.3583530351067486,0.0478890267498066,0.0,0.0,-41.39874739039666,2.5303468208092488,0.0026934402686966,0.1141618497109826,0.1112603336616229,0.0,0.0,0.1467732724157624,0.0153400781926164,0.0,0.0,5.770882421170467,-0.0994556045767827,0.0030185550403849,-32.89967602904103,15655657000.0,7160472000.0,-23033623000.0,16693857000.0,3737376500.0,0.0,0.0,200.772307279076,0.0,0.0,0.4482689929687308,0.0,0.0,0.0225878125694648,0.067907084242741,1994-02-16,0.03456,bmo,,2025-04-25,1993-12-31,3.050925925925926,7.7809375,1576590.3125
1993-09-30,L,USD,60086,1993-09-30,1993-09-29 20:00:00,1993,Q3,3416800000.0,0.0,3416800000.0,1.0,0,366500000.0,0.0,366500000.0,3050300000.0,3416800000.0,3416800000.0,0.0,33700000.0,0.0,0.0,0.0,0.0,0.0,0.0,-248000000.0,-0.0725825334,-158400000.0,-89600000.0,-0.0262233669,-0.12,-0.12,768768769,768768769,,,4.444509373663175,-0.1165499999649439,0.4741347654823891,0.4153394530000737,0.0,8.889539059826193,8.889539059826193,7.637797263327694,2.27168437431672,5858018019.78,7570718019.78,-16.34491634983259,1.714474953108171,16.071380026831275,18.34643914744754,0.9976698434490864,0.9976698434490864,2.2157334405818307,0.0,20.77014545893004,23.71036022480426,-0.0152952755859506,0.0545064898950228,0.2916872456017848,0.0377938473284801,0.0,0.0,0.0,-4.068080357142857,0.0027312992117769,-0.1785714285714285,0.1072641067665652,0.0,0.0,0.1240054869684499,0.0132287520487005,0.0,0.0,,0.0,-0.0019771873186383,-50.05783475056854,0.0,6834000000.0,-38482900000.0,1021700000.0,0.0,0.0,0.0,0.0,0.0,0.0,0.0,0.0,0.0,-0.015259635199346,0.0587953124823154,1993-11-03,0.16,bmo,,2025-04-25,1993-09-30,0.4999999999999999,7.78578125,1405738.234375
1993-06-30,L,USD,60086,1993-06-30,1993-06-29 20:00:00,1993,Q2,3375100000.0,0.0,3375100000.0,1.0,0,384300000.0,0.0,384300000.0,2990800000.0,3375100000.0,3375100000.0,0.0,42300000.0,0.0,0.0,0.0,-514400000.0,-0.152410299,768700000.0,254300000.0,0.0753459157,50700000.0,203600000.0,0.0603241385,0.26,0.26,773938495,773938495,,,4.3609408522831,0.2630700001555033,0.5116685661177766,0.4558501770867464,0.0,9.038831955244712,9.038831955244712,7.74867775507148,2.2589650357164364,6106374725.55,7812374725.55,7.498004329015226,1.8092426077893988,15.420138195833331,17.30831838307823,1.0182382400450225,1.0182382400450225,2.314709112485556,0.0,19.72821900391414,22.14391929010771,0.0333422053429028,0.057775687843694,0.2844755711188927,0.0379486380976743,0.0,0.0,-12.160756501182034,1.9449901768172888,0.0026365889293749,0.0790766208251473,0.1138632929394684,0.0,0.0,0.109090909090909,0.0127996207519777,0.0,0.0,6.77237069350246,0.0,0.0045289230461233,-49.0478251763404,0.0,6995500000.0,-37960000000.0,1041900000.0,0.0,0.0,0.0,0.0,0.0,0.0,0.0,0.0,0.0,0.0339503084875771,0.0558183890310301,1993-08-04,0.19,bmo,,2025-04-25,1993-06-30,0.368421052631579,8.063968253968254,1504262.126984127
1993-03-31,L,USD,60086,1993-03-31,1993-03-30 19:00:00,1993,Q1,3543100000.0,0.0,3543100000.0,1.0,0,382400000.0,0.0,382400000.0,3160700000.0,3543100000.0,3543100000.0,0.0,38400000.0,0.0,0.0,0.0,-169700000.0,-0.0478959104,638700000.0,469000000.0,0.1323699585,127300000.0,341700000.0,0.0964409698,0.44,0.44,777368277,777368277,,,4.557813979332218,0.439560000208241,0.7075153646898817,0.6821734507182623,0.0,8.785668520404519,8.785668520404519,7.517157791094169,2.845240879311055,7128467100.09,9301867100.09,5.215442712971906,2.011929412122153,12.96084927289091,13.44232905919291,1.2198759497724003,1.2198759497724003,2.6253470407524486,0.0,16.912485636527272,17.540763907392044,0.0479345692702552,0.074391870307335,0.3719282633992744,0.0491759509824329,0.0,0.0,-4.419270833333333,1.6095990635059994,0.00228660661137,0.0477026631548141,0.1079280855747791,0.0,0.0,0.0358181818181818,0.0055601027348931,0.0,0.0,8.62238031548838,-0.002797480596351,0.00773139893747,-48.06820795955892,-609100000.0,6829700000.0,-37975800000.0,441800000.0,0.0,0.0,0.0,0.0,0.0,0.0,0.0,0.0,0.0,0.0584742282154836,0.0253419139716194,1993-05-03,0.17,bmo,,2025-04-25,1993-03-31,-0.3529411764705882,9.09467741935484,1606118.838709677
1992-12-31,L,USD,60086,1992-12-31,1992-12-30 19:00:00,1992,Q4,3433500000.0,0.0,3433500000.0,1.0,0,0.0,0.0,0.0,3433500000.0,3433500000.0,3433500000.0,0.0,35800000.0,0.0,0.0,0.0,-167100000.0,-0.0486675404,-766700000.0,-933800000.0,-0.2719673802,-455000000.0,-478800000.0,-0.1394495413,-0.57,-0.57,835515599,835515599,,,4.109438536048206,-0.5730593187883737,0.6542068163110382,0.5758121100022694,0.0,7.732710206407528,7.732710206407528,6.615076973565876,2.148852758881884,8363511145.99,10123111145.99,-4.366912670211988,2.4358558747604486,15.300971727021588,17.384142893348574,1.5132099051908812,1.5132099051908812,2.948335851460609,0.0,18.52014479690816,21.041594566597382,-0.0572486831956417,0.057523687312914,0.3183643929799167,0.0434553900637408,0.0,0.0,-4.667597765363128,-0.8545966228893058,0.001948942222408,-0.0340434419381787,0.0,0.0,0.0,0.119831686791072,0.019076743847386,0.0,0.0,,0.0,-0.0118245287352347,-40.73089723367331,0.0,6460800000.0,-34031300000.0,1002300000.0,0.0,0.0,0.0,0.0,0.0,0.0,0.0,0.0,0.0,-0.0866292744707798,0.0783947063087687,1992-12-30,,bmo,,2025-04-25,1992-12-31,,9.7603125,1034747.3125
1992-09-30,L,USD,60086,1992-09-30,1992-09-29 20:00:00,1992,Q3,3419000000.0,0.0,3419000000.0,1.0,0,0.0,0.0,0.0,3419000000.0,3419000000.0,3419000000.0,0.0,37400000.0,0.0,0.0,0.0,-1131900000.0,-0.331061714,1237900000.0,106000000.0,0.0310032173,-22600000.0,128600000.0,0.0376133372,0.17,0.17,772372372,772372372,,,4.4266213085105015,0.1665000000802721,0.4519840593158865,0.4359296269597794,0.0,9.122413301443157,9.122413301443157,7.784846037967811,2.318829705628052,8055843839.96,9809443839.96,15.66066065311042,2.356198841754899,23.07603506147236,23.92588013056133,1.339782437460085,1.339782437460085,2.86909735009067,0.0,28.099237582240043,29.134077338758537,0.0159635666424038,0.0417957456337276,0.2916444917509313,0.0441936597622473,0.0,0.0,-30.264705882352946,2.7252146760343483,0.0020109625163836,0.1259720062208398,0.0,0.0,0.0,0.0355199083357204,0.003626791459491,0.0,0.0,5.400368458151472,0.0,0.0032409355870352,-42.25164076687093,0.0,7045900000.0,-32634000000.0,985300000.0,0.0,0.0,0.0,0.0,0.0,0.0,0.0,0.0,0.0,0.0213877062267163,0.0160544323561071,1993-02-17,0.22,bmo,,2025-04-25,1992-09-30,0.1363636363636363,9.71078125,764200.859375
1992-06-30,L,USD,60086,1992-06-30,1992-06-29 20:00:00,1992,Q2,3442600000.0,0.0,3442600000.0,1.0,0,325700000.0,0.0,325700000.0,3116900000.0,3442600000.0,3442600000.0,0.0,36000000.0,0.0,0.0,0.0,-964300000.0,-0.2801080579,1299000000.0,334700000.0,0.0972230291,62000000.0,272700000.0,0.0792133852,0.35,0.35,787422037,787422037,,,4.371988385181554,0.3463200001856183,0.663430759431489,1.068550231595817,0.0,8.818269839709858,8.818269839709858,7.509060862110467,2.2658751167260003,7315150723.73,9063350723.73,6.706225452631096,2.124891280930111,14.002968460432616,8.694022728464464,1.2371720206551886,1.2371720206551886,2.6327051425463317,0.0,17.349446255225878,10.771750325326837,0.0372787944225638,0.115021553454878,0.2956636449736166,0.0448990913340284,0.0,0.0,-26.78611111111111,1.9149560117302056,0.0022555926218272,0.0605060506050605,0.0946087259629349,0.0,0.0,0.6106431852986217,0.0926625225120548,0.0,0.0,7.649320497998376,0.0,0.0070037651337315,-40.629419163690486,0.0,6943700000.0,-31992500000.0,1010100000.0,0.0,0.0,0.0,0.0,0.0,0.0,0.0,0.0,0.0,0.0461202814233527,0.4051194721643281,1992-06-29,,bmo,,2025-04-25,1992-06-30,,9.221587301587302,1186981.9682539685
1992-03-31,L,USD,60086,1992-03-31,1992-03-30 19:00:00,1992,Q1,3396900000.0,0.0,3396900000.0,1.0,0,309600000.0,0.0,309600000.0,3087300000.0,3396900000.0,3396900000.0,0.0,39600000.0,0.0,0.0,0.0,-941700000.0,-0.2772233507,1185300000.0,243600000.0,0.0717124437,27000000.0,216600000.0,0.0637640201,0.27,0.27,803025247,803025247,,,4.230128520479755,0.2697300001577659,0.3353568284509989,-0.11892527707787,0.0,8.46947219331947,8.46947219331947,7.216336001450774,2.21885925337538,7179045708.179999,8921245708.18,8.286063836772854,2.113410965344873,26.65817195759376,-75.17325348879581,1.2388558401663532,1.2388558401663532,2.6262903553769616,0.0,33.12753697801708,-93.4161854259686,0.0301711409572445,-0.0133026036999854,0.3006436694334674,0.0449283472547083,0.0,0.0,-23.78030303030303,1.2433056325023084,0.0023401438969607,0.077562326869806,0.0911419235185021,0.0,0.0,1.3546230969179354,0.1073920339132738,0.0,0.0,6.61780945579583,0.0,0.0055857421739007,-39.8195450509914,0.0,6801200000.0,-31976100000.0,1012200000.0,0.0,0.0,0.0,0.0,0.0,0.0,0.0,0.0,0.0,0.0373776941793646,0.4542821055288689,1992-03-30,,bmo,,2025-04-25,1992-03-31,,9.02968253968254,1124181.9682539685
1991-12-31,L,USD,60086,1991-12-31,1991-12-30 19:00:00,1991,Q4,3597400000.0,0.0,3597400000.0,1.0,0,275500000.0,0.0,275500000.0,3321900000.0,3597400000.0,3597400000.0,0.0,40000000.0,0.0,0.0,0.0,-1033000000.0,-0.2871518319,1369200000.0,336200000.0,0.0934563852,64000000.0,272200000.0,0.0756657586,0.34,0.34,804031115,804031115,,,4.474204956607929,0.3385441121889916,0.8784485908856898,0.8474796401380561,0.0,8.281022805939545,8.281022805939545,7.048359067546783,2.470924275113408,7332763768.799999,9279463768.8,6.734720581190301,2.038350967031745,10.38193935834631,10.76132047079542,1.293918188985548,1.293918188985548,2.579491790960138,0.0,13.1381336100807,13.618232710302316,0.0371210649330034,0.0929253991379447,0.3435090257803815,0.0496665425024365,0.0,0.0,-25.825,2.59478324761205,0.0022910870348069,0.0617193240264511,0.0765830877856229,0.0,0.0,0.0352541412997309,0.006921665647412,0.0,0.0,7.327281925483468,0.0,0.0069446924894247,-40.46758812312879,-2000000.0,6658200000.0,-32537200000.0,591800000.0,0.0,0.0,0.0,0.0,0.0,0.0,0.0,0.0,0.0,0.0480316211113267,0.0309689507476336,1991-12-30,,bmo,,2025-04-25,1991-12-31,,8.791875,960271.53125
1991-09-30,L,USD,60086,1991-09-30,1991-09-29 20:00:00,1991,Q3,3360600000.0,0.0,3360600000.0,1.0,0,245600000.0,0.0,245600000.0,3115000000.0,3360600000.0,3360600000.0,0.0,40300000.0,0.0,0.0,0.0,-846300000.0,-0.2518300304,1115000000.0,268700000.0,0.0799559602,63300000.0,205400000.0,0.0611200381,0.25,0.25,811601075,811601075,,,4.140704224670969,0.2530799999248399,0.6513051994170904,0.6318375071151797,0.0,7.881088624728596,7.881088624728596,6.7125342336442815,3.008620953342133,7564122019.0,9965622019.0,9.206574998782862,2.2508248583586266,14.309727618236854,14.750627962168489,1.3884472951045357,1.3884472951045357,2.965429393263108,0.0,18.85286042186909,19.433740286661468,0.0271545064297038,0.0677937239393969,0.4408120560215863,0.0637100668007279,0.0,0.0,-21.0,2.573515092502434,0.0022606721516452,0.0832521908471275,0.0730821877045765,0.0,0.0,0.0298902762012864,0.0047015413914181,0.0,0.0,6.18249008695437,0.0,0.0054491141873285,-38.5631573984793,-2000000.0,6396300000.0,-31297900000.0,592000000.0,0.0,0.0,0.0,0.0,0.0,0.0,0.0,0.0,0.0,0.037702601002221,0.0194676923019107,1991-09-29,,bmo,,2025-04-25,1991-09-30,,8.68421875,1162248.671875
1991-06-30,L,USD,60086,1991-06-30,1991-06-29 20:00:00,1991,Q2,3450500000.0,0.0,3450500000.0,1.0,0,243000000.0,0.0,243000000.0,3207500000.0,3450500000.0,3450500000.0,0.0,40600000.0,0.0,0.0,0.0,-838900000.0,-0.2431241849,1214400000.0,375500000.0,0.108824808,84800000.0,290700000.0,0.0842486596,0.35,0.35,831402831,831402831,,,4.1502143982956925,0.3496500001694124,0.604640712367264,0.5691585142076573,0.0,7.613517495948964,7.613517495948964,6.493843656397172,2.9590950478733697,6992097808.71,9411697808.71,6.013156010242518,2.0264013356643966,13.90908655004973,14.77619993387574,1.295072755827005,1.295072755827005,2.7276330412143164,0.0,18.72229522321464,19.88947127791631,0.041575505370917,0.067676398835631,0.4481570661233561,0.0615110839943054,0.0,0.0,-20.66256157635468,1.7292741658066737,0.002502825400726,0.0601995184038527,0.0704245761483843,0.0,0.0,0.0586831111995225,0.0085494855817997,0.0,0.0,7.147578596985604,0.0,0.0073901769371568,-39.69928748053541,-2000000.0,6329900000.0,-33006100000.0,595200000.0,0.0,0.0,0.0,0.0,0.0,0.0,0.0,0.0,0.0,0.053843304315614,0.0354821981596067,1991-06-29,,bmo,,2025-04-25,1991-06-30,,8.56296875,1001859.515625
1991-03-31,L,USD,60086,1991-03-31,1991-03-30 19:00:00,1991,Q1,3211800000.0,0.0,3211800000.0,1.0,0,306200000.0,0.0,306200000.0,2905600000.0,3211800000.0,3211800000.0,0.0,42700000.0,0.0,0.0,0.0,-857100000.0,-0.2668597048,998500000.0,141400000.0,0.0440251572,5400000.0,136000000.0,0.042343857,0.16,0.16,833486548,833486548,,,3.853451513652983,0.1631699999554162,1.1730243305618413,1.1490287423331036,0.0,7.389801328863198,7.389801328863198,6.296442351220766,3.1815750432483285,7151314581.84,9760414581.84,13.14579886367647,2.226575310368018,7.314426288063824,7.467176132233476,1.3626742724542684,1.3626742724542684,3.038923526321689,0.0,9.98303629113225,10.191515695771118,0.0190174825122862,0.133919433838357,0.4971608231707317,0.0679736348478532,0.0,0.0,-20.072599531615925,7.188970588235295,0.0024471025291544,0.1286764705882352,0.0953359486892085,0.0,0.0,0.0204561726500971,0.0062270377981194,0.0,0.0,4.807939913183129,-4.691905242235745,0.0035431429762401,-38.66253159973015,0.0,6159300000.0,-32224700000.0,598800000.0,0.0,0.0,0.0,0.0,0.0,0.0,0.0,0.0,0.0,0.0259146341463414,0.0239955882287376,1991-03-30,,bmo,,2025-04-25,1991-03-31,,8.526065573770492,1201584.9180327868
1990-12-31,L,USD,60086,1990-12-31,1990-12-30 19:00:00,1990,Q4,3276500000.0,0.0,3276500000.0,1.0,0,308500000.0,0.0,308500000.0,2968000000.0,3276500000.0,3276500000.0,0.0,47200000.0,0.0,0.0,0.0,-891800000.0,-0.2721806806,991900000.0,100100000.0,0.0305508927,-16800000.0,116900000.0,0.0356783153,0.14,0.14,842800255,842800255,,,3.887635273674662,0.1387042769701107,0.6248218327840919,0.6073799775962336,0.0,7.033813723751187,7.033813723751187,5.981132504522082,3.198741319792316,6894106085.9,9542806085.9,14.743597275235244,2.10410684752022,13.091732027914926,13.46768135553819,1.3676339712948085,1.3676339712948085,2.912499949916069,0.0,18.121545928408658,18.641934139285016,0.0169565130770306,0.0742518310019845,0.5254418853776112,0.0762525226062949,0.0,0.0,-18.89406779661017,4.504704875962361,0.0025384001612321,0.1497005988023952,0.094155348695254,0.0,0.0,0.0279149259399924,0.0044864947352357,0.0,0.0,4.320439195128046,-2.594600715676949,0.0033653943038758,-34.181052781005626,0.0,5928100000.0,-28807800000.0,606500000.0,0.0,0.0,0.0,0.0,0.0,0.0,0.0,0.0,0.0,0.0231903033188517,0.0174418551878582,1990-12-30,,bmo,,2025-04-25,1990-12-31,,7.42125,1824486.328125
1990-09-30,L,USD,60086,1990-09-30,1990-09-29 20:00:00,1990,Q3,3285500000.0,0.0,3285500000.0,1.0,0,290200000.0,0.0,290200000.0,2995300000.0,3285500000.0,3285500000.0,0.0,38400000.0,0.0,0.0,0.0,-884200000.0,-0.2691218993,1217300000.0,333100000.0,0.1013848729,61900000.0,271200000.0,0.0825445138,0.31,0.31,875714424,875714424,,,3.751793861054411,0.3096900000359021,0.7564109735390175,0.6961173452134437,0.0,6.654680841479436,6.654680841479436,5.682674469685336,2.866802157411992,6567858180.0,9039958180.0,6.054441537610619,1.9990437315477096,9.91524483695652,10.77404557086614,1.319801097178683,1.319801097178683,2.7514710637650284,0.0,13.64727986111111,14.829327723097112,0.0412920000047869,0.0928156460284591,0.4967647295233502,0.0693418679472327,0.0,0.0,-23.026041666666668,2.4424778761061945,0.0028167477879371,0.0682153392330383,0.0883274996195404,0.0,0.0,0.0797101449275362,0.0160706133008674,0.0,0.0,6.292616131325636,-3.266284221096328,0.0076071010830021,-34.05596525837286,0.0,5827600000.0,-29823300000.0,599700000.0,0.0,0.0,0.0,0.0,0.0,0.0,0.0,0.0,0.0,0.05449722691102,0.0602936283255738,1990-09-29,,bmo,,2025-04-25,1990-09-30,,8.226825396825395,1935904.5873015872
1990-06-30,L,USD,60086,1990-06-30,1990-06-29 20:00:00,1990,Q2,3091200000.0,0.0,3091200000.0,1.0,0,276500000.0,0.0,276500000.0,2814700000.0,3091200000.0,3091200000.0,0.0,43100000.0,0.0,0.0,0.0,-848200000.0,-0.2743918219,1047200000.0,199000000.0,0.064376294,6100000.0,192900000.0,0.0624029503,0.22,0.22,891198891,891198891,,,3.4685860038845133,0.2164500000483057,0.4616253500252616,0.4585957232749743,0.0,6.6399319610463925,6.6399319610463925,5.676174029260546,2.342686936759216,8145557863.740001,10190257863.740002,10.556710554354588,2.6350795366653728,19.79960589144385,19.930408279275756,1.610239565045665,1.610239565045665,3.2965378699987067,0.0,24.7697079818668,24.933344418253,0.0236816192613025,0.0501745867915726,0.4042027438421697,0.0588665447897623,0.0,0.0,-19.679814385150813,2.1316062176165804,0.0022711765491658,0.0959046137895282,0.0894474637681159,0.0,0.0,0.0065629557608167,0.0008734472049689,0.0,0.0,5.257725463584213,-4.056240254057658,0.0055535562625055,-32.335094097418484,0.0,5917500000.0,-28817000000.0,581400000.0,0.0,0.0,0.0,0.0,0.0,0.0,0.0,0.0,0.0,0.0381330802988969,0.0030296267502873,1990-06-29,,bmo,,2025-04-25,1990-06-30,,9.345396825396826,1289079.0634920634
1990-03-31,L,USD,60086,1990-03-31,1990-03-30 19:00:00,1990,Q1,2983700000.0,0.0,2983700000.0,1.0,0,259700000.0,0.0,259700000.0,2724000000.0,2983700000.0,2983700000.0,0.0,42800000.0,0.0,0.0,0.0,-772500000.0,-0.2589067265,1003900000.0,231400000.0,0.0775547139,7800000.0,223600000.0,0.0749405101,0.25,0.25,895295295,895295295,,,3.332643449220852,0.249750000082375,0.7926993517820285,0.7555049197482938,0.0,6.401128244508422,6.401128244508422,5.4566353998319626,2.798294611835305,8012892890.249999,10475392890.25,8.958958956004025,2.685555816687334,11.290535282866,11.846382155898874,1.640204877950177,1.640204877950177,3.5108733754231323,0.0,14.760311244539947,15.48697943561502,0.0279050279421648,0.0844139575137758,0.5040632100382781,0.0712465027731887,0.0,0.0,-18.049065420560748,3.1739713774597496,0.0023337389200289,0.0836314847942755,0.0870395817273854,0.0,0.0,0.0469212343243624,0.0111606394744779,0.0,0.0,5.53740738613697,-3.682588427021724,0.0064693271147553,-32.204123221713125,0.0,5730900000.0,-28832200000.0,587300000.0,0.0,0.0,0.0,0.0,0.0,0.0,0.0,0.0,0.0,0.0457699629500747,0.0371944320337347,1990-03-30,,bmo,,2025-04-25,1990-03-31,,9.015714285714283,1907942.365079365
1989-12-31,L,USD,60086,1989-12-31,1989-12-30 19:00:00,1989,Q4,3032700000.0,0.0,3032700000.0,1.0,0,278200000.0,0.0,278200000.0,2754500000.0,3032700000.0,3032700000.0,0.0,36200000.0,0.0,0.0,0.0,-988000000.0,-0.3257823062,1110100000.0,122100000.0,0.0402611534,-68900000.0,191000000.0,0.0629801827,0.21,0.21,897327011,897327011,,,3.379704347270563,0.2128543971802939,0.5105162269544118,0.4863332928245041,0.0,6.292466325857653,6.292466325857653,5.360921872438765,2.753956996397604,9332200914.4,11767200914.4,12.214922662827226,3.077192242688034,20.37153659550317,21.38451171952337,1.939964850722378,1.939964850722378,3.880107137006627,0.0,25.686969907007203,26.964255074243813,0.0204667689596436,0.0467628166177407,0.5061843883172228,0.0750355147559573,0.0,0.0,-27.29281767955801,2.398429319371728,0.0020145301384361,0.0984293193717277,0.0917334388498697,0.0,0.0,0.0473695699628902,0.0071553401259603,0.0,0.0,5.067016415356638,-7.639743279881689,0.0058857426358882,-29.871941523445347,0.0,5646400000.0,-26804900000.0,607400000.0,0.0,0.0,0.0,0.0,0.0,0.0,0.0,0.0,0.0,0.0397048123895645,0.0241829341299077,1989-12-30,,bmo,,2025-04-25,1989-12-31,,,
1989-09-30,L,USD,60086,1989-09-30,1989-09-29 20:00:00,1989,Q3,2795100000.0,0.0,2795100000.0,1.0,0,240600000.0,0.0,240600000.0,2554500000.0,2795100000.0,2795100000.0,0.0,30900000.0,0.0,0.0,0.0,-719100000.0,-0.257271654,866800000.0,147700000.0,0.0528424743,-34900000.0,182600000.0,0.0653286108,0.2,0.2,898931719,898931719,,,3.1093574082682918,0.2031299999104826,,,0.0,6.099795884496984,6.099795884496984,5.175142785233057,1.9385232083461503,9411815097.93,11123515097.93,12.88583666200712,3.367255231630353,0.0,0.0,2.023132584839105,2.023132584839105,3.979648348155701,0.0,0.0,0.0,0.0194011461232552,,0.367941359815997,0.0537984530233932,0.0,0.0,-23.271844660194176,0.0,0.0019898099331423,0.1025614631476445,0.0860792100461522,0.0,0.0,0.0,,0.0,,4.863394077573329,0.0,0.0057390883461305,-29.294327303629164,0.0,5483300000.0,-26333600000.0,576900000.0,,,,0.0,0.0,0.0,0.0,0.0,0.0,0.0392510909051826,,1989-09-29,,bmo,,2025-04-25,1989-09-30,,,
1989-06-30,L,USD,60086,1989-06-30,1989-06-29 20:00:00,1989,Q2,2987200000.0,0.0,2987200000.0,1.0,0,0.0,0.0,0.0,2987200000.0,2987200000.0,2987200000.0,0.0,0.0,0.0,329000000.0,0.1101365828,329000000.0,0.1101365828,0.0,0.0,0.0,-329000000.0,329000000.0,0.1101365828,0.37,0.37,898170898,898170898,,,3.3258703957696034,0.3663000000696972,,,,,,,,8173355171.799999,,6.210756209574468,2.7361258609400103,0.0,0.0,0.0,0.0,,,0.0,0.0,0.0402527472604062,,0.0,0.0,,0.0,0.0,0.0,0.0022893747252747,0.0568749931641713,0.0,0.0,0.0,0.0,,0.0,,,0.0,0.0,,,,,,,,,,0.0,0.0,0.0,0.0,0.0,0.0,,1989-06-29,,bmo,,2025-04-25,1989-06-30,,,
1989-03-31,L,USD,60086,1989-03-31,1989-03-30 19:00:00,1989,Q1,2621700000.0,0.0,2621700000.0,1.0,0,0.0,0.0,0.0,2621700000.0,2621700000.0,2621700000.0,0.0,0.0,0.0,204500000.0,0.0780028226,204500000.0,0.0780028226,0.0,0.0,0.0,-204500000.0,204500000.0,0.0780028226,0.23,0.23,903108991,903108991,,,2.902971873967314,0.226440000086324,,,,,,,,6646882173.76,,8.125772828557457,2.535332865606286,0.0,0.0,0.0,0.0,,,0.0,0.0,0.0307663043595548,,0.0,0.0,,0.0,0.0,0.0,0.0028306127717391,0.0920036653950621,0.0,0.0,0.0,0.0,,0.0,,,0.0,0.0,,,,,,,,,,0.0,0.0,0.0,0.0,0.0,0.0,,1989-03-30,,bmo,,2025-04-25,1989-03-31,,,
1988-12-31,L,USD,60086,1988-12-31,1988-12-30 19:00:00,1988,Q4,2960200000.0,0.0,2960200000.0,1.0,0,0.0,0.0,0.0,2960200000.0,2960200000.0,2960200000.0,0.0,0.0,0.0,264100000.0,0.0892169448,264100000.0,0.0892169448,0.0,0.0,0.0,-264100000.0,264100000.0,0.0892169448,0.29,0.29,911404874,911404874,,,3.247952786348606,0.2897724244560052,,,0.0,4.419550646379361,4.419550646379361,4.419550646379361,1.5481593748861169,5987930022.18,7398930022.18,5.668241217512306,2.022812655286805,0.0,0.0,1.4865764702532276,1.4865764702532276,2.4994696379231134,28.01563809988641,0.0,0.0,0.0441053918502291,,0.3502979145978153,0.0546274608490292,5.342673229837183,0.0,0.0,0.0,0.0031709756468797,0.0718954194454863,0.0,0.0,0.0,0.0,,0.0,,5.367954720437542,0.0,0.0102247430263845,-23.920763013167736,0.0,4028000000.0,-21801500000.0,0.0,,,,0.0,0.0,0.0,0.0,0.0,0.0,0.065566037735849,,1988-12-30,,bmo,,2025-04-25,1988-12-31,,,
1988-09-30,L,USD,60086,1988-09-30,1988-09-29 20:00:00,1988,Q3,2615700000.0,0.0,2615700000.0,1.0,0,0.0,0.0,0.0,2615700000.0,2615700000.0,2615700000.0,0.0,0.0,0.0,161000000.0,0.0615514012,161000000.0,0.0615514012,0.0,0.0,0.0,-161000000.0,161000000.0,0.0615514012,0.18,0.18,912232988,912232988,,,2.867359582922691,0.1764899999428654,,,,,,,,6002493061.04,,9.320641399130436,2.294794151102955,0.0,0.0,0.0,0.0,,,0.0,0.0,0.0268221884411649,,0.0,0.0,,0.0,0.0,0.0,0.0031661565349544,0.1180424387032936,0.0,0.0,0.0,0.0,,0.0,,,0.0,0.0,,,,,,,,,,0.0,0.0,0.0,0.0,0.0,0.0,,1988-09-29,,bmo,,2025-04-25,1988-09-30,,,
1988-06-30,L,USD,60086,1988-06-30,1988-06-29 20:00:00,1988,Q2,2792500000.0,0.0,2792500000.0,1.0,0,0.0,0.0,0.0,2792500000.0,2792500000.0,2792500000.0,0.0,0.0,0.0,251900000.0,0.0902059087,251900000.0,0.0902059087,0.0,0.0,0.0,-251900000.0,251900000.0,0.0902059087,0.28,0.28,911393321,911393321,,,3.063989976288185,0.2763900000096665,,,,,,,,4985321465.87,,4.947718802967447,1.7852538821378692,0.0,0.0,0.0,0.0,,,0.0,0.0,0.0505283363820231,,0.0,0.0,,0.0,0.0,0.0,0.0038086489945155,0.0753764969762703,0.0,0.0,0.0,0.0,,0.0,,,0.0,0.0,,,,,,,,,,0.0,0.0,0.0,0.0,0.0,0.0,,1988-06-29,,bmo,,2025-04-25,1988-06-30,,,
1988-03-31,L,USD,60086,1988-03-31,1988-03-30 19:00:00,1988,Q1,2496900000.0,0.0,2496900000.0,1.0,0,0.0,0.0,0.0,2496900000.0,2496900000.0,2496900000.0,0.0,0.0,0.0,231500000.0,0.0927149666,231500000.0,0.0927149666,-249600000.0,-18100000.0,-0.0072489887,-231500000.0,231500000.0,0.0927149666,0.25,0.25,914730520,914730520,,,2.729656380110724,0.2530799999982508,,,,,,,,5451793899.2,,5.887466413822894,2.183425006688293,0.0,0.0,0.0,0.0,,,0.0,0.0,0.0424630872480286,,0.0,0.0,,0.0,0.0,0.0,0.0034955218120805,0.082319069069638,0.0,0.0,0.0,0.0,,0.0,,,0.0,0.0,,,,,,,,,,0.0,0.0,0.0,0.0,0.0,0.0,,1988-03-30,,bmo,,2025-04-25,1988-03-31,,,
1987-12-31,L,USD,60086,1987-12-31,1987-12-30 19:00:00,1987,Q4,2583700000.0,0.0,2583700000.0,1.0,0,0.0,0.0,0.0,2583700000.0,2583700000.0,2583700000.0,0.0,0.0,0.0,291500000.0,0.1128226961,291500000.0,0.1128226961,-331300000.0,-39800000.0,-0.0154042652,-291500000.0,291500000.0,0.1128226961,0.32,0.32,907061547,907061547,,,2.848428542192408,0.3213673878736257,,,0.0,3.5855339814112965,3.5855339814112965,3.5855339814112965,1.60176561866755,5034191585.849999,6487091585.849999,4.317488495583191,1.9484427703874287,0.0,0.0,1.5478865989761093,1.5478865989761093,2.510775858594264,22.25417353636363,0.0,0.0,0.0579040338511037,,0.4467300064569689,0.0654188354375664,4.984219554030875,0.0,0.0,0.0,0.0037537495495495,0.064827081981923,0.0,0.0,0.0,0.0,,0.0,,5.091773563220488,0.0,0.0131251913621382,-20.8992433453912,0.0,3252300000.0,-18956900000.0,0.0,,,,0.0,0.0,0.0,0.0,0.0,0.0,0.0896288780247824,,1987-12-30,,bmo,,2025-04-25,1987-12-31,,,
1987-09-30,L,USD,60086,1987-09-30,1987-09-29 20:00:00,1987,Q3,2230000000.0,0.0,2230000000.0,1.0,0,0.0,0.0,0.0,2230000000.0,2230000000.0,2230000000.0,0.0,0.0,0.0,125400000.0,0.0562331839,125400000.0,0.0562331839,0.0,0.0,0.0,-125400000.0,125400000.0,0.0562331839,0.14,0.14,918479455,918479455,,,2.427925837491923,0.1365300000096355,,,,,,,,7292726872.700001,,14.53892917204944,3.270281108834081,0.0,0.0,0.0,0.0,,,0.0,0.0,0.0171952141070069,,0.0,0.0,,0.0,0.0,0.0,0.0026238425692695,0.1525914450928712,0.0,0.0,0.0,0.0,,0.0,,,0.0,0.0,,,,,,,,,,0.0,0.0,0.0,0.0,0.0,0.0,,1987-09-29,,bmo,,2025-04-25,1987-09-30,,,
1987-06-30,L,USD,60086,1987-06-30,1987-06-29 20:00:00,1987,Q2,2406000000.0,0.0,2406000000.0,1.0,0,0.0,0.0,0.0,2406000000.0,2406000000.0,2406000000.0,0.0,0.0,0.0,192200000.0,0.0798836243,192200000.0,0.0798836243,0.0,0.0,0.0,-192200000.0,192200000.0,0.0798836243,0.21,0.21,930930931,930930931,,,2.584509677227601,0.206459999984682,,,,,,,,5082882883.26,,6.611450160327784,2.11258640201995,0.0,0.0,0.0,0.0,,,0.0,0.0,0.0378131868103813,,0.0,0.0,,0.0,0.0,0.0,0.0038156245421245,0.1009072459631197,0.0,0.0,0.0,0.0,,0.0,,,0.0,0.0,,,,,,,,,,0.0,0.0,0.0,0.0,0.0,0.0,,1987-06-29,,bmo,,2025-04-25,1987-06-30,,,
1987-03-31,L,USD,60086,1987-03-31,1987-03-30 19:00:00,1987,Q1,2109800000.0,0.0,2109800000.0,1.0,0,0.0,0.0,0.0,2109800000.0,2109800000.0,2109800000.0,0.0,0.0,0.0,87100000.0,0.041283534,87100000.0,0.041283534,0.0,0.0,0.0,-87100000.0,87100000.0,0.041283534,0.0899,0.0899,968746524,968746524,,,2.177865878979918,0.0899100000280362,,,,,,,,5463730395.36,,15.682349010792192,2.589691153360508,0.0,0.0,0.0,0.0,,,0.0,0.0,0.015941489366673,,0.0,0.0,,0.0,0.0,0.0,0.0036938492907801,0.2317129350851255,0.0,0.0,0.0,0.0,,0.0,,,0.0,0.0,,,,,,,,,,0.0,0.0,0.0,0.0,0.0,0.0,,1987-03-30,,bmo,,2025-04-25,1987-03-31,,,
1986-12-31,L,USD,60086,1986-12-31,1986-12-30 19:00:00,1986,Q4,2332500000.0,0.0,2332500000.0,1.0,0,0.0,0.0,0.0,2332500000.0,2332500000.0,2332500000.0,0.0,0.0,0.0,101600000.0,0.0435584137,101600000.0,0.0435584137,0.0,0.0,0.0,-101600000.0,101600000.0,0.0435584137,0.1,0.1,981278463,981278463,,,2.377001114310607,0.1035383979481062,,,0.0,2.9722449946402216,2.9722449946402216,2.9722449946402216,1.2992234600791397,4759200545.549999,6034100545.549999,11.710631263656497,2.0403860859807077,0.0,0.0,1.631763198775972,1.631763198775972,2.586967007738478,59.39075340108267,0.0,0.0,0.0213481232882693,,0.4371185627100048,0.0670142922472837,12.548228346456693,0.0,0.0,0.0,0.0514639175257732,2.410699846110236,0.0,0.0,0.0,0.0,,0.0,,2.631384315093927,0.0,0.0053405381538348,-16.415014297526675,0.0,2916600000.0,-16107700000.0,0.0,,,,0.0,0.0,0.0,0.0,0.0,0.0,0.0348350819447301,,1986-12-30,,bmo,,2025-04-25,1986-12-31,,,
1986-09-30,L,USD,60086,1986-09-30,1986-09-29 20:00:00,1986,Q3,2093500000.0,0.0,2093500000.0,1.0,0,0.0,0.0,0.0,2093500000.0,2093500000.0,2093500000.0,0.0,0.0,0.0,156700000.0,0.0748507284,156700000.0,0.0748507284,0.0,0.0,0.0,-156700000.0,156700000.0,0.0748507284,0.16,0.16,980355355,980355355,,,2.135450160314573,0.1598400000579381,,,,,,,,5039026524.7,,8.03928928637524,2.406986637067112,0.0,0.0,0.0,0.0,,,0.0,0.0,0.0310972762758634,,0.0,0.0,,0.0,0.0,0.0,0.0485603112840466,1.561561560995533,0.0,0.0,0.0,0.0,,0.0,,,0.0,0.0,,,,,,,,,,0.0,0.0,0.0,0.0,0.0,0.0,,1986-09-29,,bmo,,2025-04-25,1986-09-30,,,
1986-06-30,L,USD,60086,1986-06-30,1986-06-29 20:00:00,1986,Q2,2200000000.0,0.0,2200000000.0,1.0,0,0.0,0.0,0.0,2200000000.0,2200000000.0,2200000000.0,0.0,0.0,0.0,175600000.0,0.0798181818,175600000.0,0.0798181818,0.0,0.0,0.0,-175600000.0,175600000.0,0.0798181818,0.18,0.18,976532088,976532088,,,2.2528701586301585,0.1798199999342981,,,,,,,,5595528864.240001,,7.966299635876993,2.543422211018182,0.0,0.0,0.0,0.0,,,0.0,0.0,0.0313821989414132,,0.0,0.0,,0.0,0.0,0.0,0.0435602094240837,1.3880547218952164,0.0,0.0,0.0,0.0,,0.0,,,0.0,0.0,,,,,,,,,,0.0,0.0,0.0,0.0,0.0,0.0,,1986-06-29,,bmo,,2025-04-25,1986-06-30,,,
1986-03-31,L,USD,60086,1986-03-31,1986-03-30 19:00:00,1986,Q1,2000000000.0,0.0,2000000000.0,1.0,0,0.0,0.0,0.0,2000000000.0,2000000000.0,2000000000.0,0.0,0.0,0.0,111600000.0,0.0558,111600000.0,0.0558,0.0,0.0,0.0,-111600000.0,111600000.0,0.0558,0.12,0.12,930930931,930930931,,,2.148387096614797,0.1198799999911056,,,,,,,,5380780781.18,,12.05372038794803,2.69039039059,0.0,0.0,0.0,0.0,,,0.0,0.0,0.0207404844275269,,0.0,0.0,,0.0,0.0,0.0,0.0431833910034602,2.082082082236559,0.0,0.0,0.0,0.0,,0.0,,,0.0,0.0,,,,,,,,,,0.0,0.0,0.0,0.0,0.0,0.0,,1986-03-30,,bmo,,2025-04-25,1986-03-31,,,
1985-12-31,L,USD,60086,1985-12-31,1985-12-30 19:00:00,1985,Q4,1441200000.0,0.0,1441200000.0,1.0,0,0.0,0.0,0.0,1441200000.0,1441200000.0,1441200000.0,0.0,0.0,0.0,115100000.0,0.0798640022,115100000.0,0.0798640022,-116100000.0,-1000000.0,-0.0006938662,-115100000.0,115100000.0,0.0798640022,0.12,0.12,963178292,963178292,,,1.4962961810605258,0.1195002015265518,,,0.0,2.535563789471285,2.535563789471285,2.535563789471285,0.8211356158761933,4372829445.68,5163729445.68,9.497891932406604,3.034158649514294,0.0,0.0,1.7905288042256982,1.7905288042256982,3.5829374449625315,44.8629838894874,0.0,0.0,0.026321630292192,,0.3238473507493243,0.0490638841672973,6.87141615986099,0.0,0.0,0.0,0.0549779735682819,2.088699406456994,0.0,0.0,0.0,0.0,,0.0,,2.611035931592677,0.0,0.0071402871003362,-14.200486154644356,0.0,2442200000.0,-13677600000.0,0.0,,,,0.0,0.0,0.0,0.0,0.0,0.0,0.0471296372123495,,1985-12-30,,bmo,,2025-04-25,1985-12-31,,,
1985-09-30,L,USD,60086,1985-09-30,1985-09-29 20:00:00,1985,Q3,1693200000.0,0.0,1693200000.0,1.0,0,0.0,0.0,0.0,1693200000.0,1693200000.0,1693200000.0,0.0,0.0,0.0,217700000.0,0.128573116,217700000.0,0.128573116,-289600000.0,-71900000.0,-0.0424639735,-217700000.0,217700000.0,0.128573116,0.22,0.22,975751871,975751871,,,1.7352772260274765,0.2231100000627106,,,,,,,,3522464254.31,,4.045089864848415,2.0803592335872905,0.0,0.0,0.0,0.0,,,0.0,0.0,0.0618033241170943,,0.0,0.0,,0.0,0.0,0.0,0.5534626038781164,8.955223878079925,0.0,0.0,0.0,0.0,,0.0,,,0.0,0.0,,,,,,,,,,0.0,0.0,0.0,0.0,0.0,0.0,,1985-09-29,,bmo,,2025-04-25,1985-09-30,,,
