date,symbol,reportedCurrency,cik,fillingDate,acceptedDate,calendarYear,period,revenue,costOfRevenue,grossProfit,grossProfitRatio,researchAndDevelopmentExpenses,generalAndAdministrativeExpenses,sellingAndMarketingExpenses,sellingGeneralAndAdministrativeExpenses,otherExpenses,operatingExpenses,costAndExpenses,interestIncome,interestExpense,depreciationAndAmortization,ebitda,ebitdaratio,operatingIncome,operatingIncomeRatio,totalOtherIncomeExpensesNet,incomeBeforeTax,incomeBeforeTaxRatio,incomeTaxExpense,netIncome,netIncomeRatio,eps,epsdiluted,weightedAverageShsOut,weightedAverageShsOutDil,link,finalLink,revenuePerShare,netIncomePerShare,operatingCashFlowPerShare,freeCashFlowPerShare,cashPerShare,bookValuePerShare,tangibleBookValuePerShare,shareholdersEquityPerShare,interestDebtPerShare,marketCap,enterpriseValue,peRatio,priceToSalesRatio,pocfratio,pfcfRatio,pbRatio,ptbRatio,evToSales,enterpriseValueOverEBITDA,evToOperatingCashFlow,evToFreeCashFlow,earningsYield,freeCashFlowYield,debtToEquity,debtToAssets,netDebtToEBITDA,currentRatio,interestCoverage,incomeQuality,dividendYield,payoutRatio,salesGeneralAndAdministrativeToRevenue,researchAndDdevelopementToRevenue,intangiblesToTotalAssets,capexToOperatingCashFlow,capexToRevenue,capexToDepreciation,stockBasedCompensationToRevenue,grahamNumber,roic,returnOnTangibleAssets,grahamNetNet,workingCapital,tangibleAssetValue,netCurrentAssetValue,investedCapital,averageReceivables,averagePayables,averageInventory,daysSalesOutstanding,daysPayablesOutstanding,daysOfInventoryOnHand,receivablesTurnover,payablesTurnover,inventoryTurnover,roe,capexPerShare,report_date,epsEstimated,time,revenueEstimated,updatedFromDate,fiscalDateEnding,surprise(%),QuarterAvgPrice,QuarterAvgVolume
2025-03-31,LH,USD,920148,2025-04-29,2025-04-29 11:34:58,2025,Q1,3345100000.0,2397100000.0,948000000.0,0.2833995994,0,0.0,0.0,546000000.0,0.0,546000000.0,2943100000.0,0.0,0.0,166800000.0,498000000.0,0.1488744731,326000000.0,0.0974559804,-50800000.0,275200000.0,0.0822695884,62200000.0,212800000.0,0.0636154375,2.54,2.52,83600000,84300000,https://www.sec.gov/Archives/edgar/data/920148/000092014825000059/0000920148-25-000059-index.htm,https://www.sec.gov/Archives/edgar/data/920148/000092014825000059/lh-20250331.htm,40.01315789473684,2.5454545454545454,0.2212918660287081,-1.2858851674641147,4.41866028708134,99.54186602870811,-18.97846889952153,99.37081339712918,77.98564593301435,19457064000.0,25607264000.0,22.85839285714286,5.816586649128576,1051.7331891891893,-180.9959441860465,2.3421364085032623,2.3421364085032623,7.655156497563601,51.42020883534136,1384.1764324324324,-238.2071069767442,0.0109369018881779,-0.0055249856812929,0.7847942797987336,0.3703518558493052,12.34979919678715,1.835561367819432,0.0,0.0868544600938967,0.0031659452834199,0.2894736842105263,0.0,0.0,0.5628500664629228,6.8108108108108105,0.0376670353651609,0.7553956834532374,0.0098053869839466,75.44029092310589,0.0160434351921186,0.0276525242024559,-83.28558612440192,1725100000.0,-1586600000.0,-5492400000.0,14724200000.0,2185750000.0,796850000.0,490750000.0,61.19547995575618,26.953819198197824,18.33340286179133,1.4706968564519676,3.3390444351581,4.9090722916240015,0.0256157161085297,1.507177033492823,2025-04-29,3.73,bmo,3478725320.0,2025-05-11,2025-03-31,0.0294906166219838,242.68733333333333,618299.95
2024-12-31,LH,USD,920148,2025-02-25,2025-02-25 12:58:30,2024,Q4,3329400000.0,2433100000.0,896300000.0,0.269207665,0,0.0,0.0,595200000.0,84600000.0,679800000.0,3112900000.0,0.0,63400000.0,170600000.0,417800000.0,0.1254880759,216500000.0,0.0650267315,-32700000.0,183800000.0,0.0552051421,40200000.0,143400000.0,0.0430708236,1.72,1.7,83600000,84200000,https://www.sec.gov/Archives/edgar/data/920148/000092014825000032/0000920148-25-000032-index.htm,https://www.sec.gov/Archives/edgar/data/920148/000092014825000032/lh-20241231.htm,39.82535885167464,1.715311004784689,9.296650717703349,7.955741626794258,18.166267942583733,96.48923444976076,-21.4366028708134,96.3181818181818,23.983253588516742,19171152000.0,19594052000.0,33.42251046025105,5.758140205442422,24.66694801852805,28.82446549391069,2.3808588957055217,2.3808588957055217,5.885160088904907,46.89816179990426,25.21108080288214,29.460309727860476,0.0074799886829962,0.0346927508581643,0.241126648617769,0.1056423091571902,1.0122067975107707,1.4433067083058075,3.414826498422713,5.412256267409471,0.0031349185484523,0.4191073919107392,0.0,0.0,0.5364056803961043,0.1442357179619145,0.0336697302817324,0.6570926143024619,0.0081996756172283,60.97008969778169,0.0102947559077525,0.016830195765457,-83.42643540669856,1476300000.0,-1792100000.0,-5506000000.0,14380300000.0,2160900000.0,768350000.0,488150000.0,56.68588934943233,32.39570917759237,18.243393202087876,1.5876967095851215,2.7781456953642385,4.933292781832928,0.0178087975956881,1.3409090909090908,2025-02-06,3.39,bmo,3307686669.0,2025-05-06,2024-12-31,0.0176991150442478,229.40328125,573119.265625
2024-09-30,LH,USD,920148,2024-10-29,2024-10-29 11:35:49,2024,Q3,3282000000.0,2377600000.0,904400000.0,0.2755636807,0,0.0,0.0,568600000.0,81700000.0,650300000.0,3027900000.0,0.0,50400000.0,161500000.0,422500000.0,0.1287324802,254100000.0,0.0774223035,-43500000.0,210600000.0,0.0641681901,41000000.0,169300000.0,0.0515843998,2.02,2.01,84000000,84400000,https://www.sec.gov/Archives/edgar/data/920148/000092014824000118/0000920148-24-000118-index.htm,https://www.sec.gov/Archives/edgar/data/920148/000092014824000118/lh-20240930.htm,39.07142857142857,2.0154761904761904,3.301190476190476,1.922619047619048,18.06309523809524,97.4452380952381,-21.877380952380957,97.26428571428572,92.49404761904762,18772320000.0,24974120000.0,27.720496160661547,5.7197806215722125,67.69679047962495,116.23727554179568,2.297657340089594,2.297657340089594,7.609421084704448,59.11034319526628,90.06173818968627,154.63851393188855,0.0090185975947565,0.0086030922123637,0.9447871533132604,0.4147266621893888,14.678816568047337,1.4390093786635405,5.041666666666667,1.6350235849056605,0.0032228302095851,0.3573538098050797,0.0,0.0,0.5385144392209537,0.417598269022719,0.0352833638025594,0.7170278637770898,0.0082266910420475,66.413565413388,0.0121869655786635,0.019710340652432,-83.32916666666667,1497900000.0,-1837700000.0,-5517200000.0,14571000000.0,2235600000.0,710750000.0,462450000.0,61.009140767824505,25.01724427994617,18.28692799461642,1.4751887810140238,3.5975185353306096,4.921548333678327,0.0207216469609067,1.3785714285714286,2024-10-24,3.47,bmo,3260836896.0,2025-04-22,2024-09-30,0.0086455331412103,219.7871875,550625.953125
2024-06-30,LH,USD,920148,2024-08-02,2024-08-02 14:37:18,2024,Q2,3220900000.0,2356700000.0,864200000.0,0.2683100997,0,0.0,0.0,557800000.0,19500000.0,557800000.0,2914500000.0,0.0,47600000.0,156900000.0,463300000.0,0.1438417834,306400000.0,0.0951286907,-27100000.0,267700000.0,0.0831134155,62100000.0,205300000.0,0.0637399485,2.44,2.44,84100000,84300000,https://www.sec.gov/Archives/edgar/data/920148/000092014824000099/0000920148-24-000099-index.htm,https://www.sec.gov/Archives/edgar/data/920148/000092014824000099/lh-20240630.htm,38.29845422116528,2.441141498216409,6.671819262782402,5.147443531510107,3.1521997621878715,95.37217598097504,-18.209274673008323,95.19381688466112,71.61355529131986,17083233000.0,22793233000.0,20.80276790063322,5.303869415380794,30.44596863304224,39.46230760114967,2.133857078618002,2.133857078618002,7.076665838740725,49.19756745089575,40.6224077704509,52.65242076079367,0.0120176315572116,0.0253406366933003,0.7463463988608259,0.3575270908253202,12.324627671055472,0.8786134278052501,6.436974789915967,2.7330735509011204,0.0035356305214592,0.2942036044812469,0.0,0.0,0.5715670494186916,0.2284797700944573,0.0398025393523549,0.8170809369024856,0.0095625446303828,72.3089584860832,0.0156415565092552,0.0286727838996662,-77.53507728894174,-493400000.0,-1531400000.0,-5120200000.0,11991300000.0,2225250000.0,728050000.0,458400000.0,62.770033220528425,29.046548139347397,16.871897144311962,1.4338051994301997,3.098474888246121,5.334314169307379,0.0256439081665792,1.524375731272295,2024-08-01,3.78,bmo,3185428433.0,2025-04-22,2024-06-30,0.0423280423280423,203.41968253968253,743990.1428571428
2024-03-31,LH,USD,920148,2024-04-30,2024-04-30 12:18:21,2024,Q1,3176600000.0,2339400000.0,837200000.0,0.2635522257,0,0.0,0.0,508400000.0,17400000.0,508400000.0,2847800000.0,0.0,46900000.0,154500000.0,477500000.0,0.15031795,328800000.0,0.1035068942,-23900000.0,297400000.0,0.0936221117,69100000.0,228000000.0,0.0717748536,2.71,2.69,84100000,84700000,https://www.sec.gov/Archives/edgar/data/920148/000092014824000032/0000920148-24-000032-index.htm,https://www.sec.gov/Archives/edgar/data/920148/000092014824000032/lh-20240331.htm,37.77170035671819,2.7110582639714624,-0.3543400713436385,-1.9453032104637336,1.1807372175980977,94.82520808561236,-19.479191438763376,94.64447086801428,71.52675386444709,18195035000.0,24064235000.0,19.950696271929825,5.727833217905937,-610.571644295302,-111.21659535452322,2.285923287602392,2.285923287602392,7.575469054964428,50.39630366492147,-807.5246644295302,-147.09190097799512,0.0125308909820728,-0.0089914638801189,0.7498492386552088,0.361048938358236,12.29151832460733,0.8769503995940632,7.0106609808102345,-0.1307017543859649,0.0034130189911698,0.2723684210526316,0.0,0.0,0.5815135200532333,-4.489932885906041,0.0421205062015991,0.8660194174757282,0.0099477428697349,75.98157793132208,0.0168422238808333,0.0329575021682567,-78.07758620689656,-485000000.0,-1638200000.0,-5099700000.0,12025800000.0,2151399999.5,761500000.0,474800000.0,62.44695586476107,26.756860733521417,18.273916388817646,1.4412231749920603,3.363623292595255,4.925052631578947,0.0286446555103271,1.5909631391200951,2024-04-25,3.48,bmo,3118121150.0,2025-04-22,2024-03-31,0.0574712643678161,220.28081967213117,747808.0
2023-12-31,LH,USD,920148,2024-02-26,2024-02-26 15:35:03,2023,Q4,3033300000.0,2271100000.0,762200000.0,0.2512774866,2000000,0.0,0.0,532900000.0,-73500000.0,532900000.0,2804000000.0,6200000.0,48800000.0,150000000.0,51700000.0,0.017044143,229300000.0,0.0755942373,-24300000.0,-147100000.0,-0.0484950384,19700000.0,-167100000.0,-0.0550885175,-1.97,-1.97,84900000,84900000,https://www.sec.gov/Archives/edgar/data/920148/000092014824000014/0000920148-24-000014-index.htm,https://www.sec.gov/Archives/edgar/data/920148/000092014824000014/lh-20231231.htm,35.72791519434629,-1.9681978798586568,6.826855123674911,4.857479387514723,6.322732614840989,92.9387514605418,-18.7750294581861,92.75618374558304,70.70671378091873,19296921000.0,24714321001.0,-28.870318671454218,6.361692216397983,33.29351449275362,46.79175800193986,2.4504026666666663,2.4504026666666663,8.147667886789964,478.0332974667949,42.6403053847481,59.92803346508244,-0.0086594125560238,0.0213712850873981,0.7560888888888889,0.3560038505214321,104.78530185271376,1.16749348877589,4.698770491803279,-3.4685816876122084,0.0031663082416101,-0.3656493117893477,0.0,0.000659347904922,0.5670818112039439,0.2884748102139406,0.0551214848514818,1.1146666666666667,0.0089011967164474,,0.0175159443588507,-0.0230781979425846,-76.40135455535925,540200000.0,-1594000001.0,-5069200000.0,12936500000.0,2081849999.5,759050000.0,467850000.0,62.26980513302343,32.792479415261326,18.807626260402447,1.445323296062002,2.744531722054381,4.785292878213232,-0.0212190476190476,1.9693757361601885,2024-02-15,3.29,bmo,3017390000.0,2025-04-22,2023-12-31,0.0030395136778114,210.0652380952381,783272.253968254
2023-09-30,LH,USD,920148,2023-10-30,2023-10-30 15:27:21,2023,Q3,3056800000.0,2205600000.0,851200000.0,0.2784611358,0,0.0,0.0,525500000.0,21100000.0,581200000.0,2786800000.0,15900000.0,50300000.0,189300000.0,478300000.0,0.1564708192,252300000.0,0.0825372939,-13600000.0,238700000.0,0.0780881968,55100000.0,183300000.0,0.0599646689,2.12,2.11,86600000,87000000,https://www.sec.gov/Archives/edgar/data/920148/000092014823000081/0000920148-23-000081-index.htm,https://www.sec.gov/Archives/edgar/data/920148/000092014823000081/lh-20230930.htm,35.29792147806005,2.1166281755196303,3.1812933025404155,1.9699769053117784,8.405311778290994,91.13741339491916,-19.803695150115477,90.9133949191686,73.6743648960739,17410930000.0,23012930000.0,23.7464948172395,5.695802800314054,63.19756805807623,102.05703399765534,2.2114453010885167,2.2114453010885167,7.528438236063858,48.11400794480451,83.53150635208712,134.89407971864009,0.0105278695623955,0.0097984427023714,0.8039908041305204,0.3748608314580126,11.712314446999793,1.3631412024269167,5.0159045725646125,1.500544662309368,0.0036701083744521,0.3486088379705401,0.0,0.0,0.5689624541039915,0.3807622504537205,0.0343169327401203,0.7189856065798492,0.011253598534415,65.80024086130877,0.0126724390031557,0.0251837603901902,-74.89953810623557,1053400000.0,-1715000000.0,-5039300000.0,13481400000.0,2053800000.0,701850000.0,474450000.0,60.79887464014655,28.180087051142547,18.815288356909683,1.4802905569007263,3.193744569939183,4.78334417696812,0.0232818076742325,1.2113163972286374,2023-10-26,3.37,bmo,2990990000.0,2025-04-22,2023-09-30,0.002967359050445,210.9236507936508,790082.4603174604
2023-06-30,LH,USD,920148,2023-08-04,2023-08-04 15:39:06,2023,Q2,3033700000.0,2191500000.0,842200000.0,0.2776147938,0,0.0,0.0,505800000.0,-16900000.0,557300000.0,2748800000.0,4500000.0,49800000.0,156400000.0,411200000.0,0.1355440551,266300000.0,0.0877805979,-61300000.0,205000000.0,0.0675742493,49800000.0,188900000.0,0.0622671985,2.13,2.12,88700000,89000000,https://www.sec.gov/Archives/edgar/data/920148/000092014823000063/0000920148-23-000063-index.htm,https://www.sec.gov/Archives/edgar/data/920148/000092014823000063/lh-20230630.htm,34.20180383314543,2.1296505073280723,3.9616685456595264,2.8049605411499434,21.76550169109357,99.1183765501691,-5.992108229988726,98.89515219842164,70.576099210823,18389284000.0,22668984000.0,24.337326627845417,6.061668589511158,52.33148548662493,73.91191318327974,2.096361605107159,2.096361605107159,7.472388172858226,55.12885214007782,64.51048377916904,91.11327974276529,0.0102722868383565,0.013529618662695,0.70796853625171,0.3507514529219404,10.40783073929961,2.3454861906288644,5.347389558232932,2.2670967741935484,0.0035129154022527,0.3419798782424563,0.0,0.0,0.5265705394308048,0.2919749573136027,0.0338200876817088,0.7184873949579832,0.011339288657415,68.83874271558314,0.012486287058778,0.0225353120824584,-58.70856820744081,2937600000.0,-531500000.0,-3793000000.0,15023000000.0,2546250000.0,796900000.0,484600000.0,60.59729043741966,29.28542094455852,20.032854209445585,1.485214922158034,3.073201514514093,4.492619926199262,0.0215344277245782,1.1567080045095828,2023-07-27,3.47,bmo,3153590000.0,2025-04-22,2023-06-30,-0.0144092219020173,193.98129032258063,700614.7258064516
2023-03-31,LH,USD,920148,2023-05-04,2023-05-04 13:38:26,2023,Q1,3777900000.0,2803200000.0,974700000.0,0.2580004765,0,0.0,0.0,553600000.0,69300000.0,622900000.0,3426100000.0,2200000.0,50700000.0,213700000.0,542200000.0,0.1435188862,341000000.0,0.0902617856,-63200000.0,277800000.0,0.0735329151,64500000.0,212900000.0,0.0563540591,2.41,2.39,88400000,89000000,https://www.sec.gov/Archives/edgar/data/920148/000092014823000030/0000920148-23-000030-index.htm,https://www.sec.gov/Archives/edgar/data/920148/000092014823000030/lh-20230331.htm,42.73642533936651,2.408371040723982,1.3710407239819005,0.3088235294117647,4.455882352941177,117.20361990950228,-18.8631221719457,116.98529411764706,71.7420814479638,17422756000.0,23320156000.0,20.45884922498826,4.611756796103656,143.75211221122112,638.1961904761905,1.6847416719044626,1.6847416719044626,6.172782762910612,43.01024714127628,192.4105280528053,854.2181684981686,0.0122196511275254,0.001566916278917,0.6083546874244549,0.3114504950495049,10.876798229435632,1.627044635431106,6.725838264299803,0.5682137834036568,0.0036963153246248,0.3024894316580554,0.0,0.0,0.595460396039604,0.7747524752475248,0.0248550782180576,0.566003616636528,0.0087085417824717,79.61934361214725,0.014553658279376,0.0260533303963679,-78.24858597285068,1809400000.0,-1667500000.0,-5144200000.0,16781800000.0,2635950000.0,866450000.0,476000000.0,72.65703168426904,28.27589897260274,15.455907534246574,1.238696350700023,3.1829226751447712,5.823016202742003,0.0205869554706764,1.0622171945701355,2023-04-25,3.99,bmo,3692370000.0,2025-04-22,2023-03-31,-0.0426065162907269,205.7667741935484,723982.0806451613
2022-12-31,LH,USD,920148,2023-02-28,2023-02-28 14:06:04,2022,Q4,3674200000.0,2704400000.0,969800000.0,0.2639486147,0,0.0,0.0,536500000.0,60600000.0,597100000.0,3301500000.0,1700000.0,49300000.0,204900000.0,298700000.0,0.0812966088,374100000.0,0.1018180828,-46200000.0,44500000.0,0.0121114801,-31900000.0,76100000.0,0.0207119917,0.86,0.86,88500000,89000000,https://www.sec.gov/Archives/edgar/data/920148/000092014823000017/0000920148-23-000017-index.htm,https://www.sec.gov/Archives/edgar/data/920148/000092014823000017/lh-20221231.htm,41.51638418079096,0.8598870056497175,7.3853107344632765,6.053107344632768,4.858757062146893,114.0858757062147,-22.27457627118644,114.0858757062147,71.68587570621469,17902665000.0,23767565000.0,58.81295992115637,4.872534157095422,27.39085832313341,33.41919917864477,1.7731379870451438,1.7731379870451438,6.468772794077623,79.57002008704386,36.3640835373317,44.36730446145231,0.0042507637829339,0.0299229192972107,0.6234673058257235,0.3123229356341571,19.634750585872112,1.5023550430404418,7.588235294117647,8.55497382198953,0.0035525437134638,0.835742444152431,0.0,0.0,0.598751680716047,0.1803855569155446,0.0320886179304338,0.7548015364916774,0.0082194763485928,46.9816096582345,0.036206540102134,0.0094099317439905,-87.30734463276836,1546500000.0,-1971300000.0,-5433500000.0,16570600000.0,2602350000.0,808850000.0,469150000.0,54.42817484078167,28.36044963762757,15.661144801064932,1.6535553555355536,3.1734334663224595,5.746706332341692,0.0075371907374759,1.3322033898305086,2023-02-16,4.06,bmo,3741321750.0,2025-04-22,2022-12-31,0.0197044334975369,195.4353968253968,916767.9682539684
2022-09-30,LH,USD,920148,2022-11-01,2022-11-01 12:54:42,2022,Q3,3606100000.0,2546400000.0,1059700000.0,0.2938631763,0,0.0,0.0,510000000.0,65200000.0,575200000.0,3121600000.0,4100000.0,46300000.0,205100000.0,673000000.0,0.1866282133,469400000.0,0.1301683259,47600000.0,421600000.0,0.1169130085,68400000.0,352800000.0,0.0978342253,3.91,3.89,90200000,90700000,https://www.sec.gov/Archives/edgar/data/920148/000092014822000060/0000920148-22-000060-index.htm,https://www.sec.gov/Archives/edgar/data/920148/000092014822000060/lh-20220930.htm,39.97893569844789,3.91130820399113,4.144124168514413,2.9966740576496678,4.544345898004434,111.8869179600887,-21.43237250554324,111.8869179600887,70.03769401330376,15870689999.999998,21731890000.0,11.24623724489796,4.401067635395579,42.45770465489566,58.71509433962263,1.572569905471552,1.572569905471552,6.026424669310336,32.29106983655275,58.13774745853397,80.3991490935997,0.0222296573116858,0.0170313956103987,0.6213808683934128,0.3163068697669726,8.709063893016344,1.7332593268049004,10.138228941684666,1.0583238958097396,0.0040892992050125,0.1839569160997732,0.0,0.0,0.6065469585392919,0.2768860353130016,0.0287013671279221,0.6588160407383832,0.0100662765868944,99.22975840479,0.0222521797816345,0.0452272902084455,-75.97588691796008,1849500000.0,-1933200000.0,-5362000000.0,16759600000.0,3013250000.0,760100000.0,452000000.0,74.44136324561161,27.05584354382658,16.530395852968898,1.2090052636872632,3.326453298497714,5.444515715202052,0.0349576900973028,1.147450110864745,2022-10-27,4.67,bmo,3786391367.0,2025-04-22,2022-09-30,0.0021413276231262,204.715625,663547.71875
2022-06-30,LH,USD,920148,2022-08-01,2022-08-01 14:31:29,2022,Q2,3696900000.0,2574200000.0,1122700000.0,0.3036868728,0,0.0,0.0,486000000.0,66400000.0,552400000.0,3126600000.0,0.0,42500000.0,207900000.0,726800000.0,0.196597149,525900000.0,0.1422543212,47600000.0,476400000.0,0.1288647245,117500000.0,358600000.0,0.0970001893,3.89,3.87,92185090,92700000,https://www.sec.gov/Archives/edgar/data/920148/000092014822000041/0000920148-22-000041-index.htm,https://www.sec.gov/Archives/edgar/data/920148/000092014822000041/lh-20220630.htm,40.10301448965337,3.889999998915226,6.210331844336215,4.655850528539919,11.594065808255976,112.8241020321182,-17.119905182063608,112.8241020321182,68.97319295343748,18559624169.7,23806624169.7,12.938946019032349,5.020320855230058,32.41855750165939,43.24236759016775,1.7844591392598577,1.7844591392598577,6.439618104276557,32.75539924284535,41.5836230038428,55.467437487651445,0.0193215119401739,0.0231254682786465,0.6072475891045795,0.3095509996030015,7.219317556411667,1.903515078133868,12.374117647058824,1.5951518528838116,0.0035938227730329,0.1860011154489682,0.0,0.0,0.5871117624282585,0.2503056768558952,0.0387622061727393,0.9006913890634821,0.0106575779707322,99.37267998603744,0.0218082923350792,0.0425678402696992,-69.77918012554959,2387900000.0,-1578200000.0,-4971600000.0,17237000000.0,3041700000.0,689150000.0,438500000.0,74.1004625497038,26.38606168906845,15.254059513635305,1.214567317169328,3.410891745064264,5.900068760027504,0.0344784485659619,1.5544813157962964,2022-07-28,4.7,bmo,3752143517.0,2025-04-22,2022-06-30,0.0531914893617021,213.1566129032258,1032410.0
2022-03-31,LH,USD,920148,2022-04-29,2022-04-29 11:55:23,2022,Q1,3899600000.0,2666700000.0,1232900000.0,0.3161606319,0,0.0,0.0,464100000.0,67100000.0,531200000.0,3197900000.0,0.0,42200000.0,210400000.0,892700000.0,0.228920915,687900000.0,0.176402708,-47800000.0,640100000.0,0.1641450405,148000000.0,491600000.0,0.1260642117,5.27,5.23,93200000,94000000,https://www.sec.gov/Archives/edgar/data/920148/000092014822000025/0000920148-22-000025-index.htm,https://www.sec.gov/Archives/edgar/data/920148/000092014822000025/lh-20220331.htm,41.8412017167382,5.274678111587983,3.819742489270386,2.5622317596566524,13.234978540772532,115.03326180257513,-15.206008583690988,115.03326180257513,67.96030042918454,21109800000.0,26168000000.0,10.735252237591537,5.41332444353267,59.29719101123596,88.39949748743719,1.968995718722892,1.968995718722892,6.710431839162991,29.313319144169373,73.50561797752809,109.58123953098828,0.0232877620820661,0.0113122814995878,0.5868520954006585,0.3035304220296791,5.666181247899631,1.9797463562369864,16.30094786729858,0.7234301971144076,0.0,0.0,0.0,0.0,0.5855878890797167,0.3292134831460674,0.0300543645502102,0.7256965944272445,0.0097958765001538,116.84253135322254,0.0286044675215467,0.0572286702133851,-67.31491416309012,2588000000.0,-1417200000.0,-4777800000.0,17533900000.0,3008950000.0,622450000.0,421050000.0,70.15181044209663,21.04623692203847,14.873439082011474,1.2829319647322015,4.276298909557409,6.051055139550715,0.0458535038382255,1.257510729613734,2022-04-28,5.98,bmo,4005676271.0,2025-04-22,2022-03-31,0.0217391304347825,235.17306451612905,1090715.9516129033
2021-12-31,LH,USD,920148,2022-02-25,2022-02-25 14:26:04,2021,Q4,4056100000.0,2681100000.0,1375000000.0,0.3389955869,0,0.0,0.0,543700000.0,-9000000.0,636600000.0,3317700000.0,0.0,43100000.0,237600000.0,966700000.0,0.2383323883,730600000.0,0.1801237642,-44600000.0,686000000.0,0.1691279801,132400000.0,553000000.0,0.1363378615,5.8,5.75,95300000,96200000,https://www.sec.gov/Archives/edgar/data/920148/000092014822000015/0000920148-22-000015-index.htm,https://www.sec.gov/Archives/edgar/data/920148/000092014822000015/lh-20211231.htm,42.5613850996852,5.802728226652675,7.318992654774396,5.74501573976915,15.567681007345223,107.79538300104932,-14.916054564533054,107.79538300104932,67.00629590766002,25724329000.0,30594229000.0,11.62944349005425,6.3421338231305935,36.880758422939074,46.98507579908676,2.5040961169679448,2.5040961169679448,7.542769902122728,31.648111099617253,43.86269390681004,55.87987031963471,0.0214971593622519,0.0212833539798064,0.6174108576935432,0.3111344393536551,5.037653874004345,1.9154479140464984,16.951276102088165,1.259934971098266,0.0,0.0,0.0,0.0,0.5736654664612909,0.2150537634408602,0.0369813367520524,0.7978723404255319,0.010379428515076,118.6335303022213,0.0327569348280929,0.0636290415372224,-64.99973767051416,2547600000.0,-1421500000.0,-4782000000.0,17057400000.0,3016650000.0,645350000.0,406050000.0,66.08490914918272,20.85599194360524,13.474320241691842,1.361884296410704,4.315306615161758,6.679372197309417,0.0538309532848562,1.5739769150052465,2022-02-10,5.8,bmo,3917015074.0,2025-04-22,2021-12-31,0.1672413793103448,247.545625,800045.90625
2021-09-30,LH,USD,920148,2021-11-02,2021-11-02 14:46:10,2021,Q3,4062600000.0,2677100000.0,1385500000.0,0.3410377591,0,0.0,0.0,519900000.0,31900000.0,612100000.0,3289200000.0,0.0,42200000.0,235100000.0,1045500000.0,0.2573475114,766900000.0,0.188770738,1300000.0,768200000.0,0.1890907301,180400000.0,587300000.0,0.1445625954,6.1,6.05,96300000,97100000,https://www.sec.gov/Archives/edgar/data/920148/000092014821000070/0000920148-21-000070-index.htm,https://www.sec.gov/Archives/edgar/data/920148/000092014821000070/lh-20210930.htm,42.18691588785047,6.09865005192108,7.967808930425753,6.744548286604362,21.339563862928348,109.28868120456906,-11.811007268951194,109.28868120456906,66.22741433021807,23283414000.0,27582414000.0,9.911209773539928,5.731160832964112,30.344603153916328,35.84821247113164,2.212305952776854,2.212305952776854,6.789350169841973,26.38203156384505,35.94736608888309,42.46715011547344,0.0252239641489001,0.0278953936909767,0.6019763409188085,0.3036206359475715,4.111908177905309,2.0843719706411856,18.172985781990523,1.3053759782238856,0.0,0.0,0.0,0.0,0.5588814607145425,0.1535253486250488,0.0289962093240781,0.6329930145083289,0.0145227194407522,122.46040984460736,0.0319278574621178,0.0638050539947417,-60.12876427829699,3132100000.0,-1137400000.0,-4321500000.0,17486200000.0,2951050000.0,634650000.0,416000000.0,67.67833407177669,22.50420230846812,13.8071047028501,1.329819967266776,3.99925306244398,6.518383248112978,0.0558031260392417,1.2232606438213915,2021-10-28,4.92,bmo,3603900000.0,2025-04-22,2021-09-30,0.386178861788618,252.00765625,721204.921875
2021-06-30,LH,USD,920148,2021-08-05,2021-08-05 12:57:40,2021,Q2,3840700000.0,2575900000.0,1264800000.0,0.3293149686,0,0.0,0.0,458700000.0,14100000.0,551100000.0,3127000000.0,0.0,78300000.0,235100000.0,964000000.0,0.2509959122,704100000.0,0.1833259562,-53500000.0,650600000.0,0.1693962038,182600000.0,467400000.0,0.1216965657,4.8,4.76,97400000,98200000,https://www.sec.gov/Archives/edgar/data/920148/000092014821000051/0000920148-21-000051-index.htm,https://www.sec.gov/Archives/edgar/data/920148/000092014821000051/lh-20210630.htm,39.43223819301848,4.798767967145791,5.002053388090349,4.0041067761806985,20.164271047227928,105.1858316221766,-12.86652977412731,105.1858316221766,66.07700205338809,23081852000.0,27476252000.0,12.345877192982456,6.009803421251334,47.3765435139573,59.1842358974359,2.252965027183727,2.252965027183727,7.153969849246232,28.50233609958506,56.396247947454846,70.45192820512821,0.0202496749394286,0.0168963911561342,0.6205503118563996,0.3113860440513099,4.55850622406639,2.134715608713584,8.992337164750959,1.041025641025641,0.0,0.0,0.0,0.0,0.5631700878185443,0.1995073891625615,0.0253078865831749,0.5195082843399251,0.0062228239643814,106.56994879508512,0.0279002542701879,0.0524061532941651,-60.18506160164271,3026400000.0,-1253200000.0,-4478500000.0,17226500000.0,2875050000.0,610600000.0,424400000.0,66.71674434347905,20.960052797080632,14.719903722970612,1.3489866882090549,4.293882313718953,6.114170424875386,0.0456218094503714,0.997946611909651,2021-07-29,5.53,bmo,3840700000.0,2025-04-22,2021-06-30,0.1084990958408679,227.8379365079365,750457.9047619047
2021-03-31,LH,USD,920148,2021-05-04,2021-05-04 15:54:03,2021,Q1,4161500000.0,2562500000.0,1599000000.0,0.3842364532,0,0.0,0.0,429800000.0,5500000.0,521900000.0,3084400000.0,0.0,48500000.0,232200000.0,1302500000.0,0.3129881053,1057900000.0,0.2542112219,-36100000.0,1021800000.0,0.2455364652,251700000.0,769600000.0,0.1849333173,7.88,7.82,97600000,98500000,https://www.sec.gov/Archives/edgar/data/920148/000092014821000041/0000920148-21-000041-index.htm,https://www.sec.gov/Archives/edgar/data/920148/000092014821000041/lh-20210331.htm,42.638319672131146,7.885245901639344,11.86065573770492,10.883196721311476,19.37295081967213,102.67930327868852,-15.706967213114757,102.67930327868852,65.66495901639344,21383184000.0,25852784000.0,6.946200623700624,5.138335696263367,18.471997235659984,20.131033703633967,2.1337308786109865,2.1337308786109865,6.21237150066082,19.848586564299424,22.33308914996545,24.33890416117492,0.0359908982684711,0.049674547999961,0.6346754477872574,0.3115231839977274,3.4315547024952013,1.6736723365096329,21.81237113402062,1.503181405012336,0.0,0.0,0.0,0.0,0.5659226824573519,0.0824118866620594,0.0229244262885978,0.5187601957585645,0.0068965517241379,134.97095982333715,0.044430620606744,0.0868368198948389,-62.64139344262295,2269400000.0,-1533000000.0,-4757500000.0,16520900000.0,2959800000.0,630100000.0,425350000.0,62.78265048660339,21.821268292682927,15.014634146341464,1.4335170513262143,4.124416545952036,5.994152046783626,0.0767948909843835,0.9774590163934426,2021-04-29,7.43,bmo,3928890000.0,2025-04-22,2021-03-31,0.1830417227456257,200.67590163934423,881901.6721311476
2020-12-31,LH,USD,920148,2021-02-25,2021-02-25 15:19:26,2020,Q4,4489800000.0,2584900000.0,1904900000.0,0.4242727961,0,0.0,0.0,518000000.0,-9500000.0,608800000.0,3193700000.0,0.0,48300000.0,183900000.0,1524500000.0,0.3395474186,1293200000.0,0.2880306472,-50500000.0,1242700000.0,0.2767829302,304100000.0,938300000.0,0.20898481,9.62,9.54,97500000,98300000,https://www.sec.gov/Archives/edgar/data/920148/000092014821000018/0000920148-21-000018-index.htm,https://www.sec.gov/Archives/edgar/data/920148/000092014821000018/lh-20201231.htm,46.04923076923077,9.623589743589744,7.944615384615385,6.925128205128205,13.546666666666669,95.99692307692308,-24.13230769230769,95.99692307692308,69.79179487179488,17048850000.000002,22484450000.0,4.542483747202388,3.7972404115996254,22.009876065065843,25.250074052132703,1.821516715279336,1.821516715279336,5.007895674640296,14.748737290915054,29.02717531629228,33.30042950236967,0.0550359701680758,0.0396038442475592,0.7218607433998953,0.3366132415291181,3.565496884224336,1.6649017378593471,26.77432712215321,0.8252716812273599,0.0,0.0,0.0,0.0,0.5835380162118804,0.1283242964110508,0.0221390707826629,0.5405111473626971,0.0059690854826495,144.17450397914723,0.0555959035092089,0.1122489263198191,-70.9451282051282,2046900000.0,-2352900000.0,-5586600000.0,16489100000.0,2857650000.0,639200000.0,407850000.0,60.46906320994254,22.24496112035282,14.734805988626253,1.4883643837432872,4.045860071998748,6.107986767485822,0.100248939602765,1.0194871794871796,2021-02-11,8.11,bmo,3133448581.0,2025-04-22,2020-12-31,0.3020961775585698,172.718125,746487.796875
2020-09-30,LH,USD,920148,2020-10-29,2020-10-29 09:54:01,2020,Q3,3896100000.0,2336700000.0,1559400000.0,0.4002464002,0,0.0,0.0,419500000.0,-54200000.0,481700000.0,2818400000.0,0.0,51400000.0,152300000.0,1236300000.0,0.3173173173,1047100000.0,0.2687559354,-100000000.0,947100000.0,0.2430892431,243400000.0,703400000.0,0.1805395139,7.22,7.17,97400000,98100000,https://www.sec.gov/Archives/edgar/data/920148/000092014820000058/0000920148-20-000058-index.htm,https://www.sec.gov/Archives/edgar/data/920148/000092014820000058/lh-20200930.htm,40.00102669404517,7.2217659137577,8.071868583162217,7.279260780287475,6.850102669404517,84.59034907597535,-33.831622176591374,84.59034907597535,69.14989733059548,15753476000.0,21770076000.0,5.599046061984646,4.04339621672955,20.03749173238361,22.21928913963329,1.9120384508016657,1.9120384508016657,5.587658427658428,17.60905605435574,27.690251844314425,30.70532581100141,0.0446504631739687,0.045005940276292,0.8112293818499593,0.3566671647206984,4.866618134756936,1.3573872886142395,20.3715953307393,1.1172374591445218,0.0,0.0,0.0,0.0,0.6155040662554163,0.0981938438056474,0.0198146864813531,0.5068942875902823,0.0069813403146736,117.23934169368762,0.0471266966055301,0.0976225833761259,-78.16247433264887,1075700000.0,-3295200000.0,-6414900000.0,15218600000.0,2447550000.0,586800000.0,367400000.0,62.34003234003234,24.63088971626653,15.117473359866478,1.4436951124615556,3.653948397185301,5.953375796178344,0.0853734024347319,0.7926078028747433,2020-10-27,5.31,bmo,2459900118.0,2025-04-22,2020-09-30,0.5838041431261771,158.47859375,900786.984375
2020-06-30,LH,USD,920148,2020-07-31,2020-07-31 16:27:13,2020,Q2,2768800000.0,2008300000.0,760500000.0,0.2746677261,0,0.0,0.0,396300000.0,47700000.0,456400000.0,2464700000.0,0.0,52700000.0,143900000.0,450500000.0,0.1627058654,297700000.0,0.107519503,-700000.0,297000000.0,0.1072666859,65400000.0,231600000.0,0.083646345,2.38,2.37,97300000,97700000,https://www.sec.gov/Archives/edgar/data/920148/000092014820000043/0000920148-20-000043-index.htm,https://www.sec.gov/Archives/edgar/data/920148/000092014820000043/lh-20200630.htm,28.456320657759505,2.3802672147995887,3.8098663926002057,2.7975334018499485,5.748201438848921,75.56731757451182,-40.56731757451182,75.56731757451182,73.65467625899281,13884709999.999998,20441610000.0,14.987813039723662,5.014703120485408,37.45538171027785,51.00922116091109,1.8883824989459648,1.8883824989459648,7.382840941924299,45.37538290788013,55.14326949015376,75.09775900073475,0.0166802187442157,0.0196042985413451,0.967522134726019,0.3985579104828815,14.554716981132076,1.124835222778803,5.648956356736243,1.6006044905008636,0.0,0.0,0.0,0.0,0.6330795390243765,0.2657135149716752,0.0355749783299624,0.684503127171647,0.0143744582490609,63.61669743071848,0.0144977897633635,0.0353630977829353,-83.4393627954779,378800000.0,-3947200000.0,-7083200000.0,14306400000.0,2078350000.0,551400000.0,298150000.0,71.39410574978331,23.935169048448937,15.339839665388638,1.260608268075032,3.760157273918742,5.867075664621677,0.0314986331551674,1.012332990750257,2020-07-28,1.0,bmo,1077354085.0,2025-04-22,2020-06-30,1.5699999999999998,138.34444444444446,1214395.619047619
2020-03-31,LH,USD,920148,2020-05-08,2020-05-08 17:10:01,2020,Q1,2823800000.0,2095800000.0,728000000.0,0.2578086267,0,0.0,0.0,395500000.0,-16100000.0,457800000.0,2553600000.0,0.0,55000000.0,144600000.0,-68100000.0,-0.0241164388,-192600000.0,-0.0682059636,-75100000.0,-267700000.0,-0.0948013315,49200000.0,-317200000.0,-0.1123309016,-3.27,-3.26,97003058,97200000,https://www.sec.gov/Archives/edgar/data/920148/000092014820000029/0000920148-20-000029-index.htm,https://www.sec.gov/Archives/edgar/data/920148/000092014820000029/lh202010-qq1projectfile.htm,29.110422477608903,-3.2700000035050443,2.100964693298638,1.0020302658912053,3.429788780473292,72.36988343192232,-44.05531215314882,72.36988343192232,73.94199881822283,10532592037.64,17326592037.64,-8.301223232692307,3.729935561172887,51.68102079313052,108.3600003872428,1.500347863654364,1.500347863654364,6.13591332163751,-254.4286642825257,85.01762530736015,178.25711972880657,-0.0301160435025331,0.009228497567611,1.013888691044287,0.4114600194237617,-99.76505139500736,1.17620016273393,-3.501818181818182,-0.6431050804670243,0.0,0.0,0.0,0.0,0.6528696295611155,0.5230618253189402,0.0377505489057298,0.7372060857538036,0.0063389758481478,,-0.0145410300360726,-0.0528244071409539,-86.0630084465997,433100000.0,-4273500000.0,-7387200000.0,14336300000.0,1992800000.0,600500000.0,249350000.0,62.47857496989872,24.421700543945036,10.907529344403091,1.4404938019690865,3.6852470546861262,8.251181102362205,-0.0451845415307474,1.0989344274074329,2020-04-29,1.76,bmo,2323379746.0,2025-04-22,2020-03-31,0.3465909090909091,144.0793548387097,1169941.0
2019-12-31,LH,USD,920148,2020-02-28,2020-02-28 14:42:51,2019,Q4,2953400000.0,2132700000.0,820700000.0,0.2778831178,0,0.0,0.0,413900000.0,15000000.0,478100000.0,2610800000.0,0.0,64400000.0,155800000.0,563100000.0,0.1906616103,336400000.0,0.1139026207,-43500000.0,292900000.0,0.0991738335,65600000.0,227100000.0,0.0768944268,2.34,2.32,97200000,98000000,https://www.sec.gov/Archives/edgar/data/920148/000092014820000011/0000920148-20-000011-index.htm,https://www.sec.gov/Archives/edgar/data/920148/000092014820000011/lh10-k2019.htm,30.38477366255144,2.33641975308642,5.862139917695473,4.54320987654321,3.565843621399177,77.84979423868313,-44.57304526748971,77.84979423868313,73.52880658436214,14126076000.000002,20871176000.0,15.550501981505946,4.782987742940341,24.791288171288173,31.98839673913044,1.8668000528611075,1.8668000528611075,7.066830094128801,37.06477712662049,36.62895050895051,47.2626268115942,0.0160766514352605,0.0312613354196876,0.9359851988899168,0.393010531923158,11.978511809625289,1.1263412422547985,5.22360248447205,2.506819181698196,0.0,0.0,0.0,0.0,0.6602983120068363,0.2249912249912249,0.0434075980226179,0.8228498074454429,0.0079569309947856,63.97281010899774,0.0163112976652217,0.0370963263039252,-87.10365226337449,334400000.0,-4332500000.0,-7473200000.0,14845500000.0,2059700000.0,620050000.0,239800000.0,61.71768131644884,26.683077788718524,10.326346884231256,1.4582530983064237,3.372924244820497,8.71557008581937,0.030011893749174,1.3189300411522633,2020-02-13,2.8,bmo,2891440559.0,2025-04-22,2019-12-31,0.0214285714285714,144.36609375,645335.90625
2019-09-30,LH,USD,920148,2019-10-31,2019-10-31 16:27:27,2019,Q3,2928500000.0,2111200000.0,817300000.0,0.2790848557,0,0.0,0.0,401500000.0,2700000.0,463200000.0,2574400000.0,0.0,60500000.0,144300000.0,501800000.0,0.1713505207,339900000.0,0.1160662455,-52500000.0,287400000.0,0.098138979,66400000.0,220700000.0,0.0753628137,2.26,2.25,97600000,98300000,https://www.sec.gov/Archives/edgar/data/920148/000092014819000092/0000920148-19-000092-index.htm,https://www.sec.gov/Archives/edgar/data/920148/000092014819000092/lh201910-qq3projectfile.htm,30.005122950819672,2.2612704918032787,4.668032786885246,3.719262295081968,3.699795081967213,74.08913934426229,-47.35860655737705,74.08913934426229,76.7264344262295,14085632000.0,21152532000.0,15.95563207974626,4.8098453133003245,30.91666374012291,38.80339393939394,1.947923829016332,1.947923829016332,7.222991975414034,42.153312076524514,46.42785776997366,58.271438016528926,0.015668448529679,0.0257709416233506,1.0272296054542185,0.41602491220799,14.083100836986848,1.1618447659044953,5.618181818181818,2.0615384615384613,0.0,0.0,0.0,0.0,0.6638756181845676,0.2032484635645303,0.0316202834215468,0.6417186417186417,0.0107563599112173,61.396666462042845,0.0161275144956851,0.0367747525577365,-87.8532274590164,416200000.0,-4622200000.0,-7635800000.0,14722500000.0,2079500000.0,569700000.0,227300000.0,64.35683797165785,25.91038272072755,10.013736263736265,1.3984527959505275,3.4735110233629483,8.987654320987655,0.0305209442546777,0.9487704918032788,2019-10-24,2.85,bmo,2878008620.0,2025-04-22,2019-09-30,0.0175438596491227,145.9240625,726172.703125
2019-06-30,LH,USD,920148,2019-08-08,2019-08-08 16:13:14,2019,Q2,2881700000.0,2056900000.0,824800000.0,0.2862199396,0,0.0,0.0,415300000.0,-10500000.0,475500000.0,2532400000.0,0.0,59100000.0,210100000.0,468900000.0,0.1627164521,335700000.0,0.1164937363,-65700000.0,270000000.0,0.0936946941,79300000.0,190400000.0,0.0660721102,1.94,1.93,98100000,98800000,https://www.sec.gov/Archives/edgar/data/920148/000092014819000076/0000920148-19-000076-index.htm,https://www.sec.gov/Archives/edgar/data/920148/000092014819000076/lh201910-qq2.htm,29.375127420998982,1.940876656472987,2.5840978593272173,1.7155963302752293,3.0091743119266057,72.82772680937819,-48.065239551478086,72.82772680937819,77.8664627930683,14750316000.000002,22064516000.0,19.36753676470589,5.118616094666344,58.18665088757397,87.64299465240643,2.0645982867700576,2.0645982867700576,7.656770656209876,47.05590957560247,87.03951084812623,131.10229352347,0.012908198034537,0.0114099250483854,1.0609148423940429,0.4254139305157995,15.598635103433567,1.120834153059217,5.680203045685279,1.3293130571578395,0.0,0.0,0.0,0.0,0.6656339451086042,0.336094674556213,0.0295658812506506,0.4055211803902903,0.0091959607176319,56.39474076043851,0.0148049144978936,0.0319602511162587,-88.87742099898063,307100000.0,-4715200000.0,-7824000000.0,14783500000.0,2025300000.0,561900000.0,226700000.0,64.4900579519034,23.26024600126404,9.613009869220672,1.3955639498280787,3.869262603461249,9.362312243969049,0.0266502435473937,0.8685015290519877,2019-07-25,2.9,bmo,5653538566.0,2025-04-22,2019-06-30,0.0103448275862069,139.52619047619046,944801.1428571428
2019-03-31,LH,USD,920148,2019-05-03,2019-05-03 14:28:36,2019,Q1,2791200000.0,2001500000.0,789700000.0,0.2829249069,0,0.0,0.0,393800000.0,-10400000.0,450900000.0,2452400000.0,0.0,56700000.0,198500000.0,511700000.0,0.183326168,318200000.0,0.1140011465,-63500000.0,254700000.0,0.0912510748,68800000.0,185600000.0,0.0664946976,1.88,1.86,98600000,99500000,https://www.sec.gov/Archives/edgar/data/920148/000092014819000053/0000920148-19-000053-index.htm,https://www.sec.gov/Archives/edgar/data/920148/000092014819000053/lh201910-qq1.htm,28.308316430020284,1.8823529411764703,1.6815415821501014,0.7261663286004056,3.537525354969574,72.12271805273834,-42.18559837728195,72.12271805273834,69.73833671399595,13111827999.999998,19582528000.0,17.66140625,4.697559472628259,79.08219541616404,183.12608938547484,1.8438018365137177,1.8438018365137177,7.015809687589568,38.26954856361149,118.10933655006032,273.49899441340784,0.014155158228128,0.0054607183681787,0.9589667149466342,0.4018372734343696,12.645495407465312,1.1418338675847877,5.611992945326279,0.891877353415815,0.0,0.0,0.0,0.0,0.664128974473802,0.5681544028950543,0.0337489251934651,0.4745591939546599,0.0091358555460017,55.26851938648981,0.0149954978305226,0.0325614035087719,-80.16810344827586,358400000.0,-4159500000.0,-6974200000.0,14130700000.0,1924000000.0,613400000.0,235500000.0,64.02730008598452,26.62902822882838,10.508618536097927,1.4056504003625925,3.3797703478554544,8.564398801882756,0.0260993067371647,0.9553752535496958,2019-04-30,2.53,bmo,2695319083.0,2025-04-22,2019-03-31,0.0355731225296443,123.18196721311476,945412.5737704918
2018-12-31,LH,USD,920148,2019-02-28,2019-02-28 15:06:10,2018,Q4,2787500000.0,2015100000.0,772400000.0,0.2770941704,0,0.0,0.0,396900000.0,-41400000.0,453100000.0,2468200000.0,0.0,58200000.0,137700000.0,410400000.0,0.1472286996,307700000.0,0.1103856502,-93200000.0,214500000.0,0.0769506726,56300000.0,157900000.0,0.0566457399,1.58,1.56,100200000,101200000,https://www.sec.gov/Archives/edgar/data/920148/000092014819000033/0000920148-19-000033-index.htm,https://www.sec.gov/Archives/edgar/data/920148/000092014819000033/lh10-k2018.htm,27.81936127744511,1.5758483033932136,4.854291417165669,3.634730538922155,4.259481037924152,69.57485029940119,-42.91417165668663,69.57485029940119,61.05788423153693,10876710000.0,16509710000.0,17.22088347055098,3.901958744394619,22.36165707236842,29.86466227347611,1.5601902056975645,1.5601902056975645,5.922765919282512,40.22833820662768,33.94266036184211,45.33143876990665,0.0145172575162893,0.0334843900407384,0.869237169004791,0.3744014630559829,13.725633528265108,1.509074458459737,5.286941580756014,3.074589127686473,0.0,0.0,0.0,0.0,0.6963973482110309,0.2512335526315789,0.0438385650224215,0.8874364560639071,0.0074618834080717,49.66776339408525,0.0158428485592814,0.0321333360467245,-72.57210578842316,956500000.0,-4300000000.0,-6378500000.0,14012600000.0,1859250000.0,566050000.0,235150000.0,60.12807174887893,28.343010272443056,10.598481464939706,1.496805026043065,3.1753860699653327,8.491782553729456,0.022649682990504,1.219560878243513,2019-02-07,2.48,bmo,2754315476.0,2025-04-22,2018-12-31,0.0161290322580645,133.95555555555558,1137288.9365079366
2018-09-30,LH,USD,920148,2018-10-30,2018-10-30 14:04:24,2018,Q3,2831300000.0,2041400000.0,789900000.0,0.2789884505,0,0.0,0.0,381800000.0,209800000.0,436500000.0,2477900000.0,0.0,59400000.0,133100000.0,494900000.0,0.1747960301,343400000.0,0.1212870413,156200000.0,499600000.0,0.1764560449,108600000.0,390800000.0,0.1380284675,3.14,3.1,101600000,102700000,https://www.sec.gov/Archives/edgar/data/920148/000092014818000130/0000920148-18-000130-index.htm,https://www.sec.gov/Archives/edgar/data/920148/000092014818000130/lh201810-qq3.htm,27.867125984251967,3.8464566929133857,2.479330708661417,1.515748031496063,8.785433070866143,71.33956692913385,-40.40846456692913,71.33956692913385,64.19094488188976,15136367999.999998,20706168000.0,9.68293756397134,5.346084130964574,60.08879714172291,98.28810389610388,2.0883221809853616,2.0883221809853616,7.313307667855756,41.83909476661952,82.19995236204844,134.45563636363636,0.0258186111754154,0.0101741712410797,0.8915991777155392,0.3878665658348038,11.254394827237826,1.554600702687304,5.781144781144781,0.7896551724137931,0.0,0.0,0.0,0.0,0.6814313323010072,0.388646288209607,0.034577755801222,0.7355371900826446,0.0066400593367004,78.57545723947433,0.0179396437515809,0.0736274916161121,-69.01624015748031,1168100000.0,-4105500000.0,-6139000000.0,14256000000.0,1863900000.0,492800000.0,231850000.0,59.00399109949493,21.933477025570685,10.27236210443813,1.5253205473548108,4.103316582914573,8.76137339055794,0.0539175783998565,0.9635826771653544,2018-10-24,2.88,bmo,2975964963.0,2025-04-22,2018-09-30,-0.0138888888888889,152.10460317460317,810156.1904761905
2018-06-30,LH,USD,920148,2018-07-27,2018-07-27 13:30:47,2018,Q2,2866300000.0,2031200000.0,835100000.0,0.2913512193,0,0.0,0.0,395200000.0,2800000.0,453700000.0,2484900000.0,0.0,63100000.0,138500000.0,543400000.0,0.1895823884,369200000.0,0.128807173,-56500000.0,312700000.0,0.1090953494,78600000.0,233800000.0,0.0815685727,2.29,2.27,101900000,103000000,https://www.sec.gov/Archives/edgar/data/920148/000092014818000097/0000920148-18-000097-index.htm,https://www.sec.gov/Archives/edgar/data/920148/000092014818000097/lh201810-qq2.htm,28.12855740922473,2.294406280667321,3.603532875368008,2.7477919528949952,2.172718351324828,69.06476938174681,-43.52404317958783,69.06476938174681,63.98724239450441,15716036999.999998,21951837000.0,16.80500106928999,5.483039807417227,42.79966503267973,56.12870357142857,2.233121190161558,2.233121190161558,7.6585971461466,40.3971972764078,59.78169117647059,78.39941785714285,0.014876523897214,0.0178161962840886,0.917515665629396,0.3912387530673453,11.475524475524477,1.4240867310864953,5.851030110935024,1.568560444254592,0.0,0.0,0.0,0.0,0.6951316307673665,0.2374727668845316,0.0304224959006384,0.6296028880866426,0.0091407040435404,59.71104934978282,0.0186644568868609,0.0464654093050062,-75.82286555446517,899700000.0,-4435100000.0,-6445600000.0,14083400000.0,1916600000.0,503600000.0,228450000.0,58.76705159962321,21.62711697518708,10.222036234738086,1.5314703996580463,4.161442327391928,8.804508019072388,0.0332210807508134,0.8557409224730128,2018-07-25,2.92,bmo,2818207718.0,2025-04-22,2018-06-30,0.0205479452054794,150.94609375,870351.8125
2018-03-31,LH,USD,920148,2018-05-01,2018-05-01 15:34:48,2018,Q1,2848300000.0,2069300000.0,779000000.0,0.2734964716,0,0.0,0.0,397000000.0,-3500000.0,459300000.0,2528600000.0,0.0,63500000.0,142800000.0,485300000.0,0.1703823333,305400000.0,0.1072218516,-63900000.0,241500000.0,0.0847874171,69000000.0,173200000.0,0.0608082014,1.7,1.67,101900000,103400000,https://www.sec.gov/Archives/edgar/data/920148/000092014818000062/0000920148-18-000062-index.htm,https://www.sec.gov/Archives/edgar/data/920148/000092014818000062/lh201810-qq1_new.htm,27.951913640824337,1.6997055937193326,1.5181550539744848,0.8066732090284593,3.55053974484789,68.5377821393523,-48.37095191364082,68.5377821393523,67.12953876349363,14160024000.0,20575224000.0,20.438833718244805,4.971394867113717,91.53215255332904,172.26306569343066,2.027494845360825,2.027494845360825,7.223685707263982,42.39691737069854,133.0008015513898,250.3068613138686,0.0122316176865236,0.0058050749066527,0.970360824742268,0.4026331267786379,13.219039769214918,1.3767110266159697,4.809448818897637,0.8968115942028986,0.0,0.0,0.0,0.0,0.7077716451695313,0.4686489980607627,0.0254537794473896,0.507703081232493,0.00905803461714,51.196837430410845,0.014395447757817,0.0352125561632138,-77.54268891069677,792600000.0,-4929000000.0,-6951100000.0,14455500000.0,1904550000.0,546500000.0,226900000.0,61.98223501737879,22.577200019330206,9.838109505629925,1.452028955954323,3.986322481217492,9.148099027409373,0.024799541809851,0.7114818449460255,2018-04-25,2.64,bmo,2694614748.0,2025-04-22,2018-03-31,0.0530303030303029,146.88557377049182,774756.1803278689
2017-12-31,LH,USD,920148,2018-02-27,2018-02-27 15:06:05,2017,Q4,2796300000.0,1880500000.0,915800000.0,0.327504202,0,0.0,0.0,492400000.0,600000.0,555300000.0,2435800000.0,0.0,67800000.0,145000000.0,501800000.0,0.1794514179,354200000.0,0.1266673819,-65200000.0,289000000.0,0.1033508565,-420200000.0,706800000.0,0.2527625791,6.91,6.81,102200000,103700000,https://www.sec.gov/Archives/edgar/data/920148/000092014818000024/0000920148-18-000024-index.htm,https://www.sec.gov/Archives/edgar/data/920148/000092014818000024/lh10-k2017.htm,27.36105675146771,6.915851272015655,5.518590998043053,4.576320939334638,3.098825831702544,66.82974559686889,-49.32289628180039,66.82974559686889,66.82876712328768,14004466000.0,20449866000.0,4.953475523486135,5.008212995744376,24.830613475177305,29.94326705152876,2.050434260614934,2.050434260614934,7.31318742624182,40.753021123953765,36.25862765957447,43.72432328415651,0.0504696144786955,0.0333964893770315,0.9900585651537336,0.4081422018348624,12.844559585492227,1.3110796148770831,5.224188790560472,0.7952622673434856,0.0,0.0,0.0,0.0,0.7164896185417673,0.1707446808510638,0.034438364982298,0.6641379310344827,0.0085470085470085,101.97623779404806,0.0581816837601765,0.150472621987567,-77.51345401174169,636500000.0,-5040800000.0,-7055400000.0,14256200000.0,1835700000.0,584650000.0,222400000.0,59.46250402317348,27.466631215102367,10.89284764690242,1.5135588633288228,3.276703258407388,8.262302284710017,0.1034846266471449,0.9422700587084148,2018-02-06,2.37,bmo,2666279999.0,2025-04-22,2017-12-31,0.0337552742616034,132.1463492063492,719712.3492063492
2017-09-30,LH,USD,920148,2017-11-02,2017-11-02 13:54:37,2017,Q3,2655200000.0,1772400000.0,882800000.0,0.3324796625,0,0.0,0.0,465300000.0,-4200000.0,519900000.0,2292300000.0,0.0,59900000.0,133100000.0,459800000.0,0.1731696294,341300000.0,0.128540223,-45600000.0,281100000.0,0.1058677312,97700000.0,180600000.0,0.0680174751,1.77,1.74,102300000,103700000,https://www.sec.gov/Archives/edgar/data/920148/000092014817000112/0000920148-17-000112-index.htm,https://www.sec.gov/Archives/edgar/data/920148/000092014817000112/lh201710-qq3_new.htm,25.955034213098727,1.7653958944281525,3.4301075268817205,2.6940371456500487,4.000977517106549,59.88172043010753,-54.27761485826002,59.88172043010753,71.1466275659824,13267287000.0,20076387000.0,18.365568936877075,4.9967185146128354,37.80931034482759,48.139648040638605,2.165769437960136,2.165769437960136,7.561158104850859,43.66330361026533,57.213984041037335,72.84610667634253,0.0136124288258782,0.0207728980310744,1.1783411417097895,0.4324518625912124,14.808829926054807,1.886937288576633,5.697829716193656,1.9133042529989093,0.0,0.0,0.0,0.0,0.6996549203800668,0.2145910515816471,0.0283594456161494,0.5657400450788881,0.0124661042482675,48.77075175213768,0.0146680213346689,0.0360241756926575,-84.84921798631476,1363400000.0,-5552600000.0,-7665300000.0,14778100000.0,1725250000.0,543550000.0,213550000.0,61.8224615848147,30.233581584292487,11.02911306702776,1.4557815669718734,2.976822304333221,8.160220994475138,0.0294813823274947,0.7360703812316716,2017-10-25,2.39,bmo,2546807317.0,2025-04-22,2017-09-30,0.0292887029288702,133.3784126984127,742179.2857142857
2017-06-30,LH,USD,920148,2017-08-02,2017-08-02 07:03:55,2017,Q2,2542900000.0,1681100000.0,861800000.0,0.3389044005,0,0.0,0.0,435300000.0,-800000.0,486700000.0,2167800000.0,0.0,55000000.0,127000000.0,506700000.0,0.1992606866,336000000.0,0.1321326045,-44700000.0,285100000.0,0.1121160879,96200000.0,188600000.0,0.0741672893,1.84,1.82,102400000,103700000,https://www.sec.gov/Archives/edgar/data/920148/000092014817000079/0000920148-17-000079-index.htm,https://www.sec.gov/Archives/edgar/data/920148/000092014817000079/lh201710-qq2_new.htm,24.8330078125,1.841796875,3.0341796875,2.3466796875,2.9287109375,57.4033203125,-42.8173828125,57.4033203125,60.3798828125,13559807999.999998,19387808000.0,17.974294803817603,5.332418891816429,43.64276794335371,56.42866416978776,2.306835201850938,2.306835201850938,7.624290377128475,38.26289323070851,62.40041197296427,80.68168123179359,0.0139087515103458,0.0177214898618033,1.0424967251322703,0.4111994631773192,11.501874876652852,1.3933536416505123,6.109090909090909,1.644785600847009,0.0,0.0,0.0,0.0,0.6886495554437175,0.2265851303508207,0.0276849266585394,0.5543307086614173,0.0098312949781745,48.773130504809686,0.0163402922604658,0.0406474277462876,-72.26171875,710200000.0,-4384500000.0,-6508700000.0,12690700000.0,1602100000.0,488300000.0,204850000.0,57.569703881395256,26.323835583843916,11.237285110939268,1.5633222673060372,3.4189546471425665,8.009051929490234,0.0320851975978632,0.6875,2017-07-26,2.38,bmo,2456550607.0,2025-04-22,2017-06-30,0.0378151260504203,122.45095238095236,884504.7142857143
2017-03-31,LH,USD,920148,2017-04-28,2017-04-28 10:00:38,2017,Q1,2447000000.0,1643400000.0,803600000.0,0.3284021251,0,0.0,0.0,419400000.0,-3200000.0,467000000.0,2110400000.0,0.0,52400000.0,128100000.0,457200000.0,0.1868410298,332700000.0,0.1359624029,-38400000.0,279700000.0,0.1143032284,87200000.0,192200000.0,0.0785451573,1.87,1.84,102500000,104300000,https://www.sec.gov/Archives/edgar/data/920148/000092014817000044/0000920148-17-000044-index.htm,https://www.sec.gov/Archives/edgar/data/920148/000092014817000044/lh201710-qq1.htm,23.87317073170732,1.875121951219512,2.280975609756098,1.564878048780488,3.565853658536585,55.12878048780488,-42.15317073170732,55.12878048780488,58.27804878048781,12633125000.0,18188725000.0,16.43226456815817,5.162699223539027,54.03389649272883,78.76013092269326,2.23567434123206,2.23567434123206,7.433071107478545,39.78286307961505,77.7960863986313,113.39604114713217,0.0152139712066491,0.0126967793004502,1.0478524784539969,0.4103895203770446,12.151356080489938,1.4179785535021674,6.349236641221374,1.2145454545454546,0.0,0.0,0.0,0.0,0.691114499584142,0.3139435414884516,0.029995913363302,0.5729898516783762,0.0113199836534532,48.22755120078676,0.0173545992157191,0.043127047525019,-69.54829268292683,732800000.0,-4320700000.0,-6291300000.0,12424200000.0,1548150000.0,496650000.0,202500000.0,58.02370249284839,26.5553121577218,10.941949616648412,1.5510902636916837,3.389152402557228,8.225225225225225,0.0340134850549489,0.7160975609756097,2017-04-25,2.2,bmo,2391954954.0,2025-04-22,2017-03-31,0.009090909090909,118.3991935483871,955196.7258064516
2016-12-31,LH,USD,920148,2017-02-27,2017-02-27 07:24:14,2016,Q4,2428400000.0,1640400000.0,788000000.0,0.3244934937,0,0.0,0.0,406000000.0,3900000.0,454800000.0,2095200000.0,0.0,52900000.0,130300000.0,454200000.0,0.187036732,323400000.0,0.1331741064,-46800000.0,276600000.0,0.1139021578,92000000.0,184400000.0,0.0759347719,1.79,1.75,103300000,105100000,https://www.sec.gov/Archives/edgar/data/920148/000092014817000018/0000920148-17-000018-index.htm,https://www.sec.gov/Archives/edgar/data/920148/000092014817000018/lh10-k2016.htm,23.50822846079381,1.7850919651500483,4.345595353339787,3.6263310745401744,4.197483059051307,53.29912875121007,-41.811229428848016,53.29912875121007,57.13843175217812,11392957000.0,16808857000.0,15.4459829175705,4.691548756382804,25.379721541546,30.41365990389749,2.069264593701188,2.069264593701188,6.921782655246252,37.00761118450022,37.44454666963689,44.87148158035237,0.0161854380737151,0.0328799625944344,1.062425079007592,0.410577665473433,11.924042272126815,1.3551473402219671,6.113421550094518,2.431744312026002,0.0,0.0,0.0,0.0,0.6896118481083737,0.1655157050568055,0.0305962773842859,0.570222563315426,0.0114066875308845,46.26809425374971,0.0166443419250885,0.0416996449650618,-68.40246853823814,649600000.0,-4319100000.0,-6262500000.0,12193100000.0,1540800000.0,481600000.0,202000000.0,56.285208367649474,27.89319678127286,11.258229700073151,1.5989991440047409,3.226593233674272,7.994152046783626,0.033491953939482,0.7192642787996127,2017-02-16,2.13,bmo,2317737209.0,2025-04-22,2016-12-31,0.0093896713615023,111.08428571428573,858524.619047619
2016-09-30,LH,USD,920148,2016-10-28,2016-10-28 08:52:03,2016,Q3,2414700000.0,1626300000.0,788400000.0,0.3265001864,0,0.0,0.0,400500000.0,-5600000.0,441600000.0,2067900000.0,0.0,58200000.0,121100000.0,484100000.0,0.2004803909,324000000.0,0.1341781588,-60600000.0,263400000.0,0.1090818735,83600000.0,179500000.0,0.0743363565,1.74,1.71,102900000,104900000,https://www.sec.gov/Archives/edgar/data/920148/000092014816000248/0000920148-16-000248-index.htm,https://www.sec.gov/Archives/edgar/data/920148/000092014816000248/lh201610-qq3.htm,23.466472303207,1.7444120505344995,2.4285714285714284,1.7852283770651118,5.51603498542274,53.6773566569485,-42.00971817298347,53.6773566569485,60.54033041788144,12153519000.0,17757319000.0,16.92690668523677,5.0331382780469625,48.63352941176471,66.15960261295591,2.200369156678857,2.200369156678857,7.353840642729946,36.68109688080975,71.05769907963186,96.66477408818726,0.0147693848999618,0.0151149638224122,1.117319042618677,0.4261133743009045,11.575707498450733,1.3884007948959314,5.56701030927835,1.389877641824249,0.0,0.0,0.0,0.0,0.6798453359110681,0.264905962384954,0.0274154139230546,0.5466556564822461,0.0100633619083115,45.89985975302574,0.0166587292405222,0.0387120427881297,-69.19752186588921,742700000.0,-4322800000.0,-6304700000.0,12319500000.0,1540300000.0,449150000.0,194200000.0,58.2519567648155,25.16878804648589,11.001660210293304,1.5450124768059377,3.575857519788918,8.180583501006037,0.0324980989969946,0.6433430515063168,2016-10-26,2.29,bmo,2457628000.0,2025-04-22,2016-09-30,-0.0174672489082969,117.8296875,808509.28125
2016-06-30,LH,USD,920148,2016-07-29,2016-07-29 10:04:39,2016,Q2,2430700000.0,1603900000.0,826800000.0,0.3401489283,0,0.0,0.0,408000000.0,-2400000.0,453300000.0,2057200000.0,0.0,53500000.0,125400000.0,505400000.0,0.2079236434,366900000.0,0.1509441725,-53600000.0,313300000.0,0.1288929115,114800000.0,198200000.0,0.081540297,1.94,1.91,102200000,103900000,https://www.sec.gov/Archives/edgar/data/920148/000092014816000220/0000920148-16-000220-index.htm,https://www.sec.gov/Archives/edgar/data/920148/000092014816000220/lh201610-qq2.htm,23.78375733855185,1.939334637964775,3.362035225048924,2.706457925636008,6.258317025440313,51.98630136986301,-41.71428571428572,51.98630136986301,59.77005870841487,11437202000.0,16852602000.0,14.426339556004036,4.705312050026741,33.28638533178114,41.34924801156905,2.1526824769433466,2.1526824769433466,6.933229933763936,33.34507716660071,49.04715366705472,60.92770065075922,0.0173294132603411,0.0241842366690734,1.13965744400527,0.42643848158321,10.715077166600713,2.079348851840201,6.857943925233645,1.7309823677581864,0.0,0.0,0.0,0.0,0.6744277766039862,0.1949941792782305,0.0275640761920434,0.5342902711323764,0.010614226354548,47.6279727291709,0.0178611874908284,0.0428744483862594,-68.62353228962817,1372500000.0,-4263200000.0,-6241900000.0,12690600000.0,1509000000.0,454750000.0,188900000.0,56.1949232731312,24.88621485129995,10.639067273520793,1.6015681623509257,3.616459977452086,8.459388185654008,0.037304724261246,0.6555772994129159,2016-07-27,2.3,bmo,2420177489.0,2025-04-22,2016-06-30,0.0043478260869566,107.6153125,1099982.0625
2016-03-31,LH,USD,920148,2016-05-06,2016-05-06 14:28:31,2016,Q1,2368000000.0,1590700000.0,777300000.0,0.3282516892,0,0.0,0.0,411900000.0,6700000.0,456200000.0,2046900000.0,0.0,54500000.0,122400000.0,451200000.0,0.1905405405,301900000.0,0.1274915541,-45900000.0,256000000.0,0.1081081081,95500000.0,160200000.0,0.067652027,1.58,1.55,101600000,103600000,https://www.sec.gov/Archives/edgar/data/920148/000092014816000193/0000920148-16-000193-index.htm,https://www.sec.gov/Archives/edgar/data/920148/000092014816000193/lh201610-qq1.htm,23.30708661417323,1.5767716535433072,1.2106299212598426,0.5078740157480315,6.853346456692913,50.85334645669291,-44.226377952755904,50.85334645669291,63.47834645669291,10222992000.0,15921592000.0,15.953483146067416,4.317141891891892,83.11375609756098,198.12,1.9786308475429195,1.9786308475429195,6.723645270270271,35.287216312056735,129.44383739837397,308.55798449612405,0.015670559069204,0.0050474459923278,1.237714595389707,0.44385602043366,12.629875886524824,1.6709685274243624,5.539449541284403,0.7677902621722846,0.0,0.0,0.0,0.0,0.670486409950304,0.5804878048780487,0.030152027027027,0.5833333333333334,0.013429054054054,42.47519972367915,0.0143497227839776,0.0337440758293838,-72.09916338582677,1102200000.0,-4493400000.0,-6496000000.0,12534000000.0,1437400000.0,481700000.0,189600000.0,57.02153716216216,26.365750927264727,10.6481423272773,1.5783509964673732,3.413519313304721,8.452178533475026,0.0310062515725705,0.702755905511811,2016-04-25,1.96,bmo,2297663366.0,2025-04-22,2016-03-31,0.0306122448979592,95.8744262295082,1210935.213114754
2015-12-31,LH,USD,920148,2016-02-29,2016-02-29 08:35:48,2015,Q4,2300500000.0,1559800000.0,740700000.0,0.321973484,0,0.0,0.0,404900000.0,-3500000.0,443200000.0,2003000000.0,0.0,56800000.0,113300000.0,356200000.0,0.1548359052,243500000.0,0.1058465551,-58400000.0,186200000.0,0.0809389263,71700000.0,114200000.0,0.0496413823,1.13,1.11,101300000,103200000,https://www.sec.gov/Archives/edgar/data/920148/000092014816000162/0000920148-16-000162-index.htm,https://www.sec.gov/Archives/edgar/data/920148/000092014816000162/lh10-k2015.htm,22.709772951628825,1.127344521224087,3.796643632773939,2.956564659427443,7.072063178677197,49.46001974333662,-45.46298124383021,49.46001974333662,63.90720631786772,10760086000.0,16460686000.0,23.55535464098073,4.677281460552054,27.977342693707747,35.926831385642735,2.1475931580943257,2.1475931580943257,7.155264507715714,46.21192026951151,42.7994955798232,54.96055425709516,0.0106132980721529,0.0278343500228529,1.2807616310400576,0.4491747280592459,16.00393037619315,1.5650896267998824,4.286971830985915,3.358951965065502,0.0,0.0,0.0,0.0,0.673076115412076,0.2212688507540301,0.0369919582699413,0.7511032656663724,0.0106063899152358,35.419851090016294,0.0115105007043758,0.0244513435392356,-73.37734452122409,961500000.0,-4605400000.0,-6612900000.0,12324600000.0,1385750000.0,471200000.0,186300000.0,53.77309280591176,28.699833311963072,11.020643672265674,1.673699527100764,3.1359067149175712,8.166492146596859,0.0227930463245713,0.8400789733464955,2016-02-18,1.99,bmo,2312118686.0,2025-04-22,2015-12-31,-0.0050251256281407,103.1603125,1153657.875
2015-09-30,LH,USD,920148,2015-10-30,2015-10-30 13:45:36,2015,Q3,2317300000.0,1554400000.0,762900000.0,0.3292193501,0,0.0,0.0,382500000.0,-3200000.0,429600000.0,1984000000.0,0.0,55800000.0,121400000.0,458900000.0,0.1980321926,306900000.0,0.1324386139,-56600000.0,250400000.0,0.1080567902,97300000.0,152800000.0,0.0659388081,1.51,1.49,101100000,102900000,https://www.sec.gov/Archives/edgar/data/920148/000092014815000133/0000920148-15-000133-index.htm,https://www.sec.gov/Archives/edgar/data/920148/000092014815000133/lh201510-qq3.htm,22.920870425321464,1.5113748763600396,2.8486646884273,2.178041543026706,7.05242334322453,48.60039564787339,-46.64787339268051,48.60039564787339,66.63699307616221,9420498000.0,15388698000.0,15.413118455497385,4.0652906399689295,32.7100625,42.78155313351499,1.917268342322174,1.917268342322174,6.640787986018211,33.53388101983003,53.43297916666667,69.88509536784741,0.0162199493062893,0.0233745604531734,1.3597639157423425,0.4632548206596729,13.005447809980389,1.4677401865105184,5.5,1.8811234487263224,0.0,0.0,0.0,0.0,0.6676882328061405,0.2354166666666666,0.0292581884089241,0.5584843492586491,0.0102274198420575,40.653436283732,0.0141591331116941,0.0318818202683247,-75.73936696340257,862700000.0,-4716100000.0,-6801700000.0,12299100000.0,1380950000.0,441900000.0,181800000.0,54.25710956716869,25.76556870818322,10.51466803911477,1.6587687902648534,3.4930337078651688,8.559471365638766,0.031097995319019,0.6706231454005934,2015-10-26,2.07,bmo,2306105314.0,2025-04-22,2015-09-30,0.0,103.44234375,1236810.1875
2015-06-30,LH,USD,920148,2015-07-30,2015-07-30 15:53:03,2015,Q2,2269100000.0,1494500000.0,774600000.0,0.3413688246,0,0.0,0.0,392400000.0,-2300000.0,439000000.0,1933500000.0,0.0,57900000.0,119200000.0,463700000.0,0.2043541492,321300000.0,0.1415979904,-57000000.0,264300000.0,0.1164778987,95600000.0,168400000.0,0.0742144463,1.67,1.64,100700000,102500000,https://www.sec.gov/Archives/edgar/data/920148/000092014815000097/0000920148-15-000097-index.htm,https://www.sec.gov/Archives/edgar/data/920148/000092014815000097/lh201510-qq2.htm,22.53326713008937,1.6722939424031775,3.9394240317775577,3.253227408142999,6.146971201588878,47.36544190665342,-49.768619662363456,47.36544190665342,67.97616683217478,10486898000.0,16655198000.0,15.568435273159144,4.621611211493543,26.43533652634232,32.01128815628816,2.19864939094702,2.19864939094702,7.340001762813451,35.91804615052836,41.98436601966221,50.840042735042736,0.0160581327290491,0.0312389802971288,1.423003543199782,0.4692157730276802,13.302350657752855,1.4184630574296528,5.549222797927461,2.3515115589804387,0.0,0.0,0.0,0.0,0.676202195614302,0.1741870431056214,0.0304526023533559,0.5796979865771812,0.0122074831430963,42.216124710166,0.0154009792481181,0.0359537127973013,-79.06479642502482,762900000.0,-5011700000.0,-7109500000.0,12376100000.0,1358100000.0,429800000.0,184250000.0,54.13644176105064,26.4248912679826,10.960187353629976,1.66246611473368,3.40587967183227,8.211538461538462,0.0353062037444703,0.6861966236345581,2015-07-28,2.03,bmo,2203958373.0,2025-04-22,2015-06-30,0.0295566502463054,104.08730158730158,1281492.380952381
2015-03-31,LH,USD,920148,2015-05-04,2015-05-04 15:49:45,2015,Q1,1793200000.0,1197200000.0,596000000.0,0.3323667187,0,0.0,0.0,415100000.0,1100000.0,446500000.0,1643700000.0,0.0,104300000.0,104700000.0,373700000.0,0.2083983939,130200000.0,0.0726076288,-99900000.0,30300000.0,0.0168971671,29300000.0,700000.0,0.0003903636,0.01,0.01,91900000,93800000,https://www.sec.gov/Archives/edgar/data/920148/000092014815000057/0000920148-15-000057-index.htm,https://www.sec.gov/Archives/edgar/data/920148/000092014815000057/lh201510-qq1.htm,19.512513601741023,0.0076169749727965,-0.9455930359085964,-1.3133841131664854,4.857453754080522,49.15778019586507,-58.41022850924919,49.15778019586507,76.72034820457019,9954608000.0,16454508000.0,3555.2171428571423,5.551309391032791,-114.55245109321058,-82.47396851698426,2.203516911634496,2.203516911634496,9.176058443006916,44.03132994380519,-189.34991944764096,-136.32566694283346,7.031919288032237e-05,-0.0121250379723641,1.537608464671507,0.4908837787796984,17.393363660690394,1.6488457725534629,1.248322147651007,-86.9,0.0,0.0,0.0,0.0,0.6985922858394698,-0.3889528193325661,0.0188489850546509,0.3228271251193887,0.0146665179567254,2.9025429511168435,0.0003283433715114,0.0001641227638273,-87.92029379760609,916300000.0,-5367900000.0,-7304500000.0,12399000000.0,1083500000.0,351550000.0,163000000.0,67.82121347312068,31.633812228533245,14.02021383227531,1.3270184267002143,2.8450570342205324,6.419302949061662,0.0001549495307242,0.367791077257889,2015-04-27,1.65,bmo,1689546820.0,2025-04-22,2015-03-31,0.0484848484848485,102.8339344262295,1555439.049180328
2014-12-31,LH,USD,920148,2015-02-26,2015-02-26 17:25:15,2014,Q4,1512700000.0,966200000.0,546500000.0,0.3612745422,0,0.0,0.0,309700000.0,-3500000.0,325100000.0,1291300000.0,0.0,32100000.0,63500000.0,283100000.0,0.1871488068,219000000.0,0.1447742447,-31500000.0,187500000.0,0.123950552,67600000.0,119600000.0,0.0790639254,1.41,1.39,84600000,86300000,https://www.sec.gov/Archives/edgar/data/920148/000092014815000020/0000920148-15-000020-index.htm,https://www.sec.gov/Archives/edgar/data/920148/000092014815000020/lh10-k2014.htm,17.8806146572104,1.41371158392435,2.526004728132388,1.9787234042553192,6.855791962174941,33.339243498817964,-20.74113475177305,33.339243498817964,36.192671394799056,7841574000.0,10291374000.0,16.39125,5.183826270906327,36.69430978006551,46.84333333333333,2.780207055486616,2.780207055486616,6.803314603027699,36.352433768986224,48.15804398689752,61.47774193548387,0.0152520399603446,0.0213477549277734,1.0742067009395495,0.4149387822180832,8.653479335923702,1.7337908429785929,6.822429906542056,1.7823185988323602,0.0,0.0,0.0,0.0,0.6265852255608206,0.2166588675713617,0.0306075229721689,0.7291338582677165,0.0070073378726779,32.56488417766835,0.020987800857237,0.0438641531577789,-38.0588061465721,716400000.0,-1754700000.0,-2788600000.0,6078100000.0,828650000.0,284250000.0,139150000.0,48.53110332518015,26.295797971434485,12.994204098530323,1.854480814024764,3.422600070846617,6.926164874551971,0.0424038291083141,0.5472813238770685,2015-02-20,1.63,bmo,1494364242.0,2025-04-22,2014-12-31,0.0122699386503067,88.3234375,1487318.328125
2014-09-30,LH,USD,920148,2014-11-10,2014-11-10 11:18:40,2014,Q3,1551800000.0,980600000.0,571200000.0,0.3680886712,0,0.0,0.0,305700000.0,-500000.0,324000000.0,1304600000.0,0.0,25900000.0,58500000.0,315800000.0,0.2035056064,241400000.0,0.1555612837,-22400000.0,219000000.0,0.1411264338,81500000.0,137200000.0,0.0884134553,1.62,1.59,84900000,86500000,https://www.sec.gov/Archives/edgar/data/920148/000092014814000098/0000920148-14-000098-index.htm,https://www.sec.gov/Archives/edgar/data/920148/000092014814000098/lh201410-qq3.htm,18.277974087161365,1.6160188457008244,2.0683156654888104,1.4487632508833923,6.780918727915195,32.63604240282685,-21.02473498233216,32.63604240282685,35.81389870435807,7421109000.0,9860109000.0,13.522428935860058,4.78225866735404,42.26144077448747,60.33421951219512,2.678327197921178,2.678327197921178,6.353981827555097,31.222637745408488,56.150962414578586,80.16348780487805,0.0184878028337813,0.0165743421906348,1.0880251190991772,0.4168671699991703,7.72324255858138,2.253404539385848,9.32046332046332,1.277090909090909,0.0,0.0,0.0,0.0,0.6299676429104787,0.2995444191343963,0.0338961206341023,0.8991452991452992,0.007410748807836,34.447936663483006,0.0230326312899883,0.051270553064275,-37.51118963486454,938800000.0,-1785000000.0,-2773200000.0,6249300000.0,837100000.0,283400000.0,136650000.0,48.81041371310735,26.26759127065062,12.739139302467876,1.843868821292776,3.426275331935709,7.064841498559078,0.0495163851595207,0.6195524146054181,2014-10-28,1.75,bmo,1508694444.0,2025-04-22,2014-09-30,0.0285714285714286,90.346875,655827.765625
2014-06-30,LH,USD,920148,2014-07-29,2014-07-29 14:29:08,2014,Q2,1516400000.0,947800000.0,568600000.0,0.3749670272,0,0.0,0.0,297900000.0,7500000.0,319900000.0,1267700000.0,0.0,25800000.0,62800000.0,316200000.0,0.2085201794,246700000.0,0.1626879451,-14200000.0,232500000.0,0.1533236613,90800000.0,141300000.0,0.0931812187,1.67,1.64,84700000,86300000,https://www.sec.gov/Archives/edgar/data/920148/000092014814000074/0000920148-14-000074-index.htm,https://www.sec.gov/Archives/edgar/data/920148/000092014814000074/lh201410-qq2.htm,17.90318772136954,1.6682408500590318,2.448642266824085,1.8807556080283352,5.661157024793388,31.36245572609209,-23.12396694214876,31.36245572609209,35.81227863046045,7451059000.0,9979059000.0,13.18304847841472,4.913650092323925,35.92603182256509,46.773753923414944,2.8049461677458214,2.8049461677458214,6.580756396729095,31.55932637571157,48.11503857280617,62.64318267419962,0.018963747300887,0.0213795112882611,1.1321713597349796,0.4209355055424924,7.994939911448451,2.113795896328294,9.562015503875967,1.4636556104446012,0.0,0.0,0.0,0.0,0.645924308588064,0.2319189971070395,0.0317198628330255,0.7659235668789809,0.0078475336322869,34.310390853351976,0.023125748368309,0.0558542177247213,-39.16410861865408,825100000.0,-1958600000.0,-2922500000.0,6181300000.0,827300000.0,281250000.0,134650000.0,49.41572144552889,26.644861785186745,12.771681789407047,1.821282728801345,3.37776193870278,7.046840148698885,0.0531922903177232,0.5678866587957497,2014-07-18,1.77,bmo,1507880898.0,2025-04-22,2014-06-30,0.0056497175141242,86.61825396825397,1082257.126984127
2014-03-31,LH,USD,920148,2014-04-29,2014-04-29 13:52:56,2014,Q1,1430700000.0,913900000.0,516800000.0,0.3612217795,0,0.0,0.0,284900000.0,6900000.0,305900000.0,1219800000.0,0.0,25700000.0,21000000.0,271600000.0,0.1898371427,203300000.0,0.1420982736,-15600000.0,187700000.0,0.1311945202,74200000.0,113100000.0,0.0790522122,1.33,1.31,84800000,86600000,https://www.sec.gov/Archives/edgar/data/920148/000092014814000046/0000920148-14-000046-index.htm,https://www.sec.gov/Archives/edgar/data/920148/000092014814000046/lh201410-qq1.htm,16.871462264150942,1.3337264150943395,1.678066037735849,1.0117924528301887,3.996462264150943,29.496462264150946,-24.81367924528302,29.496462264150946,35.570754716981135,7154576000.0,9806376000.0,15.814712643678163,5.000752079401692,50.27811665495432,83.38666666666667,2.8603430216287533,2.8603430216287533,6.85425036695324,36.1059499263623,68.91339423752635,114.29342657342656,0.0158080646568014,0.0119923249120562,1.1956582577059929,0.4277072249871289,9.763622974963182,1.5404723991507432,7.910505836575876,1.2537444933920705,0.0,0.0,0.0,0.0,0.6586436702705795,0.3970484891075193,0.0394911581743202,0.9308072487644152,0.0081778150555672,29.751550289933785,0.0193775536303255,0.0473836356780761,-40.8997641509434,407300000.0,-2104200000.0,-3330200000.0,5745900000.0,803350000.0,293200000.0,135650000.0,51.70895365904802,27.76124302440092,13.27497538023854,1.7405109489051094,3.241929762327066,6.779673590504451,0.0452164874265382,0.6662735849056604,2014-04-28,1.58,bmo,1497023841.0,2025-04-22,2014-03-31,-0.0443037974683544,79.74196721311476,1310127.6721311477
2013-12-31,LH,USD,920148,2014-02-25,2014-02-25 15:27:12,2013,Q4,1437000000.0,910900000.0,526100000.0,0.3661099513,0,0.0,0.0,285700000.0,-1200000.0,307100000.0,1218000000.0,0.0,31400000.0,21400000.0,278200000.0,0.1935977731,215000000.0,0.1496172582,-20800000.0,194200000.0,0.1351426583,67500000.0,126300000.0,0.0878914405,1.47,1.43,85700000,88300000,https://www.sec.gov/Archives/edgar/data/920148/000092014814000021/0000920148-14-000021-index.htm,https://www.sec.gov/Archives/edgar/data/920148/000092014814000021/lh10-k2013.htm,16.76779463243874,1.473745624270712,2.901983663943991,2.2065344224037338,4.714119019836639,28.95215869311552,-24.662777129521587,28.95215869311552,35.206534422403735,6726593000.0,9308393000.0,13.31471298495645,4.680997216423104,27.04701648572577,35.5716181914331,2.711024101241335,2.711024101241335,6.47765692414753,33.45935657800144,37.42819863289103,49.22471179270227,0.0187762214838923,0.0281122999414413,1.2033693374173786,0.4296424203180085,9.280373831775702,1.6157401114584748,6.847133757961784,1.962904498816101,0.0,0.0,0.0,0.0,0.6611698683358515,0.2396461600321672,0.0414752957550452,0.9966555183946488,0.0058455114822546,30.984393437847555,0.0221767782099601,0.0536374060389858,-39.76108518086348,453000000.0,-2113600000.0,-3279600000.0,5755200000.0,798950000.0,283250000.0,131500000.0,49.14613778705637,30.085629597101764,13.486661543528378,1.831273097999235,2.991461412151067,6.6732600732600735,0.0509027889730775,0.6954492415402567,2014-02-07,1.66,bmo,1481627329.0,2025-04-22,2013-12-31,-0.0301204819277107,85.2875,1072122.359375
2013-09-30,LH,USD,920148,2013-10-28,2013-10-28 09:02:07,2013,Q3,1462200000.0,914600000.0,547600000.0,0.3745041718,0,0.0,0.0,279000000.0,4700000.0,299300000.0,1213900000.0,0.0,24700000.0,20300000.0,306200000.0,0.2094104774,244600000.0,0.1672821775,-14600000.0,230000000.0,0.1572972234,81300000.0,148300000.0,0.101422514,1.69,1.63,87800000,90900000,https://www.sec.gov/Archives/edgar/data/920148/000092014813000096/0000920148-13-000096-index.htm,https://www.sec.gov/Archives/edgar/data/920148/000092014813000096/lh201310-qq3.htm,16.65375854214123,1.6890660592255125,2.6674259681093395,2.074031890660592,1.9829157175398635,29.220956719817767,-23.083143507972665,28.982915717539864,30.621867881548976,7477926000.0,9967726000.0,12.606078894133514,5.114160853508412,31.929658411614003,41.06494233937397,2.9386277360789093,2.9386277360789093,6.816937491451238,32.55299150881777,42.56074295473954,54.73764964305327,0.0198317019986557,0.0243516718405611,1.046842456871144,0.3983878445271958,8.131286740692358,1.450631795474581,9.902834008097166,1.574983187626093,0.0,0.0,0.0,0.0,0.686781222426608,0.2224594363791631,0.0356312405963616,0.8998272884283247,0.0046505266037477,33.18834634035763,0.0258545274897906,0.0708078686019862,-37.2875854214123,306700000.0,-2026700000.0,-3133800000.0,5571600000.0,814450000.0,257700000.0,126450000.0,50.05334427574887,25.78176251913405,12.448064727749836,1.7980816527299557,3.4908396946564886,7.2300395256917,0.0582779895469014,0.5933940774487472,2013-10-18,1.8,bmo,1462200000.0,2025-04-22,2013-09-30,0.0,84.21453125,744216.28125
2013-06-30,LH,USD,920148,2013-07-30,2013-07-30 09:49:18,2013,Q2,1468200000.0,890900000.0,577300000.0,0.393202561,0,0.0,0.0,280900000.0,-800000.0,301400000.0,1192300000.0,0.0,23100000.0,20500000.0,300000000.0,0.2043318349,269300000.0,0.1834218771,-19300000.0,250000000.0,0.1702765291,97700000.0,151900000.0,0.1034600191,1.68,1.62,90500000,93700000,https://www.sec.gov/Archives/edgar/data/920148/000092014813000072/0000920148-13-000072-index.htm,https://www.sec.gov/Archives/edgar/data/920148/000092014813000072/lh201310-qq2.htm,16.223204419889502,1.678453038674033,1.5204419889502765,0.9812154696132596,1.2298342541436464,29.42983425414365,-21.320441988950275,29.19889502762431,27.98895027624309,7794765000.0,10193365000.0,12.8287771560237,5.30906211687781,56.64800145348837,87.77888513513514,2.9497691579943237,2.9497691579943237,6.9427632475139625,33.97788333333333,74.0796875,114.7901463963964,0.0194874380433534,0.0113922613446332,0.9498202459791864,0.3807551692228341,7.995333333333333,1.415051137230957,11.658008658008658,0.9028871391076116,0.0,0.0,0.0,0.0,0.696749040489085,0.3546511627906977,0.0332379784770467,0.8576449912126538,0.0073559460563955,33.206955851348425,0.0270869549424604,0.0759879939969985,-34.7207182320442,271900000.0,-1929500000.0,-3001500000.0,5511700000.0,804750000.0,250000000.0,125200000.0,50.00204331834899,25.5988326411494,12.769109888876418,1.7999264435454212,3.515785319652723,7.048259493670886,0.0574834437086092,0.5392265193370166,2013-07-19,1.8,bmo,1468200000.0,2025-04-22,2013-06-30,0.0,83.01640625,958786.53125
2013-03-31,LH,USD,920148,2013-05-01,2013-05-01 11:51:30,2013,Q1,1440900000.0,868700000.0,572200000.0,0.3971129155,0,0.0,0.0,283200000.0,-600000.0,302700000.0,1171400000.0,0.0,24500000.0,19500000.0,292700000.0,0.2031369283,262000000.0,0.1818308002,-20600000.0,241400000.0,0.16753418,93800000.0,147200000.0,0.1021583732,1.59,1.56,92800000,94500000,https://www.sec.gov/Archives/edgar/data/920148/000092014813000044/0000920148-13-000044-index.htm,https://www.sec.gov/Archives/edgar/data/920148/000092014813000044/lh201310-qq1.htm,15.526939655172416,1.5862068965517242,2.1357758620689653,1.6864224137931034,2.002155172413793,29.917025862068964,-18.99676724137931,29.691810344827587,25.29310344827586,7225408000.0,9362308000.0,12.27141304347826,5.014510375459782,36.45513622603431,46.16874121405751,2.622271902446106,2.622271902446106,6.497541814143938,31.98601981551076,47.23667003027245,59.82305431309904,0.0203725519721516,0.0216596765193052,0.8429629091964869,0.3535581094451632,7.30064912880082,1.3228899392302498,10.693877551020408,1.342818428184282,0.0,0.0,0.0,0.0,0.690950605068879,0.210393541876892,0.0289402456797834,0.7513513513513513,0.0078423207717398,32.552887316666784,0.0268024437580958,0.0725016007486578,-31.78933189655172,239100000.0,-1762900000.0,-2813600000.0,5412900000.0,756150000.0,241750000.0,122500000.0,49.58151155527795,25.54852077817428,12.846782548635892,1.8151927437641724,3.5227088402270885,7.005645161290323,0.0534223706176961,0.449353448275862,2013-04-19,1.76,bmo,1457462068.0,2025-04-22,2013-03-31,-0.0113636363636363,76.42116666666668,1028785.3833333332
2012-12-31,LH,USD,920148,2013-02-26,2013-02-26 13:25:55,2012,Q4,1405300000.0,867300000.0,538000000.0,0.382836405,0,0.0,0.0,278800000.0,-500000.0,302000000.0,1169300000.0,27300000.0,0.0,23200000.0,278500000.0,0.1981783249,215300000.0,0.1532057212,-23800000.0,191500000.0,0.1362698356,70900000.0,120200000.0,0.0855333381,1.29,1.26,93500000,95300000,https://www.sec.gov/Archives/edgar/data/920148/000092014813000022/0000920148-13-000022-index.htm,https://www.sec.gov/Archives/edgar/data/920148/000092014813000022/lh10-k2012.htm,15.02994652406417,1.2855614973262033,2.718716577540107,2.057754010695187,4.992513368983957,29.06310160427807,-19.807486631016044,28.83957219251337,28.39572192513369,6957335000.0,9145535000.0,14.470330698835271,4.950782751014018,27.369531864673483,36.16078482328482,2.5801353606526978,2.5801353606526978,6.507887995445812,32.83854578096948,35.97771439811172,47.5339656964657,0.0172767302422551,0.0276542670433434,0.9846096792137956,0.3898850169610996,7.857091561938959,1.1524550315994166,0.0,2.1077943615257047,0.0,0.0,0.0,0.0,0.6710134073454044,0.2431156569630212,0.0439763751512132,1.0404040404040404,0.0041983918024621,28.88232125758297,0.0216553388025785,0.0536535285452841,-32.36497326203209,156800000.0,-1852000000.0,-2907000000.0,5357000000.0,743700000.0,242150000.0,119950000.0,46.01508574681563,24.583189207886544,12.556208924247668,1.9558803061934589,3.661038412832419,7.167768595041323,0.0445763026145002,0.6609625668449198,2013-02-08,1.62,bmo,1396678527.0,2025-04-22,2012-12-31,0.0061728395061727,74.59354838709677,836173.0806451613
2012-09-30,LH,USD,920148,2012-10-30,2012-10-30 09:24:44,2012,Q3,1419400000.0,863300000.0,556100000.0,0.3917852614,0,0.0,0.0,285100000.0,21100000.0,306200000.0,1169500000.0,300000.0,24100000.0,21100000.0,276400000.0,0.1947301677,245100000.0,0.1726785966,-18200000.0,226900000.0,0.1598562773,78500000.0,148000000.0,0.1042694096,1.56,1.53,94900000,96800000,https://www.sec.gov/Archives/edgar/data/920148/000092014812000123/0000920148-12-000123-index.htm,https://www.sec.gov/Archives/edgar/data/920148/000092014812000123/lh10-qq3.htm,14.956796628029505,1.559536354056902,2.1475237091675448,1.6817702845100104,4.910432033719705,28.847207586933617,-19.096944151738672,28.626975763962065,28.284510010537407,7586306000.0,9780406000.0,12.81470608108108,5.344727349584331,37.22426889106968,47.53324561403509,2.792471012625612,2.792471012625612,6.890521347048049,35.384971056439944,47.99021589793916,61.28073934837093,0.0195088360527508,0.021037906986615,0.9791658998049104,0.3903702507961199,7.938133140376267,0.4642306680199992,10.1701244813278,1.3733153638814015,0.0,0.0,0.0,0.0,0.6676988098557446,0.2168792934249264,0.0311399182753276,0.7673611111111112,0.007820205720727,31.69397753104848,0.034553357956038,0.065359477124183,-31.34430979978925,-1425200000.0,-1812300000.0,-2841800000.0,3736900000.0,752300000.0,240950000.0,116450000.0,48.75369874594899,25.791729410401945,12.395459284142245,1.846013785927949,3.48949070331447,7.260723296888141,0.0544778591673721,0.4657534246575342,2012-10-18,1.74,bmo,1403270454.0,2025-04-22,2012-09-30,0.0114942528735632,76.75396825396825,942870.3968253968
2012-06-30,LH,USD,920148,2012-08-02,2012-08-02 14:02:02,2012,Q2,1423400000.0,843900000.0,579500000.0,0.4071237881,0,0.0,0.0,279500000.0,20600000.0,300100000.0,1144000000.0,200000.0,21300000.0,20600000.0,308200000.0,0.2165238162,276000000.0,0.193901925,-19800000.0,256200000.0,0.1799915695,102400000.0,153300000.0,0.1076998735,1.6,1.56,95800000,98000000,https://www.sec.gov/Archives/edgar/data/920148/000092014812000095/0000920148-12-000095-index.htm,https://www.sec.gov/Archives/edgar/data/920148/000092014812000095/lh10-qq2.htm,14.8580375782881,1.6002087682672237,1.944676409185804,1.5782881002087683,1.2985386221294364,27.68267223382046,-17.025052192066806,27.471816283924845,22.24321503131524,7621848000.0,9607048000.0,12.429628180039138,5.354677532668259,40.91169082125604,50.40904761904762,2.896058971046432,2.896058971046432,6.749366306027821,31.171473069435432,51.56762211486849,63.538677248677246,0.0201132323814382,0.0198377086501856,0.8015806672239532,0.3459324729842743,6.441271901362751,0.4077550246492226,12.95774647887324,1.2113133940182057,0.0,0.0,0.0,0.0,0.7023268779823886,0.1884057971014492,0.0246592665448925,0.6256684491978609,0.0083602641562456,31.450189652840947,0.04018485670243,0.0844488514295157,-28.32072025052192,-1249400000.0,-1631000000.0,-2586100000.0,3609800000.0,743700000.0,230100000.0,110500000.0,46.51749332583954,25.00888730892286,12.157838606469962,1.9347560146798968,3.598720682302772,7.402631578947369,0.0582491070750057,0.3663883089770355,2012-07-19,1.77,bmo,1423400000.0,2025-04-22,2012-06-30,0.0,75.21111111111111,945152.507936508
2012-03-31,LH,USD,920148,2012-04-27,2012-04-27 11:40:37,2012,Q1,1423300000.0,847200000.0,576100000.0,0.4047635776,0,0.0,0.0,271200000.0,21400000.0,292600000.0,1139800000.0,200000.0,21500000.0,21400000.0,309400000.0,0.2173821401,287100000.0,0.2017143259,-17500000.0,269600000.0,0.1894189559,107600000.0,161600000.0,0.1135389588,1.66,1.63,97100000,99100000,https://www.sec.gov/Archives/edgar/data/920148/000092014812000057/0000920148-12-000057-index.htm,https://www.sec.gov/Archives/edgar/data/920148/000092014812000057/lh10-qq1.htm,14.658084449021628,1.6642636457260556,2.029866117404737,1.66735324407827,1.337796086508754,26.963954685890837,-17.288362512873327,26.751802265705457,22.06900102986612,7635944000.0,9627444000.0,11.813032178217822,5.364957493149722,38.74147133434805,47.16457072266832,2.9396150292577765,2.9396150292577765,6.764170589475163,31.116496444731737,48.8454794520548,59.465373687461394,0.0211630677228643,0.0212023555961122,0.816676932553126,0.346034645874792,6.436651583710408,0.4155746205336099,13.353488372093024,1.2166666666666666,0.0,0.0,0.0,0.0,0.700893876618928,0.1785895484525621,0.0247312583432867,0.6208112874779541,0.0082905922855336,31.65037392023156,0.0416181556101068,0.0881278289796586,-28.47811534500515,-1239800000.0,-1678700000.0,-2630800000.0,3634300000.0,725750000.0,241750000.0,108900000.0,47.53249490620389,23.97662889518413,11.36685552407932,1.8934415325262737,3.753655294638901,7.917757009345794,0.0622112719433323,0.3625128733264675,2012-04-19,1.67,bmo,1366040804.0,2025-04-22,2012-03-31,0.0419161676646707,76.9616129032258,955007.6129032258
2011-12-31,LH,USD,920148,2012-02-24,2012-02-23 19:22:58,2011,Q4,1366100000.0,816500000.0,549600000.0,0.4023131542,0,0.0,0.0,270300000.0,21200000.0,291500000.0,1108000000.0,0.0,22200000.0,57800000.0,305000000.0,0.2232633043,247500000.0,0.1811726814,-22500000.0,225000000.0,0.1647024376,86800000.0,135400000.0,0.0991142669,1.39,1.39,97100000,97100000,https://www.sec.gov/Archives/edgar/data/920148/000092014812000039/0000920148-12-000039-index.htm,https://www.sec.gov/Archives/edgar/data/920148/000092014812000039/lh10k2.htm,14.069001029866117,1.3944387229660145,2.869207003089598,2.559217301750772,1.6405767250257466,25.99073120494336,-18.31925849639547,25.7826982492276,23.10195674562307,7170834999.999999,9232535000.0,13.240094165435744,5.249128907107824,25.738819095477385,28.856478873239432,2.864323946474935,2.864323946474935,6.758315643071517,30.27060655737705,33.13903445800431,37.1530583501006,0.0188820409338661,0.0346542627183584,0.8871579788296385,0.3619267998565981,6.759672131147541,1.3604213694507148,11.14864864864865,2.015918958031838,0.0,0.0,0.0,0.0,0.7011211420004563,0.1080402010050251,0.0220335260961862,0.5207612456747405,0.0085645267549959,28.44167432621712,0.0277677315651999,0.0738236737364374,-29.591658084449023,287400000.0,-1778800000.0,-2528100000.0,5168200000.0,709250000.0,240350000.0,107300000.0,46.10350633189371,28.416411512553584,12.21310471524801,1.9521291797656477,3.1671838634600467,7.36913357400722,0.0540842820051927,0.309989701338826,2012-02-10,1.53,bmo,1339828846.0,2025-04-22,2011-12-31,0.0196078431372549,70.9284126984127,1041025.6349206348
2011-09-30,LH,USD,920148,2011-10-31,2011-10-31 17:13:01,2011,Q3,1404500000.0,836000000.0,568500000.0,0.4047703809,0,0.0,0.0,283800000.0,21200000.0,305000000.0,1141000000.0,200000.0,20300000.0,21200000.0,298100000.0,0.212246351,239400000.0,0.1704521182,-19300000.0,220100000.0,0.1567105732,82500000.0,134300000.0,0.0956212175,1.35,1.31,99700000,102200000,https://www.sec.gov/Archives/edgar/data/920148/000092014811000095/0000920148-11-000095-index.htm,https://www.sec.gov/Archives/edgar/data/920148/000092014811000095/labcorp10q.htm,14.087261785356068,1.3470411233701105,1.773319959879639,1.3681043129388164,0.8605817452357071,27.117352056168507,-15.351053159478436,25.509528585757277,20.099297893681044,6770627000.0,8668427000.0,12.603549888309754,4.820667141331435,38.2954015837104,49.63802785923754,2.662142492037903,2.662142492037903,6.171895336418654,29.078923180140897,49.02956447963801,63.55151759530792,0.01983568139258,0.0201458446906025,0.7799315849486887,0.327694442608868,6.366320026836632,0.2401779316933365,11.79310344827586,1.2848837209302326,0.0,0.0,0.0,0.0,0.699481266107183,0.2285067873303167,0.0287646849412602,0.7001733102253033,0.0083303666785332,27.80564045230768,0.0512922952390607,0.0738277170029135,-26.809177532597797,-2545100000.0,-1530500000.0,-2545100000.0,2266400000.0,716750000.0,217700000.0,105300000.0,46.05411178355286,23.996411483253592,11.17464114832536,1.95422290246278,3.750560789591745,8.053949903660886,0.0528054102937128,0.4052156469408224,2011-10-20,1.6,bmo,1395776397.0,2025-04-22,2011-09-30,0.00625,74.2328125,1152483.515625
2011-06-30,LH,USD,920148,2011-08-02,2011-08-02 16:36:27,2011,Q2,1403300000.0,815100000.0,588200000.0,0.4191548493,0,0.0,0.0,322700000.0,21500000.0,344200000.0,1159300000.0,200000.0,21000000.0,21500000.0,286100000.0,0.2038765766,225700000.0,0.1608351742,-18400000.0,207300000.0,0.1477232238,80600000.0,122900000.0,0.0875792774,1.2,1.2,102800000,102800000,https://www.sec.gov/Archives/edgar/data/920148/000092014811000071/0000920148-11-000071-index.htm,https://www.sec.gov/Archives/edgar/data/920148/000092014811000071/labcorp10q.htm,13.650778210116732,1.1955252918287935,1.79863813229572,1.353112840466926,1.156614785992218,26.795719844357976,-15.230544747081712,25.09533073929961,19.691634241245136,8547820000.000001,10432220000.0,17.387754271765665,6.091227820138246,46.22942130881558,61.45089863407621,3.3133653771610203,3.3133653771610203,7.434062566806812,36.46354421530933,56.42087614926987,74.9979870596693,0.014377934958855,0.0162731550266617,0.7765330645786495,0.3247734383865895,6.58650821391122,0.2442218121100272,10.747619047619049,1.4593528018942383,0.0,0.0,0.0,0.0,0.7004036768639658,0.2477014602487831,0.0326373548065274,0.7923875432525952,0.0088363144017672,25.981672552530725,0.0464511310172605,0.066504329004329,-26.31614785992218,-2580000000.0,-1565700000.0,-2580000000.0,2326700000.0,716050000.0,213950000.0,102400000.0,45.84336920116868,23.46337872653662,11.792418108207585,1.963206491326245,3.8357647058823527,7.632022471910112,0.0476393518877432,0.4455252918287938,2011-07-21,1.63,bmo,1394743292.0,2025-04-22,2011-06-30,0.0061349693251533,83.06444444444445,913110.380952381
2011-03-31,LH,USD,920148,2011-05-04,2011-05-04 15:49:50,2011,Q1,1368400000.0,800000000.0,568400000.0,0.4153756212,0,0.0,0.0,282800000.0,21900000.0,304700000.0,1104700000.0,300000.0,24000000.0,21900000.0,295800000.0,0.2161648641,235800000.0,0.1723180357,-22100000.0,213700000.0,0.1561677872,83100000.0,127100000.0,0.0928821982,1.27,1.23,100200000,103200000,https://www.sec.gov/Archives/edgar/data/920148/000092014811000043/0000920148-11-000043-index.htm,https://www.sec.gov/Archives/edgar/data/920148/000092014811000043/labcorp10q.htm,13.656686626746508,1.2684630738522955,2.1487025948103797,1.8552894211576847,1.9500998003992016,25.687624750499,-17.12375249500998,23.956087824351297,22.23453093812375,7930830000.000001,9939330000.0,15.59958693941778,5.795695703010816,36.8361820715281,42.66180742334589,3.3039618396933847,3.3039618396933847,7.263468284127448,33.60152129817444,46.16502554575012,53.46600322754169,0.0160260653676853,0.0234401695661109,0.9181386435594068,0.355376031991744,6.790060851926977,0.4141294977086074,9.825,1.6485451761102603,0.0,0.0,0.0,0.0,0.6917085913312694,0.1365536460752438,0.0214849459222449,0.5060240963855421,0.0095732242034492,26.14797865956228,0.0327923836816269,0.0664783722998064,-28.39645708582834,-1291200000.0,-1715800000.0,-2715000000.0,3578000000.0,686450000.0,236600000.0,100700000.0,47.17699503069278,24.2325,11.025,1.9077094660532552,3.714020427112349,8.16326530612245,0.0529495084152641,0.2934131736526946,2011-04-21,1.46,bmo,1314384210.0,2025-04-22,2011-03-31,0.0410958904109589,77.03887096774193,1104005.1129032257
2010-12-31,LH,USD,920148,2011-03-01,2011-03-01 17:11:32,2010,Q4,1295400000.0,765800000.0,529600000.0,0.408831249,0,0.0,0.0,272400000.0,19600000.0,292000000.0,1057800000.0,300000.0,19300000.0,52900000.0,288100000.0,0.2224023468,238800000.0,0.184344604,-22900000.0,215900000.0,0.1666666667,80800000.0,131800000.0,0.1017446349,1.32,1.32,100200000,100200000,https://www.sec.gov/Archives/edgar/data/920148/000092014811000021/0000920148-11-000021-index.htm,https://www.sec.gov/Archives/edgar/data/920148/000092014811000021/labcorp10k.htm,12.928143712574853,1.3153692614770458,2.586826347305389,2.259481037924152,2.302395209580838,24.81936127744511,-17.84930139720559,24.61377245508982,22.03293413173653,7568106000.0,9525806000.0,14.355284522003036,5.842292728114868,29.197939814814816,33.42803003533569,3.0686072253983703,3.0686072253983703,7.3535633781071486,33.06423464074974,36.75079475308642,42.0751148409894,0.017415189480697,0.029915014403868,0.887321088269878,0.3536636607518019,6.795209996528983,1.0207942882641678,12.373056994818652,1.918578830495929,0.0011231343747035,0.0644916540212443,0.0,0.0,0.6909402372410226,0.1265432098765432,0.0253203643662189,0.6200378071833649,0.008105604446503,26.990081385007898,0.0275243573381624,0.068918636268563,-29.209580838323355,23300000.0,-1788500000.0,-2557100000.0,4885600000.0,643300000.0,217450000.0,95800000.0,45.54886521537749,30.297727866283623,12.151997910681642,1.9758999389871872,2.970519782777347,7.406189555125725,0.0534403762721485,0.3273453093812375,2011-02-10,1.31,bmo,1266398507.0,2025-04-22,2010-12-31,0.0229007633587786,70.98484375,1066306.765625
2010-09-30,LH,USD,920148,2010-11-01,2010-11-01 17:00:02,2010,Q3,1276500000.0,748800000.0,527700000.0,0.4133960047,0,0.0,0.0,270500000.0,18000000.0,288500000.0,1037300000.0,300000.0,21600000.0,18000000.0,261700000.0,0.2050137094,235300000.0,0.1843321582,-18700000.0,216600000.0,0.1696827262,73500000.0,140000000.0,0.1096748923,1.38,1.38,101700000,104100000,https://www.sec.gov/Archives/edgar/data/920148/000092014810000098/0000920148-10-000098-index.htm,https://www.sec.gov/Archives/edgar/data/920148/000092014810000098/labcorp10q.htm,12.551622418879056,1.376597836774828,1.7325467059980335,1.3952802359882006,0.952802359882006,23.931170108161258,-9.666666666666666,22.32251720747296,13.438544739429696,6852546000.0,8100746000.0,12.236689285714284,5.368230317273795,38.890726447219066,48.29137420718816,3.018476786186239,3.018476786186239,6.346060321190756,30.95432174245319,45.97472190692395,57.0877096546864,0.0204303626710422,0.0207076318787206,0.5925028631838605,0.2664830810682304,4.76958349254872,2.496227709190672,10.89351851851852,1.23130677847659,0.0003940141372272,0.0192857142857142,0.0,0.0,0.6769355733417862,0.1946651532349602,0.026870348609479,0.6778656126482213,0.0079122600861731,26.294588801338257,0.0300023993771884,0.0858527012939228,-19.66125860373648,436300000.0,-983100000.0,-1885900000.0,4357800000.0,624300000.0,186250000.0,87250000.0,44.488836662749705,21.286057692307693,10.600961538461538,2.0229793977812998,4.228119706380576,8.489795918367347,0.0616685754559069,0.3372664700098328,2010-10-21,1.4,bmo,1215714285.0,2025-04-22,2010-09-30,0.05,64.6484375,1332452.921875
2010-06-30,LH,USD,920148,2010-07-27,2010-07-27 13:15:41,2010,Q2,1238400000.0,704800000.0,533600000.0,0.430878553,0,0.0,0.0,245400000.0,17700000.0,263100000.0,967900000.0,200000.0,14500000.0,17700000.0,293000000.0,0.2365956072,270500000.0,0.2184270026,-10500000.0,260000000.0,0.2099483204,102800000.0,153700000.0,0.1241117571,1.49,1.46,104600000,105400000,https://www.sec.gov/Archives/edgar/data/920148/000092014810000065/0000920148-10-000065-index.htm,https://www.sec.gov/Archives/edgar/data/920148/000092014810000065/labcorp10q.htm,11.839388145315487,1.4694072657743786,2.0669216061185467,1.7332695984703632,0.9923518164435946,22.630975143403443,-9.608986615678775,21.11854684512428,12.777246653919692,6770758000.0,7988958000.0,11.012944046844504,5.46734334625323,31.317104532839966,37.345603971318255,3.065078315980082,3.065078315980082,6.451031976744186,27.266068259385666,36.95170212765957,44.06485383342526,0.0227005602622335,0.0267769133086723,0.5984608420099593,0.2666182639561149,4.157679180887372,2.4798899965623926,18.655172413793103,1.3753180661577609,0.0004430818528737,0.0195185426154847,0.0,0.0,0.6801185866408519,0.1614246068455134,0.0281815245478036,0.6966067864271457,0.0086401808785529,26.42374479475798,0.0323800632636681,0.0969043565979446,-18.939292543021036,430500000.0,-1005100000.0,-1869800000.0,4301900000.0,615950000.0,182350000.0,84400000.0,44.88372093023256,24.951759364358683,11.020147559591374,2.005181347150259,3.606960081883316,8.16685979142526,0.0695789950203712,0.3336520076481835,2010-07-22,1.42,bmo,1204471232.0,2025-04-22,2010-06-30,0.028169014084507,66.50777777777778,1448126.015873016
2010-03-31,LH,USD,920148,2010-04-28,2010-04-28 16:43:23,2010,Q1,1193600000.0,686700000.0,506900000.0,0.4246816354,0,0.0,0.0,246000000.0,17400000.0,263400000.0,950100000.0,300000.0,14600000.0,17400000.0,265000000.0,0.2220174263,234200000.0,0.1962131367,-11100000.0,223100000.0,0.1869135389,86900000.0,132700000.0,0.1111762735,1.27,1.27,104200000,106500000,https://www.sec.gov/Archives/edgar/data/920148/000092014810000040/0000920148-10-000040-index.htm,https://www.sec.gov/Archives/edgar/data/920148/000092014810000040/labcorp10q.htm,11.45489443378119,1.2735124760076777,2.2264875239923225,1.9913627639155471,1.6525911708253358,22.30518234165067,-9.299424184261037,20.879078694817657,12.87907869481766,6777168000.000001,7932368000.000001,12.767837226827432,5.677922252010725,29.21193103448276,32.661050602409645,3.115079977937121,3.115079977937121,6.645750670241288,29.9334641509434,34.19124137931035,38.22827951807229,0.0195804501231192,0.0306175086702882,0.6101305387019673,0.2690203072433221,4.359245283018868,0.3013409961685824,16.041095890410958,1.7033773861967694,0.0004131519242255,0.0211002260738507,0.0,0.0,0.6674232905030197,0.105603448275862,0.0205261394101876,0.49,0.007288873994638,24.45955359611901,0.0530682292066817,0.080865326020719,-18.577975047984644,-1823500000.0,-969000000.0,-1823500000.0,1958100000.0,594250000.0,176200000.0,86250000.0,46.31953753351206,22.18872870249017,10.812581913499344,1.9430245808237017,4.0561134081512105,8.323636363636364,0.0609946681375252,0.2351247600767754,2010-04-21,1.31,bmo,1202781538.0,2025-04-22,2010-03-31,-0.0076335877862595,63.27540983606558,1283119.2950819673
2009-12-31,LH,USD,920148,2010-02-24,2010-02-24 15:21:17,2009,Q4,1165100000.0,689100000.0,476000000.0,0.4085486224,0,0.0,0.0,240500000.0,16400000.0,256900000.0,946000000.0,500000.0,14700000.0,49800000.0,267700000.0,0.2297656853,215800000.0,0.1852201528,-12600000.0,203200000.0,0.1744056304,57400000.0,142700000.0,0.1224787572,1.32,1.32,105600000,108200000,https://www.sec.gov/Archives/edgar/data/920148/000092014810000021/0000920148-10-000021-index.htm,https://www.sec.gov/Archives/edgar/data/920148/000092014810000021/labcorp10k.htm,11.03314393939394,1.3513257575757576,2.127840909090909,1.771780303030303,1.40625,19.94412878787879,-10.731060606060606,19.94412878787879,13.34375,6789024000.000001,8034924000.000001,11.89387526278907,5.826988241352675,30.213724966622166,36.285537145911285,3.223505056739946,3.223505056739946,6.896338511715733,30.01465819947703,35.75845126835782,42.94454302512026,0.0210192216141819,0.0275591896567164,0.6620768244622762,0.2882301872752077,4.654090399701159,0.9186959937156324,14.680272108843536,1.5411522633744856,0.0002945931550691,0.0140154169586545,0.0,0.0,0.6695812146016784,0.1673342234089897,0.0322719079907304,0.7550200803212851,0.0088404428804394,24.625146420438757,0.0365483519877958,0.0892711917422583,-19.957859848484848,-82800000.0,-1133200000.0,-1796100000.0,3657300000.0,605550000.0,178850000.0,85800000.0,44.354990987898034,23.91380060949064,11.75446234218546,2.029083942877046,3.7635172037138176,7.656666666666666,0.067755567162053,0.3560606060606061,2010-02-11,1.15,bmo,1155056034.0,2025-04-22,2009-12-31,0.008695652173913,61.72875,999133.03125
2009-09-30,LH,USD,920148,2009-10-29,2009-10-29 16:24:08,2009,Q3,1185100000.0,687000000.0,498100000.0,0.4203020842,0,0.0,0.0,247300000.0,15900000.0,263200000.0,950200000.0,300000.0,15000000.0,15900000.0,255300000.0,0.2154248587,234900000.0,0.1982111214,-11800000.0,223100000.0,0.1882541558,88500000.0,131400000.0,0.1108767193,1.23,1.21,108200000,108800000,https://www.sec.gov/Archives/edgar/data/920148/000092014809000075/0000920148-09-000075-index.htm,https://www.sec.gov/Archives/edgar/data/920148/000092014809000075/labcorp10q.htm,10.95286506469501,1.2144177449168208,2.277264325323475,2.067467652495379,1.1719038817005545,20.048059149722736,-9.499075785582257,18.75046210720887,13.082255083179298,6106808000.0,7380508000.0,11.618736681887366,5.152989621129018,24.784123376623377,27.2990970049173,3.0100591482649843,3.0100591482649843,6.227751244620707,28.90915785350568,29.95336038961039,32.99288332588288,0.0215169692579167,0.0366312482724199,0.6903095425867508,0.2899525889733131,4.989032510771641,1.6221374045801529,15.66,1.8306092124814264,0.0,0.0,0.0,0.0,0.6618910581561458,0.0921266233766233,0.0191545017298118,0.4585858585858586,0.0078474390346806,22.63504170393022,0.0325918495502546,0.0804604739452574,-18.62869685767098,374900000.0,-1027800000.0,-1683400000.0,4065400000.0,646100000.0,167600000.0,76400000.0,48.36807020504599,22.87336244541485,10.68995633187773,1.8607316690218243,3.934707903780069,8.419117647058824,0.0647673501577287,0.2097966728280961,2009-10-22,1.15,bmo,1117102459.0,2025-04-22,2009-09-30,0.0608695652173913,58.21171875,1697347.15625
2009-06-30,LH,USD,920148,2009-08-28,2009-08-28 12:36:53,2009,Q2,1188800000.0,681400000.0,507400000.0,0.4268169583,0,0.0,0.0,237300000.0,15200000.0,252500000.0,933900000.0,400000.0,16200000.0,15200000.0,274400000.0,0.230820996,244700000.0,0.2058378197,-12600000.0,232100000.0,0.1952388964,92700000.0,139400000.0,0.1172611036,1.3,1.3,109500000,109500000,https://www.sec.gov/Archives/edgar/data/920148/000092014809000065/0000920148-09-000065-index.htm,https://www.sec.gov/Archives/edgar/data/920148/000092014809000065/form10q-a.htm,10.85662100456621,1.2730593607305936,1.6657534246575345,1.4493150684931506,2.069406392694064,19.528767123287672,-7.971689497716895,18.34977168949772,13.040182648401826,6377280000.0,7562380000.0,11.437015781922526,5.364468371467026,34.963157894736845,40.184499054820414,3.17388145125168,3.17388145125168,6.36135598923284,27.55969387755102,41.46041666666667,47.65204788909893,0.0218588489136434,0.0248852175222038,0.7025829891006818,0.2995204956292964,4.3188775510204085,1.906052393857272,15.104938271604938,1.3084648493543758,0.0,0.0,0.0,0.0,0.6389077484511585,0.1299342105263158,0.019936069986541,0.488659793814433,0.0080753701211305,22.926138878431907,0.0343342133331011,0.0819084552558904,-16.631278538812786,501500000.0,-872900000.0,-1519800000.0,4009600000.0,662150000.0,165450000.0,74500000.0,49.610531628532975,21.21221015556208,9.40416788963898,1.814130932397375,4.242839352428393,9.570224719101123,0.0693773951127258,0.2164383561643835,2009-07-23,1.27,bmo,1161366153.0,2025-04-22,2009-06-30,0.0236220472440945,53.72571428571428,1649628.507936508
2009-03-31,LH,USD,920148,2009-03-31,2009-03-30 20:00:00,2009,Q1,1155700000.0,666300000.0,489400000.0,0.4234662975,0,0.0,0.0,233800000.0,15100000.0,248900000.0,915200000.0,400000.0,17000000.0,47300000.0,290500000.0,0.2513628104,240500000.0,0.2080989876,-14300000.0,226200000.0,0.1957255343,90400000.0,132800000.0,0.1149087133,1.23,1.22,108100000,108800000,,,10.691026827012026,1.2284921369102684,1.932469935245143,1.648473635522664,3.452358926919519,17.91859389454209,-9.607770582793709,16.817761332099906,15.98982423681776,5432025000.0,6770325000.0,10.225950677710845,4.70020333996712,26.00299186213499,30.482744107744107,2.9879125412541256,2.9879125412541256,5.858202820801246,23.30576592082616,32.409406414552414,37.99284511784512,0.0244476047146322,0.032805445483038,0.9414191419141914,0.3545239870743226,4.606884681583477,2.030272620839605,14.147058823529411,1.5382916053019149,0.0003681868179914,0.0150602409638554,0.0,0.0,0.6163725246499295,0.1469602680708473,0.0265639871939084,0.6490486257928119,0.0062299904819589,21.56063473162749,0.0331881525046004,0.07170626349892,-18.28630897317299,616000000.0,-1038600000.0,-1676700000.0,4094000000.0,650300000.0,165000000.0,84400000.0,52.09829540538202,23.0031517334534,10.5087798289059,1.7275037369207773,3.912507339988256,8.56426735218509,0.073047304730473,0.2839962997224792,2009-04-23,1.17,bmo,1107663934.0,2025-04-22,2009-03-31,0.0427350427350427,50.77622950819672,1633729.0983606558
2008-12-31,LH,USD,920148,2008-12-31,2008-12-30 19:00:00,2008,Q4,1119100000.0,669200000.0,449900000.0,0.4020194799,0,0.0,0.0,226400000.0,14900000.0,241300000.0,910500000.0,0.0,0.0,46200000.0,218400000.0,0.1951568224,204400000.0,0.1826467697,-18600000.0,185800000.0,0.1660262711,67700000.0,118100000.0,0.1055312305,1.08,1.08,107600000,109600000,,,10.400557620817844,1.0975836431226766,2.00092936802974,1.6635687732342008,2.04182156133829,16.817843866171003,-11.014869888475836,15.690520446096654,15.99721189591078,5953508000.0,7455108000.0,12.60268416596105,5.319907068179788,27.652150487691596,33.25982122905028,3.526332997689984,3.526332997689984,6.661699580019659,34.13510989010989,34.62660473757548,41.648648044692735,0.0198370439747456,0.0300663071251436,1.0195462891666174,0.3686261912410322,6.875457875457876,1.8884622417260928,0.0,1.82303132938188,0.0,0.0,0.0,0.0,0.641353463968305,0.1686019507663725,0.0324367795549995,0.7857142857142857,0.0,19.684697568381544,0.0306175973498108,0.0705200931510121,-19.71189591078067,485900000.0,-1185200000.0,-1827100000.0,3977100000.0,647350000.0,156900000.0,89200000.0,50.79438834777947,21.477884040645545,12.238493723849372,1.7718492716909435,4.190356919223544,7.3538461538461535,0.0699520227447728,0.337360594795539,2009-02-12,1.09,bmo,1108926363.0,2025-04-22,2008-12-31,0.0091743119266055,53.1528125,1717412.34375
2008-09-30,LH,USD,920148,2008-09-30,2008-09-29 20:00:00,2008,Q3,1135100000.0,673500000.0,461600000.0,0.4066602061,0,0.0,0.0,227100000.0,14600000.0,241700000.0,915200000.0,1000000.0,16800000.0,45200000.0,251900000.0,0.2219187737,202200000.0,0.1781340851,-12300000.0,186900000.0,0.1646550965,75000000.0,111900000.0,0.0985816228,1.02,1.0,109600000,112000000,,,10.356751824817518,1.020985401459854,1.7737226277372262,1.3932481751824817,0.4507299270072992,16.431569343065693,-11.816605839416058,15.146897810218976,15.909671532846716,6544216000.0,8221716000.0,14.620679177837356,5.765321117082196,33.66366255144033,42.85668631303209,3.942061321607132,3.942061321607132,7.243164478900537,32.6388090512108,42.29277777777778,53.842278978389,0.0170990688571404,0.0233335818988859,1.040238539846997,0.3737231648199446,6.6593886462882095,0.7880488022085671,12.035714285714286,1.737265415549598,0.0,0.0,0.0,0.0,0.6700138504155124,0.2145061728395061,0.0367368513787331,0.922566371681416,0.0,18.6536091598074,0.0289258226918704,0.0733866736621196,-20.341925182481752,-238000000.0,-1295100000.0,-1935000000.0,3351600000.0,669400000.0,153350000.0,86200000.0,52.575984494758174,20.592427616926503,11.679287305122497,1.7118081737294526,4.370538611291369,7.705949656750572,0.0674055779772302,0.3804744525547445,2008-10-23,1.12,bmo,1155636363.0,2025-04-22,2008-09-30,-0.0178571428571428,60.8840625,1681717.78125
2008-06-30,LH,USD,920148,2008-06-30,2008-06-29 20:00:00,2008,Q2,1147800000.0,656000000.0,491800000.0,0.4284718592,0,0.0,0.0,266000000.0,14600000.0,280600000.0,936600000.0,0.0,0.0,44800000.0,256000000.0,0.223035372,195200000.0,0.1700644712,-17400000.0,177800000.0,0.1549050357,73600000.0,104200000.0,0.0907823663,0.94,0.92,110851064,113260870,,,10.354433765290697,0.939999998556622,1.7564107458634768,1.381132435499221,1.4009788846050228,17.577639128479632,-10.112667930729108,16.253339706328845,14.972341627681626,6631110648.4800005,8135510648.48,15.909574492514396,5.777235274856247,34.05809269892142,43.31228379150882,3.680474356707554,3.680474356707554,7.087916578219202,31.779338470625003,41.78485181551105,53.138541139647295,0.0157138080668107,0.023088138340007,0.9211855469834046,0.3540617800153596,5.8765625,0.9467881112176414,0.0,1.8685220729366605,0.0,0.0,0.0,0.0,0.6548126973291236,0.2136620441705187,0.0362432479526049,0.9285714285714286,0.0,18.54071558114766,0.0269037182421527,0.0643965144305049,-18.35368039408264,-55500000.0,-1121000000.0,-1751600000.0,3497500000.0,696400000.0,149000000.0,84100000.0,52.98222686879247,20.9359756097561,11.66158536585366,1.6986828474174929,4.2988204456094365,7.7176470588235295,0.0578342676361214,0.3752783103642559,2008-07-24,1.24,bmo,1147800000.0,2025-04-22,2008-06-30,0.0,63.84359375,1158789.625
2008-03-31,LH,USD,920148,2008-03-31,2008-03-30 20:00:00,2008,Q1,1103200000.0,632700000.0,470500000.0,0.4264865845,0,0.0,0.0,215600000.0,13800000.0,229400000.0,862100000.0,500000.0,19900000.0,43500000.0,284700000.0,0.2580674402,241100000.0,0.2185460479,-15600000.0,221900000.0,0.201142132,91600000.0,130300000.0,0.11811095,1.18,1.14,110400000,114400000,,,9.992753623188406,1.1802536231884058,1.598731884057971,1.2554347826086956,0.453804347826087,16.782608695652176,-10.951086956521738,15.42481884057971,15.42753623188406,6988320000.0,8621520000.0,13.408135072908673,6.334590282813633,39.59388101983003,50.42077922077922,4.103775911680075,4.103775911680075,7.815010877447426,30.282824025289777,48.8471388101983,62.20432900432901,0.0186453968908121,0.0198330929322068,0.9884902225615128,0.367460542688118,5.736564805057956,0.8757111175392922,12.115577889447236,1.3545663852647736,0.0,0.0,0.0,0.0,0.6683839420201271,0.2147308781869688,0.0343546047860768,0.871264367816092,0.0,20.23899607889253,0.0340142875614213,0.0857744717266802,-19.00883152173913,-128900000.0,-1209000000.0,-1819900000.0,3407300000.0,670150000.0,139800000.0,81800000.0,58.50163161711385,20.682788051209105,11.834992887624466,1.538418630595454,4.351444291609353,7.6045673076923075,0.0765165306242292,0.3432971014492754,2008-04-24,1.14,bmo,1103000000.0,2025-04-22,2008-03-31,0.0,65.61852459016393,1479812.0
2007-12-31,LH,USD,920148,2007-12-31,2007-12-30 19:00:00,2007,Q4,1005800000.0,600400000.0,405400000.0,0.403062239,0,0.0,0.0,196600000.0,14300000.0,210900000.0,811300000.0,0.0,0.0,42600000.0,237100000.0,0.23573275,182200000.0,0.1811493339,4700000.0,186900000.0,0.1858222311,72500000.0,114400000.0,0.1137403062,0.98,0.98,113314173,117052632,,,8.876206509489329,1.0095824464959031,2.121535141063069,1.8197194096805525,1.4676010564009498,15.225809396323266,-4.656081282965371,15.225809396323266,14.711310649551317,7352956685.97,8963556685.970001,16.06852422633304,7.310555464277193,30.586342287728787,35.6593437728904,4.261842396087637,4.261842396087637,8.911867852425932,37.80496282568537,37.28600950902663,43.47020701246363,0.0155583671828618,0.0280431408488295,0.9662087752854576,0.3816217206171878,6.79291438211725,0.96859179667321,0.0,2.101398601398601,0.0,0.0,0.0,0.0,0.5157501945881598,0.1422628951747088,0.0340027838536488,0.8028169014084507,0.0,18.59740500056279,0.0279520696449032,0.0540821632865314,-17.37646710795833,-30400000.0,-527600000.0,-1705400000.0,2661700000.0,643000000.0,130250000.0,81450000.0,55.76456551998409,20.1165889407062,12.051965356429047,1.6139281129653402,4.473919523099851,7.467661691542289,0.066307308873819,0.3018157313825164,2008-02-07,1.01,bmo,975924752.0,2025-04-22,2007-12-31,0.0297029702970297,62.99390625,1615482.203125
2007-09-30,LH,USD,920148,2007-09-30,2007-09-29 20:00:00,2007,Q3,1020600000.0,598500000.0,422100000.0,0.4135802469,0,0.0,0.0,198000000.0,0.0,211900000.0,810400000.0,0.0,0.0,40300000.0,250500000.0,0.2454438566,178900000.0,0.1752890457,8200000.0,187100000.0,0.1833235352,75900000.0,111200000.0,0.1089555164,0.95,0.92,117052632,120869565,,,8.719154644895127,0.9499999965827338,1.1140287729711196,0.8090377668739649,0.3007194233787071,17.0111510179455,-1.7316996340586344,17.0111510179455,10.80197837841015,7863595817.760001,9115495817.760002,17.67894743201439,7.704875384832452,60.30364890920246,83.03691465427667,3.9491742756930495,3.9491742756930495,8.931506778130514,36.389204861317374,69.90410903190185,96.2565556257656,0.0141411133757477,0.0120428366608211,0.6349939734833266,0.3000332210146647,4.997604790419162,0.8285186265927439,0.0,1.1726618705035972,0.0,0.0,0.0,0.0,0.5205970290921171,0.2737730061349693,0.0349794238683127,0.8858560794044665,0.0,19.068648397320228,0.0276323335950534,0.0550413304954709,-14.091524229886604,-176300000.0,-202700000.0,-1371200000.0,2448400000.0,648500000.0,130750000.0,82100000.0,58.44797178130512,18.99248120300752,12.406015037593985,1.53983101991551,4.738717339667458,7.254545454545455,0.0558457211731619,0.3049910060971546,2007-10-25,1.09,bmo,1040084112.0,2025-04-22,2007-09-30,-0.018348623853211,66.69571428571429,1157263.9523809524
2007-08-01,LH,USD,920148,2007-08-03,2007-08-03 12:19:43,2007,Q2,1043100000.0,601100000.0,442000000.0,0.423736938,0,0.0,0.0,209100000.0,13400000.0,222500000.0,823600000.0,0.0,0.0,39900000.0,259400000.0,0.2486818138,212500000.0,0.2037196817,6900000.0,219400000.0,0.2103345796,90700000.0,128700000.0,0.1233822261,1.1,1.05,117000000,122571429,https://www.sec.gov/Archives/edgar/data/920148/000092014807000208/0000920148-07-000208-index.htm,https://www.sec.gov/Archives/edgar/data/920148/000092014807000208/labcorp10.htm,8.915384615384616,1.1,1.3085470085470086,1.0299145299145298,0.4418803418803418,16.46153846153846,-1.3666666666666667,16.46153846153846,9.930769230769233,7363980000.0,8517380000.0,14.304545454545451,7.059706643658326,48.099150881776616,61.11186721991701,3.823457943925234,3.823457943925234,8.165449141980634,32.8349267540478,55.63278902677988,70.68365145228216,0.017476962186209,0.0163634339039486,0.6032710280373832,0.2902138075731841,4.446414803392444,0.9020340846619022,0.0,1.1895881895881897,0.0,0.0,0.0,0.0,0.5210060945149365,0.2129327237099934,0.0312529958776723,0.8170426065162907,0.0,20.18472385055285,0.0341205105679731,0.0671116441570631,-12.9008547008547,-89100000.0,-159900000.0,-1257200000.0,2410800000.0,622050000.0,129600000.0,79750000.0,54.719585849870576,20.242888038595908,12.232573615039096,1.6447492904446548,4.446005917159764,7.357405140758874,0.066822429906542,0.2786324786324786,2007-08-01,,,,,,,66.30031746031746,1017788.1111111112
2007-03-31,LH,USD,920148,2007-03-31,2007-03-30 20:00:00,2007,Q1,998700000.0,577000000.0,421700000.0,0.4222489236,0,0.0,0.0,205000000.0,13300000.0,218300000.0,795300000.0,0.0,0.0,40000000.0,243400000.0,0.2437168319,203400000.0,0.2036647642,5500000.0,208900000.0,0.2091719235,86400000.0,122500000.0,0.1226594573,1.01,0.98,121287129,125000000,,,8.234179572343574,1.0099999976089795,1.531902037189783,1.1955102012514451,0.6323836719723162,14.73445710797557,-2.5015020348944037,14.73445710797557,10.222848955390807,7567103978.31,8800503978.310001,15.443069343489798,7.576954018534095,40.72714735365985,52.18692398834483,4.2342924169380565,4.2342924169380565,8.811959525693403,36.15654880160231,47.36546812868677,60.69313088489656,0.0161884917071482,0.019161888143155,0.6938056068490851,0.3131693271367953,5.067378800328677,0.7985269890493265,0.0,1.516734693877551,0.0,0.0,0.0,0.0,0.5280107092341887,0.2195909580193756,0.0408531090417542,1.02,0.0,18.298648501626047,0.0334637299381302,0.0655535934071814,-13.184210172870031,-207900000.0,-303400000.0,-1348100000.0,2290000000.0,575600000.0,128750000.0,81050000.0,54.96245118654251,19.341421143847487,12.135181975736568,1.6374815543531729,4.653225806451613,7.416452442159383,0.0685468076772424,0.3363918359383377,2007-04-26,0.93,bmo,947081632.0,2025-04-22,2007-03-31,0.0537634408602149,62.92196721311476,1905143.1967213117
2006-12-31,LH,USD,920148,2007-02-27,2007-02-27 17:21:30,2006,Q4,898600000.0,519600000.0,379000000.0,0.4217671934,0,0.0,0.0,203100000.0,13200000.0,216300000.0,735900000.0,0.0,0.0,39400000.0,202100000.0,0.2249054084,162700000.0,0.1810594258,7100000.0,169800000.0,0.1889606054,66100000.0,103700000.0,0.115401736,0.83,0.83,122061536,124545455,https://www.sec.gov/Archives/edgar/data/920148/000116923207001103/0001169232-07-001103-index.htm,https://www.sec.gov/Archives/edgar/data/920148/000116923207001103/labcorp10k.htm,7.361860496331949,0.8495714817155832,1.3943786517646313,1.000315119744192,1.5311948884536404,16.19756775795448,-0.9593521746277222,16.19756775795448,9.482102535560424,7704524152.32,8810424152.32,18.574069798264222,8.573919599732918,45.26747445546416,63.100115907616704,3.896881367821557,3.896881367821557,9.80461178758068,43.59437977397328,51.76512427920094,72.15744596494676,0.0134596242350377,0.0158478314281399,0.5854028627788175,0.2892921415716856,5.472043542800594,0.9528413363411752,0.0,1.6412729026036643,0.0,0.0,0.0,0.0,0.5234453109378124,0.2826086956521739,0.0535277097707545,1.2208121827411167,0.0,17.596087971678926,0.0274160248059923,0.0543900136368404,-11.376843561922731,-43900000.0,-117100000.0,-1136700000.0,2443500000.0,554550000.0,131400000.0,79900000.0,54.214333407522815,23.123556581986143,14.60161662817552,1.6600775909846666,3.892134831460674,6.1637010676156585,0.0524505588993981,0.3940635320204392,2007-02-15,0.72,bmo,761167058.0,2025-04-22,2006-12-31,0.1805555555555555,59.62857142857143,1248887.015873016
2006-09-30,LH,USD,920148,2006-09-30,2006-09-29 20:00:00,2006,Q3,909900000.0,525000000.0,384900000.0,0.423013518,0,0.0,0.0,194900000.0,13000000.0,207900000.0,732900000.0,0.0,0.0,38500000.0,213800000.0,0.2349708759,176000000.0,0.1934278492,7100000.0,183100000.0,0.2012309045,73500000.0,109600000.0,0.120452797,0.88,0.81,124545455,135308642,,,7.305766396694283,0.8799999967883212,1.2445255429031914,1.039781018102989,2.574963494251958,17.22262767436997,0.4817518230592999,17.22262767436997,9.280145951532312,7015645480.15,8162845480.15,16.002840967495437,7.71034781860644,45.26222890419355,54.17486857258687,3.2706971935431235,3.2706971935431235,8.971145708484448,38.17981983231992,52.66351922677419,63.03355583127413,0.0156222261102134,0.0184587434422685,0.5388344988344989,0.2774763528112546,5.365762394761459,1.143884892086331,0.0,1.4142335766423355,0.0,0.0,0.0,0.0,0.5005521678590291,0.164516129032258,0.0280250576986482,0.6623376623376623,0.0,18.46640264664373,0.0276175960578951,0.0526821765045183,-9.924890474726675,130000000.0,60000000.0,-986900000.0,2586900000.0,552400000.0,141700000.0,75850000.0,56.162215628091,22.165714285714287,12.942857142857145,1.6025008805917578,4.060324825986079,6.953642384105961,0.0510955710955711,0.2047445248002024,2006-10-24,0.8,bmo,866666666.0,2025-04-22,2006-09-30,0.0499999999999999,56.490476190476194,1053619.5555555555
2006-06-30,LH,USD,920148,2006-06-30,2006-06-29 20:00:00,2006,Q2,903700000.0,510900000.0,392800000.0,0.4346575191,0,0.0,0.0,190200000.0,13000000.0,203200000.0,714100000.0,0.0,0.0,38700000.0,228300000.0,0.2526280845,189600000.0,0.2098041385,6300000.0,195900000.0,0.2167754786,79500000.0,116400000.0,0.1288038066,0.94,0.87,123829787,133793103,,,7.297920975992634,0.9400000017766325,1.037714778593619,0.8616666682952463,1.6336941611633395,16.23276635370454,-0.7106529223053577,16.23276635370454,9.31278352275612,6619940413.02,7756540413.02,14.21808507951031,7.325373921677548,51.51704601571985,62.04255307422681,3.293338845341028,3.293338845341028,8.583092191014718,33.97520986868156,60.362182202490274,72.69484923167761,0.0175832398386949,0.016117969852137,0.5737028008556788,0.2848321683503347,4.978537012702584,0.9575725026852846,0.0,1.1039518900343643,0.0,0.0,0.0,0.0,0.518215723565589,0.1696498054474708,0.0241230496846298,0.5633074935400517,0.0,18.52897754949645,0.0307167252595761,0.0596739464780067,-11.269097959443313,-39500000.0,-88000000.0,-1147100000.0,2429000000.0,529600000.0,131300000.0,68000000.0,53.480137213677104,27.14621256605989,13.423370522607163,1.6828677839851025,3.315379623621025,6.7047244094488185,0.057907566787722,0.1760481102983727,2006-07-25,0.83,bmo,862436781.0,2025-04-22,2006-06-30,0.0481927710843373,50.7868253968254,979246.2698412698
2006-03-31,LH,USD,920148,2006-03-31,2006-03-30 19:00:00,2006,Q1,878500000.0,505800000.0,372700000.0,0.4242458736,0,0.0,0.0,190900000.0,13000000.0,203900000.0,709700000.0,0.0,0.0,38400000.0,207200000.0,0.2358565737,168800000.0,0.1921457029,3300000.0,172100000.0,0.1959021059,70200000.0,101900000.0,0.1159931702,0.82,0.76,124268293,134078947,,,7.069381728772922,0.8199999979077527,1.43721295020927,1.26741903503897,0.5745632958843331,15.040039215795778,-1.941766432729546,15.040039215795778,9.267046100005574,6243239040.320001,7369639040.320001,15.317073209813543,7.106703517723393,34.956545578499444,39.63961295441271,3.34041682200107,3.34041682200107,8.388889061263518,35.56775598610039,41.26337648555432,46.791358986158734,0.0163216560093103,0.0252272897101705,0.6161583734617443,0.2964373970345964,5.436293436293436,0.7897307859313938,0.0,1.7526987242394505,0.0,0.0,0.0,0.0,0.5432197281713345,0.118141097424412,0.0240182128628343,0.5494791666666666,0.0,16.657992760936526,0.0284665559275728,0.0574246266553958,-12.254533825454574,-193700000.0,-241300000.0,-1288300000.0,2293000000.0,507800000.0,112350000.0,62600000.0,53.49800796812749,19.306049822064058,10.640569395017794,1.6823056300268096,4.661751152073733,8.45819397993311,0.0545211342964152,0.1697939151703001,2006-04-25,0.74,bmo,854894736.0,2025-04-22,2006-03-31,0.027027027027027,49.299838709677424,886923.3387096775
2005-12-31,LH,USD,920148,2005-12-31,2005-12-30 19:00:00,2005,Q4,822300000.0,489800000.0,332500000.0,0.4043536422,0,0.0,0.0,176700000.0,13100000.0,189800000.0,679600000.0,0.0,0.0,39100000.0,181800000.0,0.2210871945,135800000.0,0.1651465402,8800000.0,144600000.0,0.1758482306,55700000.0,88900000.0,0.1081113949,0.67,0.67,130958211,133380282,,,6.279102270265436,0.6788425049575547,1.2309270168634177,1.0614072912159742,0.4818330940699854,14.399249849251529,-1.809737611641625,14.399249849251529,8.774554808174647,6058126840.86,7161826840.86,17.036352195894263,7.367295197446187,37.58143201526054,43.583646337122296,3.212667360057273,3.212667360057273,8.709506069390732,39.39398702343234,44.42820620880893,51.52393410690648,0.0146745029173704,0.0229443858888018,0.6093758286047621,0.296480726559678,6.070957095709571,0.7907893255264047,0.0,1.813273340832396,0.0,0.0,0.0,0.0,0.5476804788688787,0.1377171215880893,0.0269974461875228,0.5677749360613811,0.0,14.830155556717909,0.0236360911781567,0.0507101705550168,-11.639209090906109,-185800000.0,-237000000.0,-1287800000.0,2318400000.0,506550000.0,109450000.0,59500000.0,54.00218898212332,21.35157207023275,12.017149857084524,1.6665991082286178,4.215146299483649,7.489296636085627,0.0471442965477011,0.1695197256474433,2006-02-16,0.65,bmo,797462686.0,2025-04-22,2005-12-31,0.0307692307692307,43.588253968253966,824108.5555555555
2005-09-30,LH,USD,920148,2005-09-30,2005-09-29 20:00:00,2005,Q3,852900000.0,498300000.0,354600000.0,0.4157580021,0,0.0,0.0,179900000.0,13100000.0,193000000.0,691300000.0,0.0,0.0,37600000.0,199200000.0,0.2335561027,151600000.0,0.1777465119,5800000.0,157400000.0,0.1845468402,62700000.0,94700000.0,0.1110329464,0.71,0.66,133380282,143484848,,,6.394498401195463,0.7099999983505808,1.2902956675410238,1.0976135138175822,0.3936114035206493,16.27152055354029,0.1739387535557917,16.27152055354029,6.743875380320459,5581964801.7,6428964801.7,14.73591552719113,6.544688476609215,32.434426506101104,38.128174875,2.571978436944201,2.571978436944201,7.537770901277993,32.273919687249,37.35598374026728,43.91369400068306,0.0169653524098107,0.0262273241055575,0.414458830576418,0.2307534439855314,4.252008032128514,0.803926070485593,0.0,1.8173178458289336,0.0,0.0,0.0,0.0,0.5508068033144352,0.1493317838466008,0.0301324891546488,0.6835106382978723,0.0,16.122578585292693,0.0255570117722127,0.0540833809251856,-9.437114550410085,-170800000.0,23200000.0,-1027500000.0,2360300000.0,519850000.0,92350000.0,56650000.0,54.83995779106578,18.54906682721252,9.680915111378686,1.64113911872234,4.851996105160662,9.296641791044776,0.0436345205731926,0.1926821537234416,2005-10-20,0.72,bmo,877371428.0,2025-04-22,2005-09-30,-0.0277777777777778,42.53140625,800004.25
2005-06-30,LH,USD,920148,2005-06-30,2005-06-29 20:00:00,2005,Q2,853300000.0,488400000.0,364900000.0,0.4276338919,0,0.0,0.0,178700000.0,13100000.0,191800000.0,680200000.0,0.0,0.0,37500000.0,210600000.0,0.2468065159,173100000.0,0.2028594867,2700000.0,175800000.0,0.2060236728,69800000.0,106000000.0,0.1242236025,0.79,0.74,134177215,143243243,,,6.359500008999293,0.7900000011179246,0.6439245292131007,0.4933773591887415,0.254886792813519,15.78807549403973,-0.190792453100178,15.78807549403973,7.112981142141011,5752177207.049999,6672377207.049999,13.566455677004717,6.741095988573772,66.57612508159723,86.89089436631419,2.7153404489473187,2.7153404489473187,7.819497488632368,31.682702787511868,77.22658804456017,100.7911964811178,0.0184278050179128,0.011508685775338,0.4505287009063444,0.2477223765151711,4.369420702754036,2.3107250250584697,0.0,0.8150943396226416,0.0,0.0,0.0,0.0,0.5564928491707114,0.2337962962962963,0.023672799718739,0.5386666666666666,0.0,16.752105608062482,0.0293716093012177,0.0620354655586118,-9.541485862558709,392300000.0,-25600000.0,-1042700000.0,2911900000.0,504600000.0,88600000.0,57250000.0,54.84589241767256,15.11056511056511,11.0012285012285,1.6409615384615384,5.95609756097561,8.180904522613066,0.0500377643504531,0.1505471700243592,2005-07-21,0.75,bmo,841776315.0,2025-04-22,2005-06-30,0.0133333333333333,42.42484375,665136.875
2005-03-31,LH,USD,920148,2005-03-31,2005-03-30 19:00:00,2005,Q1,799100000.0,460800000.0,338300000.0,0.4233512702,0,0.0,0.0,168600000.0,12100000.0,180700000.0,641500000.0,0.0,0.0,35600000.0,193200000.0,0.2417719935,157600000.0,0.1972218746,5300000.0,162900000.0,0.2038543361,66300000.0,96600000.0,0.1208859967,0.72,0.67,134166667,144179104,,,5.95602482992292,0.7199999982111801,1.1515527921700552,0.961490680841017,0.5344099365604722,14.93664592562324,0.0380124222658076,14.93664592562324,6.670062095229659,5555841680.469999,6379041680.469999,14.378472257945134,6.95262380236516,35.96014032666666,43.06854015868217,2.772376088058882,2.772376088058882,7.9827827311600545,33.01781408110766,41.288295666472486,49.44993550751938,0.0173871045209171,0.0232188041738956,0.4465568862275449,0.24246118832805,4.260869565217392,2.003237198351972,0.0,1.5993788819875776,0.0,0.0,0.0,0.0,0.5415752255547428,0.1650485436893204,0.0319108997622325,0.7162921348314607,0.0,15.555502672492448,0.0278876492717267,0.0570921985815602,-9.099875753789128,340900000.0,5100000.0,-1006200000.0,2709900000.0,465300000.0,90250000.0,58150000.0,55.09698410712051,18.59375,10.703125,1.633483237939493,4.840336134453781,8.408759124087592,0.0482035928143712,0.1900621113290382,2005-04-19,0.65,bmo,775149253.0,2025-04-22,2005-03-31,0.0307692307692307,41.00196721311475,968286.4590163934
2004-12-31,LH,USD,920148,2004-12-31,2004-12-30 19:00:00,2004,Q4,766500000.0,460400000.0,306100000.0,0.3993476843,0,0.0,0.0,158900000.0,11000000.0,169900000.0,630300000.0,0.0,0.0,33900000.0,170100000.0,0.2219178082,137100000.0,0.1788649706,6600000.0,143700000.0,0.1874755382,58900000.0,84800000.0,0.1106327462,0.61,0.61,138208955,138208955,,,5.545950332957803,0.6135637158967014,0.7698488133420877,0.5100971930509134,1.4962850996160126,14.46577756122966,1.026706265162051,14.46577756122966,6.456166317153617,5915343274.0,6620843274.0,17.439101633254715,7.71734282322244,55.59533152255639,83.90557835460993,2.95870718451458,2.95870718451458,8.637760305283757,38.92324088183422,62.22597062030075,93.91267055319148,0.0143356008387079,0.0119181587161428,0.4463062071725104,0.2477991613207809,4.14756025867137,2.4601063829787235,0.0,1.2547169811320755,0.0,0.0,0.0,0.0,0.5158154905718015,0.337406015037594,0.0468362687540769,1.0589970501474926,0.0,14.131621112263517,0.0245152473203686,0.0486377975336965,-7.474190076902036,439200000.0,141900000.0,-861600000.0,2656600000.0,446200000.0,82700000.0,56700000.0,51.82778864970646,16.674630755864463,12.02215464813206,1.736520163117354,5.397420867526377,7.486178861788618,0.0424148451958185,0.2597516202911743,2005-02-15,0.61,bmo,766000000.0,2025-04-22,2004-12-31,0.0,39.88859375,1296867.890625
2004-09-30,LH,USD,920148,2004-09-30,2004-09-29 20:00:00,2004,Q3,781500000.0,455600000.0,325900000.0,0.4170185541,0,0.0,0.0,162200000.0,10900000.0,173100000.0,628700000.0,0.0,0.0,35300000.0,188100000.0,0.2406909789,152800000.0,0.1955214331,4200000.0,157000000.0,0.2008957134,64400000.0,92600000.0,0.1184900832,0.67,0.63,138208955,146984127,,,5.65448165062821,0.6700000010853132,0.994146869860929,0.8747624204234813,1.6909179293049426,14.2892332844858,0.8038552928788153,14.2892332844858,6.440248390561957,5191128349.8,5867528349.8,14.014925350431966,6.642518681765835,37.78113791703057,42.93737262034739,2.628552508886526,2.628552508886526,7.508033716954575,31.19366480489101,42.703990901018926,48.53207898924731,0.0178381256944971,0.0232897343030745,0.4507063648792344,0.2523817625042531,3.595959595959596,3.024167987321712,0.0,1.4838012958963285,0.0,0.0,0.0,0.0,0.5284677327889304,0.1200873362445414,0.0211132437619961,0.4674220963172804,0.0,14.676859068362004,0.0275209339932728,0.0556825015033072,-6.902591803837892,510900000.0,111100000.0,-788600000.0,2722600000.0,451750000.0,79300000.0,49850000.0,51.93857965451056,15.823090430201932,10.25241439859526,1.7328159645232817,5.687890137328339,8.778420038535646,0.0468884500481037,0.1193844494374478,2004-10-21,0.66,bmo,781500000.0,2025-04-22,2004-09-30,0.0,34.7021875,892209.0
2004-06-30,LH,USD,920148,2004-06-30,2004-06-29 20:00:00,2004,Q2,784300000.0,444600000.0,339700000.0,0.4331250797,0,0.0,0.0,165000000.0,10500000.0,175500000.0,620100000.0,0.0,0.0,35100000.0,199300000.0,0.254111947,164200000.0,0.2093586638,2400000.0,166600000.0,0.2124187173,68300000.0,98300000.0,0.1253346934,0.7,0.66,140428571,148939394,,,5.585045795274809,0.7000000021363174,1.0446592096988585,0.8851475103310708,1.2974567689647714,13.685961384596016,0.3489318423670351,13.685961384596016,6.324211616452325,4790018556.809999,5495918556.809999,12.182142819964394,6.107380539092183,32.65179656993865,38.53594977320997,2.492334958535824,2.492334958535824,7.00741878976157,27.576109166131456,37.46365751063394,44.21495218672566,0.0205218411649462,0.0259497950844641,0.4620948020188355,0.2555757000201444,3.541896638233818,0.909297338211177,0.0,1.4923702950152593,0.0,0.0,0.0,0.0,0.538979538979539,0.152692569870484,0.0285604998087466,0.6381766381766382,0.0,14.681753725806477,0.0301743844417049,0.0613607990012484,-7.174643968996879,-71900000.0,49000000.0,-832200000.0,2157000000.0,452000000.0,81450000.0,47700000.0,51.92528369246462,15.890688259109313,9.676113360323887,1.7332596685082873,5.663694267515924,9.301255230125523,0.0511473021489151,0.1595116993677874,2004-07-22,0.66,bmo,736766666.0,2025-04-22,2004-06-30,0.0606060606060604,34.635161290322586,651158.9838709678
2004-03-31,LH,USD,920148,2004-03-31,2004-03-30 19:00:00,2004,Q1,752500000.0,434900000.0,317600000.0,0.4220598007,0,0.0,0.0,163000000.0,10300000.0,173300000.0,608200000.0,0.0,0.0,34500000.0,178800000.0,0.2376079734,144300000.0,0.1917607973,3700000.0,148000000.0,0.1966777409,60700000.0,87300000.0,0.116013289,0.62,0.58,140806452,150517241,,,5.344215334677988,0.6199999982955327,1.0482474197986325,0.9047880845687384,1.200229091774857,13.706048072285778,0.5894616249545156,13.706048072285778,6.2930354924361,4747993561.44,5465093561.44,13.596774230927837,6.309625995269102,32.16797805853658,37.26839530172684,2.460227763842686,2.460227763842686,7.2625828059003315,30.56540023176733,37.02637914254742,42.89712371616954,0.0183867140657038,0.0268323868496067,0.4591429607751697,0.254677665047567,4.010626398210291,0.909651715717774,0.0,1.690721649484536,0.0,0.0,0.0,0.0,0.530825165981663,0.1368563685636856,0.026843853820598,0.5855072463768116,0.0,13.82748603625231,0.0263758482848377,0.0534795393285959,-7.2296047911213615,-70300000.0,83000000.0,-841600000.0,2133500000.0,442000000.0,78700000.0,47300000.0,54.0,17.466084157277535,9.850540354104393,1.6666666666666667,5.152843601895735,9.13655462184874,0.0452355044302813,0.1434593352298941,2004-04-22,0.59,bmo,726991525.0,2025-04-22,2004-03-31,0.0338983050847458,33.88161290322581,886465.4838709678
2003-12-31,LH,USD,920148,2003-12-31,2003-12-30 19:00:00,2003,Q4,731500000.0,430800000.0,300700000.0,0.4110731374,0,0.0,0.0,161700000.0,10100000.0,171800000.0,602600000.0,0.0,0.0,34700000.0,163600000.0,0.2236500342,130700000.0,0.1786739576,800000.0,131500000.0,0.1797676008,53900000.0,77600000.0,0.1060833903,0.55,0.55,140806452,140806452,,,5.195074441617207,0.551111109596029,1.0241007990173632,0.8593356219216431,0.8735395164988604,13.464581864473086,0.2741351653402928,13.464581864473086,6.279541792587743,4469196786.48,5230396786.48,14.398185523453607,6.109633337634996,30.993042902080443,36.93551063206611,2.35729563082441,2.35729563082441,7.150234841394394,31.97064050415648,36.271822375034674,43.2264197229752,0.0173632989790809,0.0270742161916081,0.4663748087979323,0.2589241266215701,4.65281173594132,0.8684002111932418,0.0,1.8582474226804124,0.0,0.0,0.0,0.0,0.5438812263902311,0.1608876560332871,0.0317156527682843,0.6685878962536023,0.0,12.921331768067386,0.0242479592383196,0.0498202362609142,-7.443728501872911,-99700000.0,38600000.0,-861100000.0,2118900000.0,439650000.0,74750000.0,47750000.0,53.21257689678743,15.250696378830083,9.818941504178271,1.691329479768786,5.901369863013699,9.16595744680851,0.0409304288200854,0.16476517709572,2004-02-12,0.53,bmo,731500000.0,2025-04-22,2003-12-31,0.0,29.16640625,978196.65625
2003-09-30,LH,USD,920148,2003-11-14,2003-11-14 09:40:26,2003,Q3,752000000.0,441100000.0,310900000.0,0.4134308511,0,0.0,0.0,162700000.0,9500000.0,172200000.0,613300000.0,0.0,0.0,34200000.0,172900000.0,0.2299202128,135400000.0,0.1800531915,1800000.0,137200000.0,0.1824468085,54100000.0,83100000.0,0.1105053191,0.58,0.58,143275862,143275862,https://www.sec.gov/Archives/edgar/data/920148/000092014803000185/0000920148-03-000185-index.htm,https://www.sec.gov/Archives/edgar/data/920148/000092014803000185/edgar3q10qfinal.txt,5.248616127676831,0.5800000002791817,1.129987966849573,0.9694584842211592,0.2093862816892353,12.43894104088517,-0.5611552349271506,12.43894104088517,6.330445249737879,3533182756.92,4410182756.92,10.629310339711193,4.698381325691489,21.823241241012973,25.43688089935205,1.9824838721355629,1.9824838721355629,5.864604729946809,25.507129883863502,27.240165268190243,31.75077578776098,0.0235198702465199,0.0393129961160243,0.5089215576254068,0.2722007142642778,5.072296124927703,0.7670119312967091,0.0,1.9482551143200963,0.0,0.0,0.0,0.0,0.5589868251252964,0.1420630018529956,0.0305851063829787,0.672514619883041,0.0,12.74080769267348,0.0265369423905799,0.0565498468866961,-8.100108307148066,-177700000.0,-80400000.0,-964900000.0,2052100000.0,445650000.0,79700000.0,48950000.0,53.473404255319146,15.608705508954886,9.895715257311268,1.683079677708147,5.766013071895425,9.094845360824742,0.0466277634384468,0.1605294826284137,2003-10-23,0.59,bmo,752000000.0,2025-04-22,2003-09-30,0.0,26.38890625,1302276.984375
2003-06-30,LH,USD,920148,2003-08-14,2003-08-14 12:09:23,2003,Q2,743700000.0,427200000.0,316500000.0,0.4255748286,0,0.0,0.0,164100000.0,9500000.0,173600000.0,600800000.0,0.0,0.0,33600000.0,176500000.0,0.2373268791,142900000.0,0.1921473713,3500000.0,146400000.0,0.19685357,60000000.0,86400000.0,0.1161758774,0.6,0.6,144000000,144000000,https://www.sec.gov/Archives/edgar/data/920148/000092014803000148/0000920148-03-000148-index.htm,https://www.sec.gov/Archives/edgar/data/920148/000092014803000148/edgarfinal10q.txt,5.164583333333334,0.6,0.8555555555555555,0.7083333333333334,0.2354166666666666,12.147222222222222,-0.65,12.147222222222222,0.6458333333333334,3729600000.0,3788700000.0,10.791666666666666,5.014925373134329,30.272727272727277,36.56470588235294,2.132174708438143,2.132174708438143,5.09439290036305,21.4657223796034,30.752435064935064,37.14411764705882,0.0231660231660231,0.0273487773487773,0.05316716213126,0.0277694834278889,0.3348441926345609,2.50951031970862,0.0,1.4259259259259258,0.0,0.0,0.0,0.0,0.550253807106599,0.172077922077922,0.0285061180583568,0.6309523809523809,0.0,12.80576042255984,0.027184484488769,0.0573629000132784,-8.387673611111111,373000000.0,-93600000.0,-979700000.0,2584000000.0,442500000.0,91000000.0,49250000.0,53.79185155304558,17.464887640449437,10.407303370786517,1.6731158605174352,5.153196622436671,8.647773279352228,0.0493940086896867,0.1472222222222222,2003-07-22,0.6,bmo,743700000.0,2025-04-22,2003-06-30,0.0,25.50761904761905,1796173.4285714286
2003-03-31,LH,USD,920148,2003-05-15,2003-05-15 10:31:09,2003,Q1,712200000.0,415700000.0,296500000.0,0.4163156417,0,0.0,0.0,163300000.0,8500000.0,171800000.0,587500000.0,0.0,0.0,33100000.0,157800000.0,0.2215669756,124700000.0,0.1750912665,600000.0,125300000.0,0.1759337265,51400000.0,73900000.0,0.1037629879,0.51,0.51,144901961,144901961,https://www.sec.gov/Archives/edgar/data/920148/000092014803000110/0000920148-03-000110-index.htm,https://www.sec.gov/Archives/edgar/data/920148/000092014803000110/edgar1qtr03q.txt,4.915047353983015,0.509999999240866,0.9316644099799312,0.8198646807823394,0.3450608925851597,11.629932323690223,-1.017929633126221,11.629932323690223,6.959878203442671,3690652946.67,4649152946.67,12.485294136231394,5.182045698778432,27.338169975333333,31.066102244696967,2.190038539443389,2.190038539443389,6.527875521861836,29.462312716539923,34.43816997533333,39.13428406287879,0.0200235570962256,0.0321894260220785,0.5984452883930691,0.3052915178301144,6.074144486692015,2.4318535825545173,0.0,1.8267929634641409,0.0,0.0,0.0,0.0,0.5547920324514137,0.12,0.0227464195450716,0.4894259818731117,0.0,11.552206421965463,0.0241372265473267,0.0502481811382335,-8.373075089025193,367700000.0,-147500000.0,-993700000.0,2570500000.0,416750000.0,89500000.0,46950000.0,55.66554338668914,21.45537647341833,10.63026220832331,1.6167990919409765,4.194752774974773,8.466395112016293,0.0438523617374792,0.1117997291975917,2003-04-28,0.49,bmo,683130612.0,2025-04-22,2003-03-31,0.0408163265306122,22.891803278688528,1478388.786885246
2002-12-31,LH,USD,920148,2003-03-28,2003-03-28 13:55:02,2002,Q4,650100000.0,396200000.0,253900000.0,0.3905552992,0,0.0,0.0,158200000.0,7400000.0,165600000.0,561800000.0,0.0,0.0,29400000.0,117700000.0,0.1810490694,88300000.0,0.1358252577,2300000.0,90600000.0,0.1393631749,37600000.0,53000000.0,0.0815259191,0.37,0.37,144901961,144901961,https://www.sec.gov/Archives/edgar/data/920148/000092014803000070/0000920148-03-000070-index.htm,https://www.sec.gov/Archives/edgar/data/920148/000092014803000070/finaledgar10k02.txt,4.486481725392246,0.3657645461402692,0.8177943154268285,0.6839106891037865,0.3892286868360601,11.12269281159004,2.720460077141399,11.12269281159004,3.601745596803897,2892243141.56,3357743141.56,13.642656328113208,4.448920383879403,24.40711511864979,29.185097291220988,1.794529466749395,1.794529466749395,5.164964069466236,28.527979112659303,28.33538516084388,33.882372770534815,0.0183248770611357,0.03426406258035,0.3238195693987715,0.1998238762539245,3.9549702633814783,2.6079545454545454,0.0,2.2358490566037736,0.0,0.0,0.0,0.0,0.4661536105367945,0.1637130801687763,0.0298415628364866,0.6598639455782312,0.0,9.567468342356795,0.0216726212076501,0.0380119056157211,-4.323958044984636,367900000.0,394200000.0,-403400000.0,1936600000.0,405850000.0,84950000.0,44400000.0,54.407014305491465,18.14992428066633,10.176678445229683,1.6541984732824428,4.958698372966208,8.84375,0.0328845318607681,0.1338836263230419,2003-02-18,0.36,bmo,650100000.0,2025-04-22,2002-12-31,0.0,20.02734375,2805476.90625
2002-09-30,LH,USD,920148,2002-11-14,2002-11-14 10:28:38,2002,Q3,655200000.0,381900000.0,273300000.0,0.4171245421,0,153400000.0,0.0,153400000.0,6200000.0,159600000.0,541500000.0,0.0,0.0,26600000.0,140300000.0,0.2141330891,96200000.0,0.1468253968,1800000.0,98000000.0,0.1495726496,40700000.0,57300000.0,0.0874542125,0.4,0.39,144628024,145401513,https://www.sec.gov/Archives/edgar/data/920148/000092014802000096/0000920148-02-000096-index.htm,https://www.sec.gov/Archives/edgar/data/920148/000092014802000096/qtr310qedgar.txt,4.53024235469054,0.3961887773561782,0.8373204352152388,0.7197775169769312,0.6803660679205573,10.891388518175429,2.3107554867789664,10.891388518175429,4.427219443999318,4197105256.48,4739005256.48,18.31197755881326,6.405838303540904,34.658177179851364,40.318013991162346,2.664490386287455,2.664490386287455,7.232914005616605,33.77765685302922,39.13299138298926,45.523585556964456,0.0136522666215085,0.0248028089930024,0.4064880650076181,0.2412948447392222,3.862437633642195,1.5730143068574247,0.0,2.113438045375218,0.0,0.0,0.2341269841269841,0.0,0.4676665661742538,0.1403798513625103,0.0259462759462759,0.6390977443609023,0.0,9.85335134694579,0.0237461692153536,0.0405634999292085,-4.452629457206717,232300000.0,334200000.0,-440700000.0,1828600000.0,405800000.0,82450000.0,43400000.0,57.51373626373626,21.20974076983504,10.369206598586018,1.5648435634105564,4.243333333333333,8.679545454545455,0.0363763331640426,0.1175429182383076,2002-10-30,0.44,bmo,625418181.0,2025-04-22,2002-09-30,0.0454545454545455,29.424375,2302973.921875
2002-06-30,LH,USD,920148,2002-08-13,2002-08-13 16:00:24,2002,Q2,612400000.0,336100000.0,276300000.0,0.4511757022,0,137000000.0,0.0,137000000.0,5200000.0,142200000.0,478300000.0,0.0,0.0,23500000.0,157600000.0,0.2573481385,134100000.0,0.2189745265,-2800000.0,131300000.0,0.2144023514,52800000.0,78500000.0,0.1281841933,0.56,0.55,140723679,143414925,https://www.sec.gov/Archives/edgar/data/920148/000092014802000063/0000920148-02-000063-index.htm,https://www.sec.gov/Archives/edgar/data/920148/000092014802000063/qtr20210qedgar.txt,4.351790717466959,0.5578307826929397,0.6615802021492062,0.5230107720535078,2.1574194347207194,8.96721865834676,1.9932679559919693,8.96721865834676,3.647573767595999,5194110991.889999,5403810991.889999,16.541754751242035,8.481565956711298,55.79066586348012,70.57216021589673,4.116103488303351,4.116103488303351,8.823989209487262,34.288140811484766,58.04308261965628,73.42134499850543,0.0151132696476006,0.0141698935804255,0.4067675727078215,0.23992708235954,1.3305837563451777,3.640374331550802,0.0,1.1859872611464968,0.0,0.0,0.2237099934683213,0.0,0.458726745816584,0.2094522019334049,0.0318419333768778,0.8297872340425532,0.0,10.608924948466592,0.0418663336508384,0.0677892918825561,-1.832136580226843,592500000.0,280500000.0,-60600000.0,1884800000.0,391650000.0,72450000.0,41450000.0,57.74167210973221,20.056530794406427,11.460874739660817,1.558666327309748,4.487316421895861,7.852803738317757,0.0622077819161581,0.1385694300956984,2002-07-24,0.54,bmo,601059259.0,2025-04-22,2002-06-30,0.0185185185185185,41.54421875,1409485.953125
2002-03-31,LH,USD,920148,2002-05-02,2002-05-02 17:02:36,2002,Q1,590000000.0,331600000.0,258400000.0,0.4379661017,0,136900000.0,0.0,136900000.0,5100000.0,142000000.0,473600000.0,0.0,0.0,22300000.0,138700000.0,0.2350847458,116400000.0,0.1972881356,-4000000.0,112400000.0,0.1905084746,46600000.0,65800000.0,0.1115254237,0.47,0.47,140000000,141505376,https://www.sec.gov/Archives/edgar/data/920148/000092014802000026/0000920148-02-000026-index.htm,https://www.sec.gov/Archives/edgar/data/920148/000092014802000026/edgarqtr102.txt,4.214285714285714,0.47,0.8014285714285714,0.67,1.75,8.372142857142856,1.4514285714285715,8.372142857142856,3.650714285714286,5773600000.0,6039700000.0,21.93617021276596,9.785762711864407,51.45811051693405,61.55223880597015,4.925859568296221,4.925859568296221,10.23677966101695,43.54506128334535,53.82976827094474,64.38912579957356,0.0113967022308438,0.0162463627546071,0.4360549441173961,0.2490376650587146,1.918529199711608,3.207222699914015,0.0,1.7051671732522795,0.0,0.0,0.2320338983050847,0.0,0.4721044681576767,0.1639928698752228,0.0311864406779661,0.8251121076233184,0.0,9.409325731118342,0.037446632417803,0.0607347240169835,-2.3025,513400000.0,203200000.0,-134200000.0,1791800000.0,377950000.0,65100000.0,39400000.0,59.55254237288136,18.998793727382388,10.883594692400482,1.5112704918032789,4.7371428571428575,8.269326683291771,0.056138554730825,0.1314285714285714,2002-04-22,0.46,bmo,577173913.0,2025-04-22,2002-03-31,0.0217391304347825,36.14333333333333,1567450.066666667
2001-12-31,LH,USD,920148,2002-03-18,2002-03-18 00:00:00,2001,Q4,563800000.0,338700000.0,225100000.0,0.399255055,0,136100000.0,0.0,136100000.0,11600000.0,147700000.0,486400000.0,0.0,0.0,28500000.0,105900000.0,0.1878325647,77400000.0,0.1372827244,-3200000.0,74200000.0,0.1316069528,33400000.0,40800000.0,0.0723660873,0.29,0.29,140000000,140000000,https://www.sec.gov/Archives/edgar/data/920148/000092014802000015/0000920148-02-000015-index.htm,https://www.sec.gov/Archives/edgar/data/920148/000092014802000015/edgarfinal10k.txt,4.027142857142858,0.2914285714285714,0.4542857142857143,0.2464285714285714,1.0657142857142856,7.752857142857143,0.835,7.752857142857143,3.635,4862200000.0,5221900000.0,29.79289215686274,8.623980134799574,76.44968553459118,140.93333333333334,4.479638842822922,4.479638842822922,9.261972330613691,49.30972615675165,82.10534591194968,151.35942028985508,0.0083912632141828,0.0070955534531693,0.4688594066703519,0.2637334162520729,3.396600566572238,3.103876739562624,0.0,1.5588235294117647,0.0,0.0,0.2413976587442355,0.0,0.501917495854063,0.4575471698113207,0.0516140475345867,1.0210526315789474,0.0,7.12997838964009,0.0246236801279528,0.0424513578191655,-2.8680357142857145,423300000.0,116900000.0,-219700000.0,1701100000.0,377250000.0,60850000.0,38050000.0,58.345157857396245,15.99645704162976,10.283436669619132,1.5425444596443227,5.62624584717608,8.751937984496124,0.0375898286346047,0.2078571428571428,2002-02-13,0.27,bmo,522037037.0,2025-04-22,2001-12-31,0.0740740740740739,34.81109375,1489627.484375
2001-09-30,LH,USD,920148,2001-11-09,2001-11-09 00:00:00,2001,Q3,560900000.0,322900000.0,238000000.0,0.4243180603,0,128000000.0,0.0,128000000.0,9700000.0,137700000.0,460600000.0,0.0,0.0,25700000.0,126000000.0,0.2246389731,100300000.0,0.178819754,-16100000.0,84200000.0,0.1501158852,37900000.0,43100000.0,0.0768407916,0.31,0.31,138887528,141263074,https://www.sec.gov/Archives/edgar/data/920148/000092014801500040/0000920148-01-500040-index.htm,https://www.sec.gov/Archives/edgar/data/920148/000092014801500040/edgar3qtr01.txt,4.0385195710301645,0.3103230406692817,0.8186480214407733,0.635766229491823,0.3996039154790054,7.462873124216021,0.6062459402402208,7.462873124216021,3.193231288557458,4727731453.12,5115731453.12,27.42303627099768,8.42883125890533,41.58075156657871,53.5416925608154,4.561245975031355,4.561245975031355,9.120576668069177,40.60104327873016,44.99324057273527,57.93580354609286,0.009116423051389,0.0186770337688549,0.4278822961890979,0.2436411580508707,3.0793650793650795,2.480950246526221,0.0,2.6380510440835265,0.0,0.0,0.2282046710643608,0.0,0.5231555238147558,0.2233948988566403,0.0452843644143341,0.9883268482490272,0.0,7.218572109552206,0.0345311093701388,0.0496543778801843,-3.0085494789712146,330400000.0,84200000.0,-230300000.0,1578900000.0,389900000.0,59400000.0,36100000.0,62.41754323408807,17.14152988541344,10.42427996283679,1.441902313624679,5.25040650406504,8.633689839572192,0.0415822479498311,0.1828817919489502,2001-10-22,0.34,bmo,515421621.0,2025-04-22,2001-09-30,0.0882352941176469,34.71694915254238,1505903.0338983051
2001-06-30,LH,USD,920148,2001-08-10,2001-08-10 00:00:00,2001,Q2,549700000.0,308800000.0,240900000.0,0.4382390395,0,127400000.0,0.0,127400000.0,10900000.0,138300000.0,447100000.0,0.0,0.0,26200000.0,128800000.0,0.2343096234,102600000.0,0.1866472621,-7800000.0,94800000.0,0.1724577042,42700000.0,52100000.0,0.0947789703,0.38,0.37,138530960,140748202,https://www.sec.gov/Archives/edgar/data/920148/000092014801500025/0000920148-01-500025-index.htm,https://www.sec.gov/Archives/edgar/data/920148/000092014801500025/edgar2qtr.txt,3.968066055414616,0.3760892150029134,0.5356203407527097,0.3847515385730381,0.14798136098963,7.0763964964943575,0.2266641334182626,7.0763964964943575,3.3862466556212416,4575677608.8,5024277608.8,21.95622652975048,8.323954172821539,61.666814134770895,85.84760992120076,4.66762991818831,4.66762991818831,9.140035671820993,39.00836652795032,67.71263623719676,94.26412024015008,0.0113862917045992,0.0116485479434767,0.4785269815362644,0.2659447814501955,3.482919254658385,1.5642424242424242,0.0,1.4241842610364683,0.0,0.0,0.2317627796980171,0.0,0.5379556664209989,0.2816711590296496,0.0380207385846825,0.7977099236641222,0.0,7.7382503886123,0.0360091377870614,0.0639263803680981,-3.267139706532028,186200000.0,31400000.0,-267400000.0,1418900000.0,389750000.0,56400000.0,33500000.0,63.98399126796434,16.70012953367876,10.142487046632125,1.4066018423746165,5.389179755671902,8.873563218390805,0.0531469958176068,0.1508688021796716,2001-07-23,0.35,bmo,519986486.0,2025-04-22,2001-06-30,0.0571428571428572,30.32333333333333,2019225.349206349
2001-03-31,LH,USD,920148,2001-05-04,2001-05-04 00:00:00,2001,Q1,525400000.0,303800000.0,221600000.0,0.4217738866,0,125000000.0,0.0,125000000.0,9300000.0,134300000.0,438100000.0,0.0,0.0,23600000.0,110900000.0,0.2110772745,87300000.0,0.1661591169,-8200000.0,79100000.0,0.1505519604,35600000.0,43500000.0,0.0827940617,0.32,0.31,138461228,140615200,https://www.sec.gov/Archives/edgar/data/920148/000092014801500015/0000920148-01-500015-index.htm,https://www.sec.gov/Archives/edgar/data/920148/000092014801500015/edgarqtr1.txt,3.794564063811423,0.3141673710997276,0.4658343778375272,0.3741119499532389,0.4824455261945243,6.671181624938354,0.4600565871046586,6.671181624938354,3.267340659437167,3576453519.24,3962053519.24,20.554330570344828,6.807106051084888,55.44889177116279,69.04350423243243,3.871877794998376,3.871877794998376,7.541023066692044,35.72636176050496,61.4271863448062,76.48751967644787,0.0121628869957308,0.0144836217558358,0.4897694056511854,0.2655864741106023,3.477006311992786,1.6515421115065243,0.0,1.4827586206896552,0.0,0.0,0.2379139703083365,0.0,0.5048726077257251,0.1968992248062015,0.0241720593833269,0.538135593220339,0.0,6.867096973816743,0.0320447748423265,0.0515769504387004,-2.926992674079129,219700000.0,63700000.0,-222800000.0,1351100000.0,378350000.0,54150000.0,31900000.0,66.58355538637228,16.441737985516788,9.539170506912445,1.3516851041934654,5.473873873873874,9.434782608695652,0.0470932120818447,0.0917224278842883,2001-04-23,0.31,bmo,525400000.0,2025-04-22,2001-03-31,0.0,29.39,2148772.85483871
2000-12-31,LH,USD,920148,2001-03-09,2001-03-09 00:00:00,2000,Q4,486000000.0,288500000.0,197500000.0,0.4063786008,0,123700000.0,0.0,123700000.0,21700000.0,145400000.0,433900000.0,0.0,0.0,21700000.0,73800000.0,0.1518518519,52100000.0,0.1072016461,-13400000.0,38700000.0,0.0796296296,17800000.0,20900000.0,0.0430041152,0.15,0.15,138095238,138095238,https://www.sec.gov/Archives/edgar/data/920148/000092014801000003/0000920148-01-000003-index.htm,https://www.sec.gov/Archives/edgar/data/920148/000092014801000003/0000920148-01-000003-0001.txt,3.519310347254697,0.1513448276905826,0.5003793106899168,0.3859655175075624,0.3533793105885374,6.353586211278335,0.0847241379894649,6.353586211278335,3.517137933460095,5219999996.4,5656899996.4,62.440191344497606,10.740740733333332,75.54269169898696,97.93621006378986,5.949395938454525,5.949395938454525,11.639711926748973,76.65176146883468,81.86541239363241,106.13320818761726,0.0040038314203857,0.0102107279763905,0.5535673581034876,0.2913792069110325,5.920054200542006,1.6405899326707278,0.0,3.30622009569378,0.0,0.0,0.2545267489711934,0.0,0.5193472913792069,0.2286541244573082,0.0325102880658436,0.728110599078341,0.0,4.651408843906498,0.0189217837972158,0.0260858711932101,-3.2506551746556243,199800000.0,11700000.0,-277800000.0,1338300000.0,373050000.0,54950000.0,32000000.0,68.14814814814815,16.471403812824956,9.8578856152513,1.3206521739130437,5.464015151515151,9.129746835443038,0.0238203783906997,0.1144137931823543,2001-02-14,0.15,bmo,641519999.0,2025-04-22,2000-12-31,-0.4666666666666666,30.00333333333333,1798763.8095238097
2000-09-30,LH,USD,920148,2000-11-14,2000-11-14 00:00:00,2000,Q3,488100000.0,276200000.0,211900000.0,0.4341323499,0,118700000.0,0.0,118700000.0,23900000.0,142600000.0,418800000.0,0.0,0.0,23500000.0,93200000.0,0.1909444786,69300000.0,0.1419791026,-8600000.0,60700000.0,0.1243597623,27900000.0,32800000.0,0.0671993444,0.25,0.24,133877551,139574468,https://www.sec.gov/Archives/edgar/data/920148/000092014800000056/0000920148-00-000056-index.htm,https://www.sec.gov/Archives/edgar/data/920148/000092014800000056/0000920148-00-000056-0001.txt,3.6458689029947977,0.2450000000373475,0.3562957317616304,0.2547103658924863,0.1142835366027871,6.229573171681337,0.2039176829579143,6.229573171681337,3.792271342041505,3443330611.72,3935730611.72,26.244897955182925,7.054559745380045,72.18722456436059,100.97743729384165,4.128693779040767,4.128693779040767,8.063369415529603,42.22886922446352,82.51007571740041,115.41731999178884,0.0095256609656822,0.0099032024063952,0.6087529976019185,0.309610928161971,5.283261802575107,1.6667814113597246,0.0,1.454268292682927,0.0,0.0,0.2431878713378406,0.0,0.4919502378338822,0.2851153039832285,0.0278631427986068,0.5787234042553191,0.0,5.860078678151703,0.0254690314688828,0.0393710238866882,-3.665476372509981,193700000.0,27300000.0,-321600000.0,1271900000.0,375400000.0,54050000.0,31500000.0,69.71727105101414,18.606082548877623,10.55756698044895,1.2909283258397248,4.837127845884413,8.524691358024691,0.0393285371702637,0.1015853658691441,2000-10-23,0.2,bmo,406750000.0,2025-04-22,2000-09-30,0.1999999999999999,23.097142857142856,1301735.380952381
2000-06-30,LH,USD,920148,2000-08-14,2000-08-14 00:00:00,2000,Q2,482400000.0,266100000.0,216300000.0,0.4483830846,0,122100000.0,0.0,122100000.0,22900000.0,145000000.0,411100000.0,0.0,0.0,22900000.0,94200000.0,0.1952736318,71300000.0,0.1478026534,-10700000.0,60600000.0,0.1256218905,27900000.0,32700000.0,0.0677860697,0.24,0.24,54020619,55744681,https://www.sec.gov/Archives/edgar/data/920148/000092014800000049/0000920148-00-000049-index.htm,https://www.sec.gov/Archives/edgar/data/920148/000092014800000049/0000920148-00-000049-0001.txt,8.92992359084223,0.6053244225135591,1.5068320487034774,1.223606860187959,1.095877853602529,14.612938811382373,-0.4498282405834705,14.612938811382373,9.811068621779398,894581450.64,1365381450.64,6.8393077266055045,1.8544391597014924,10.989944111056513,13.533758708623298,1.1332422734228529,1.1332422734228529,2.8303927252072967,14.49449522972399,16.77372789484029,20.65630031225416,0.0365534071566158,0.0738893031514468,0.6713959969597162,0.3244964182942509,4.997876857749469,1.7847503373819162,0.0,2.489296636085627,0.0054774218675051,0.1498470948012232,0.2531094527363184,0.0,0.4981938406906263,0.1879606879606879,0.0317164179104477,0.6681222707423581,0.0,14.107632572922546,0.0265904778327718,0.0398975109809663,-9.06829668130978,232600000.0,-24300000.0,-314900000.0,1318700000.0,370450000.0,48150000.0,28400000.0,69.53358208955224,17.24915445321308,10.349492671927846,1.2943386101422056,5.2176470588235295,8.696078431372548,0.0414238662275145,0.2832251885155185,2000-07-19,0.22,bmo,442200000.0,2025-04-22,2000-06-30,0.0909090909090908,13.360952380952382,898800.5079365079
2000-03-31,LH,USD,920148,2000-05-10,2000-05-10 00:00:00,2000,Q1,462700000.0,265400000.0,197300000.0,0.426410201,0,118400000.0,0.0,118400000.0,21500000.0,139900000.0,405300000.0,0.0,0.0,21500000.0,78900000.0,0.1705208558,57400000.0,0.1240544629,-9800000.0,47600000.0,0.1028744327,21900000.0,25700000.0,0.0555435487,0.21,0.19,51764706,58666667,https://www.sec.gov/Archives/edgar/data/920148/000092014800000022/0000920148-00-000022-index.html,https://www.sec.gov/Archives/edgar/data/920148/000092014800000022/,8.938522706957903,0.4964772715989153,0.9369318160524276,0.7282954528902376,0.7901136345679236,14.614204512240445,-0.8712499980198863,14.614204512240445,10.599886339545712,472611765.78,980411765.78,4.597390717704281,1.0214215815431165,9.74457249030928,12.536121108222812,0.6247346540383345,0.6247346540383345,2.1188929452777177,12.42600463599493,20.214675583092784,26.00561712944297,0.054378671588052,0.0797694910065977,0.7253139458030403,0.3429589349334333,6.435994930291508,1.9406875708349072,0.0,1.88715953307393,0.0097331474437758,0.178988326848249,0.255889345148044,0.0,0.5010313144571535,0.222680412371134,0.0233412578344499,0.5023255813953489,0.0,12.77698941901331,0.0216086853092931,0.0321934109983715,-9.915056795647596,249000000.0,-45100000.0,-329700000.0,1322000000.0,358100000.0,44450000.0,27650000.0,71.61875945537065,15.361718161266014,8.884702336096458,1.2566539923954372,5.858719646799117,10.129770992366412,0.0339722405816259,0.20863636316219,2000-04-24,0.11,bmo,282761111.0,2025-04-22,2000-03-31,0.6363636363636362,8.153968253968255,414007.1904761905
1999-12-31,LH,USD,920148,2000-03-17,2000-03-17 00:00:00,1999,Q4,422700000.0,259100000.0,163600000.0,0.3870357227,0,109000000.0,0.0,109000000.0,21500000.0,130500000.0,389600000.0,0.0,0.0,21500000.0,54600000.0,0.1291696238,33100000.0,0.0783061273,-10200000.0,22900000.0,0.0541755382,8700000.0,14200000.0,0.0335935652,0.27,0.27,51764706,51764706,https://www.sec.gov/Archives/edgar/data/920148/000092014800000009/0000920148-00-000009-index.html,https://www.sec.gov/Archives/edgar/data/920148/000092014800000009/,8.165795435986828,0.2743181811947314,0.996818179552686,0.6915909075191116,0.7785227255033574,14.183409058674073,-1.346477269667097,14.183409058674073,11.16204542917717,409976471.52,947476471.52,7.217895625352113,0.969899388502484,7.945280455813954,11.451856746368714,0.558398898828657,0.558398898828657,2.241486802744263,17.353048928937728,18.36194712248062,26.46582322681564,0.0346361339892337,0.0873220842827161,0.7869790247888858,0.3633505219469249,9.844322344322345,2.033794788273616,0.0,3.633802816901409,0.0112201560810193,0.323943661971831,0.2578660988881003,0.0,0.5055338951075337,0.3062015503875969,0.037378755618642,0.7348837209302326,0.0,9.35640192395655,0.014257356786395,0.0180592649116113,-10.434715885375644,253900000.0,-69700000.0,-356500000.0,1331000000.0,354350000.0,40850000.0,27750000.0,74.09510290986515,15.14473176379776,10.10806638363566,1.214655172413793,5.942660550458716,8.903780068728523,0.0193407790792699,0.3052272720335743,2000-02-15,,bmo,,2025-04-22,1999-12-31,,6.8459375,146319.25
1999-09-30,LH,USD,920148,1999-11-12,1999-11-12 00:00:00,1999,Q3,428600000.0,252500000.0,176100000.0,0.4108726085,0,115600000.0,0.0,115600000.0,20400000.0,136000000.0,388500000.0,0.0,0.0,20400000.0,60500000.0,0.1411572562,40100000.0,0.0935604293,-12300000.0,27800000.0,0.0648623425,10600000.0,17200000.0,0.040130658,0.075,0.075,57333333,57333333,https://www.sec.gov/Archives/edgar/data/920148/000092014899000061/0000920148-99-000061-index.html,https://www.sec.gov/Archives/edgar/data/920148/000092014899000061/,7.47558143881152,0.300000001744186,0.9244186100256896,0.6331395385647648,0.3436046531604921,12.608721003539076,-1.5645348928170633,12.608721003539076,10.27325587368172,338839998.03000003,908139998.03,4.92499997136628,0.790573957139524,6.39320751,9.334435207438018,0.4687231955042191,0.4687231955042191,2.118852071931871,15.01057847983471,17.134716943962264,25.01763079972452,0.0507614216149215,0.1071302095710261,0.8147738276386776,0.3653846153846153,9.4099173553719,1.9251439539347408,0.0,3.081395348837209,0.0135757290365487,0.2674418604651162,0.269715352309846,0.0,0.5040942928039702,0.3150943396226415,0.0389640690620625,0.8186274509803921,0.0,9.225446724614898,0.0173569833093927,0.0215161371028271,-10.215261687298034,241000000.0,-89700000.0,-387600000.0,1325800000.0,368600000.0,43000000.0,27300000.0,75.7419505366309,13.58019801980198,9.40990099009901,1.18824507901303,6.6272965879265096,9.56439393939394,0.0237930557476829,0.2912790714609248,1999-10-20,0.08,bmo,428600000.0,2025-04-22,1999-09-30,0.0,6.0809375,120923.375
1999-06-30,LH,USD,920148,1999-08-16,1999-08-16 00:00:00,1999,Q2,429500000.0,251600000.0,177900000.0,0.4142025611,0,114400000.0,0.0,114400000.0,21400000.0,135800000.0,387400000.0,0.0,0.0,21400000.0,63500000.0,0.1478463329,42100000.0,0.0980209546,-10100000.0,32000000.0,0.0745052386,12200000.0,19800000.0,0.0461001164,0.14,0.14,52142857,52142857,https://www.sec.gov/Archives/edgar/data/920148/0000920148-99-000044-index.html,https://www.sec.gov/Archives/edgar/data/920148/000092014899000044/0000920148-99-000044.txt,8.236986323936948,0.3797260284376055,0.9742465780116344,0.5638356179831113,0.3241095899290673,13.551232913838994,-2.1709589100574216,13.551232913838994,11.880821950358415,321721427.69,924321427.69,4.062139238510101,0.7490603671478463,6.33309897027559,10.942905703741497,0.455309124950467,0.455309124950467,2.152087142467986,14.556242955748033,18.19530369468504,31.43950434319728,0.0615439268132261,0.0913834064802449,0.876733654118313,0.3807153392330383,9.48976377952756,2.056936647955092,0.0,2.5527638190954773,0.0146089119203112,0.2373737373737373,0.2663562281722934,0.0,0.5038102261553589,0.421259842519685,0.049825378346915,1.0,0.0,10.760088602475047,0.0180322407586875,0.0245231607629427,-11.645410990809346,263600000.0,-113200000.0,-407600000.0,1351300000.0,380050000.0,45650000.0,29300000.0,78.89406286379511,17.134340222575517,10.087440381558029,1.1407702523240373,5.252609603340292,8.921985815602836,0.0280215114633455,0.4104109600285232,1999-07-22,0.13,bmo,363423076.0,2025-04-22,1999-06-30,0.1538461538461537,5.131746031746032,104871.50793650794
1999-03-31,LH,USD,920148,1999-05-13,1999-05-13 00:00:00,1999,Q1,417900000.0,253200000.0,164700000.0,0.3941134243,0,109100000.0,0.0,109100000.0,21200000.0,130300000.0,383500000.0,0.0,0.0,21200000.0,55600000.0,0.1330461833,34400000.0,0.0823163436,-11600000.0,22800000.0,0.0545585068,8700000.0,14100000.0,0.0337401292,0.05,0.05,62000000,62000000,https://www.sec.gov/Archives/edgar/data/920148/000092014899000029/0000920148-99-000029-index.html,https://www.sec.gov/Archives/edgar/data/920148/,6.740322580645161,0.2274193548387096,0.4048387096774193,0.1548387096774193,0.2629032258064516,11.151612903225807,-2.193548387096774,11.151612903225807,10.258064516129032,233120000.0,852820000.0,4.133333333333333,0.5578368030629337,9.287649402390436,24.28333333333333,0.3371709574775817,0.3371709574775817,2.040727446757597,15.338489208633094,33.97689243027889,88.83541666666666,0.0604838709677419,0.0411805078929306,0.9198727220133064,0.38818359375,11.14568345323741,1.9766829635201204,0.0,1.7801418439716312,0.0197323266986959,0.3262411347517731,0.2610672409667384,0.0,0.5050048828125,0.6175298804780877,0.0370902129696099,0.7311320754716981,0.0,7.553944914209361,0.0146130541355449,0.0173859432799013,-10.125806451612902,259700000.0,-136000000.0,-421400000.0,1347600000.0,379500000.0,46800000.0,30550000.0,82.61306532663318,15.426540284360188,10.805687203791468,1.0894160583941606,5.83410138248848,8.328947368421053,0.020393404686144,0.25,1999-04-22,0.05,bmo,417900000.0,2025-04-22,1999-03-31,0.0,3.661147540983607,225488.37704918036
1998-12-31,LH,USD,920148,1999-03-11,1999-03-11 00:00:00,1998,Q4,455200000.0,252000000.0,203200000.0,0.446397188,0,155300000.0,0.0,155300000.0,21300000.0,176600000.0,428600000.0,0.0,0.0,21300000.0,47900000.0,0.105228471,26600000.0,0.0584358524,-11700000.0,14900000.0,0.0327328647,-20400000.0,35300000.0,0.0775483304,0.57,0.57,62000000,62000000,https://www.sec.gov/Archives/edgar/data/920148/000092014899000007/0000920148-99-000007-index.html,https://www.sec.gov/Archives/edgar/data/920148/,7.341935483870968,0.5693548387096774,0.567741935483871,0.267741935483871,0.3661290322580645,10.987096774193548,-2.5,10.987096774193548,10.451612903225806,182900000.0,808200000.0,1.295325779036827,0.4018014059753954,5.196022727272728,11.018072289156626,0.2684967704051674,0.2684967704051674,1.7754833040421794,16.872651356993735,22.960227272727277,48.68674698795181,0.1930016402405686,0.0907599781301257,0.9512624779800352,0.3949052349320495,13.05427974947808,2.0648369132856006,0.0,0.9971671388101984,0.0256971022416621,0.1331444759206798,0.3411687170474516,0.0,0.5095983911268206,0.5284090909090909,0.0408611599297012,0.8732394366197183,0.0,11.863811614087952,0.0431045088552043,0.0438672797315769,-10.324193548387097,267700000.0,-155000000.0,-440600000.0,1363000000.0,375650000.0,49500000.0,29750000.0,74.22231985940246,17.928571428571427,10.964285714285714,1.2125732551944592,5.0199203187251,8.208469055374593,0.0518203170874926,0.3,1999-02-23,-0.01697,bmo,4916160000.0,2025-04-22,1998-12-31,15.499705362404246,3.1875,127872.78125
1998-09-30,LH,USD,920148,1998-11-13,1998-11-13 00:00:00,1998,Q3,398300000.0,257800000.0,140500000.0,0.352749184,0,86000000.0,0.0,86000000.0,20200000.0,106200000.0,364000000.0,0.0,0.0,20200000.0,54500000.0,0.136831534,34300000.0,0.086115993,-12000000.0,22300000.0,0.0559879488,10900000.0,11400000.0,0.028621642,0.006,0.006,50106000,50106000,https://www.sec.gov/Archives/edgar/data/920148/0000920148-98-000050-index.html,https://www.sec.gov/Archives/edgar/data/920148/0000920148-98-000050.txt,7.949147806649902,0.2275176625553825,0.4869676286273101,-0.0059873069093521,0.2315092004949507,12.986468686384864,-3.851834111683232,12.986468686384864,12.924599848321558,174869940.0,810869940.0,3.834867105263158,0.4390407732864675,7.166800819672132,-582.8998,0.2687412632549562,0.2687412632549562,2.035827115239769,14.87834752293578,33.232374590163936,-2702.8998,0.0651913073224591,-0.001715560719012,0.9952358998002152,0.4059933546486113,11.6697247706422,2.1858736059479558,0.0,2.1403508771929824,0.0263052643581852,0.4035087719298245,0.2159176500125533,0.0,0.5289323553382234,1.0122950819672132,0.0620135576198845,1.2227722772277227,0.0,8.153505228331952,0.0123945212044829,0.0151716795315411,-12.702570550433082,255200000.0,-193000000.0,-474000000.0,1351900000.0,366050000.0,50000000.0,29350000.0,84.9384885764499,17.036462373933283,10.054305663304888,1.0595903165735567,5.282786885245901,8.95138888888889,0.0175195942830797,0.4929549355366622,1998-10-27,0.1138,bmo,824247994.0,2025-04-22,1998-09-30,0.999121265377856,4.0415625,94823.390625
1998-06-30,LH,USD,920148,1998-08-14,1998-08-14 00:00:00,1998,Q2,386100000.0,243900000.0,142200000.0,0.3682983683,0,83400000.0,0.0,83400000.0,21400000.0,104800000.0,348700000.0,0.0,0.0,21400000.0,58800000.0,0.1522921523,37400000.0,0.0968660969,-12000000.0,25400000.0,0.0657860658,12600000.0,12800000.0,0.0331520332,0.025,0.025,52000000,52000000,https://www.sec.gov/Archives/edgar/data/920148/0000920148-98-000036-index.html,https://www.sec.gov/Archives/edgar/data/920148/0000920148-98-000036.txt,7.425,0.2461538461538461,0.7230769230769231,0.3,0.2980769230769231,12.392307692307693,-3.623076923076923,12.392307692307693,12.475,258440000.0,891640000.0,5.047656249999999,0.6693602693602694,6.873404255319149,16.566666666666666,0.4010552451893234,0.4010552451893234,2.309349909349909,15.163945578231292,23.713829787234044,57.156410256410254,0.0495279368518805,0.0603621730382293,1.0066728739913098,0.4133690180335181,10.768707482993197,2.075,0.0,2.9375,0.0177991023061445,0.359375,0.216006216006216,0.0,0.5306824698910342,0.5851063829787234,0.0569800569800569,1.02803738317757,0.0,8.284583243991651,0.0137320539850551,0.0173794976238968,-12.06346153846154,236500000.0,-188400000.0,-468400000.0,1324000000.0,349200000.0,55500000.0,30050000.0,83.03030303030303,18.8929889298893,11.03321033210332,1.083941605839416,4.763671875,8.157190635451505,0.0198634388578522,0.4230769230769231,1998-07-21,0.01125,bmo,955597500.0,2025-04-22,1998-06-30,1.6666666666666667,4.703650793650794,108078.36507936507
1998-03-31,LH,USD,920148,1998-05-14,1998-05-14 00:00:00,1998,Q1,373000000.0,242000000.0,131000000.0,0.3512064343,0,80300000.0,0.0,80300000.0,21300000.0,101600000.0,343600000.0,0.0,0.0,21300000.0,50700000.0,0.135924933,29400000.0,0.0788203753,-10600000.0,18800000.0,0.0504021448,9500000.0,9300000.0,0.0249329759,-0.025,-0.025,49802800,49802800,https://www.sec.gov/Archives/edgar/data/920148/000092014898000023/0000920148-98-000023-index.html,https://www.sec.gov/Archives/edgar/data/920148/,7.48953874079369,0.186736488711478,0.5602094661344342,0.2168552772133293,0.3754808966564129,12.774382163251865,-4.060012690049556,12.774382163251865,13.23419566771346,207179648.0,847579648.0,5.569345376344086,0.5554414155495978,7.425793835125448,19.18330074074074,0.3256517573090223,0.3256517573090223,2.2723314959785523,16.717547297830375,30.3791988530466,78.47959703703704,0.0448885790171822,0.0521286724070503,1.0359949701351776,0.4032179126391778,12.631163708086785,2.5067114093959733,0.0,3.0,0.0222029530622621,0.4946236559139785,0.2152815013404825,0.0,0.5129083567845344,0.6129032258064516,0.0458445040214477,0.8028169014084507,0.0,7.326149984066955,0.0101165950342769,0.0116804822908816,-14.215064213257088,314300000.0,-202200000.0,-475500000.0,1410500000.0,336400000.0,57850000.0,33100000.0,82.56836461126005,22.2396694214876,11.231404958677686,1.0900058445353595,4.046822742474917,8.013245033112582,0.0146180446400503,0.3433541889211048,1998-04-30,-0.1,bmo,604260000.0,2025-04-22,1998-03-31,-0.7999999999999999,4.170819672131147,113711.0655737705
1997-12-31,LH,USD,920148,1998-03-30,1998-03-30 00:00:00,1997,Q4,361400000.0,254600000.0,106800000.0,0.2955174322,0,262200000.0,0.0,262200000.0,21900000.0,284100000.0,538700000.0,0.0,0.0,21900000.0,-155400000.0,-0.429994466,-177300000.0,-0.4905921417,-13500000.0,-190800000.0,-0.5279468733,-72100000.0,-118700000.0,-0.3284449364,-2.4,-2.38,49417200,49802800,https://www.sec.gov/Archives/edgar/data/920148/000092014898000007/0000920148-98-000007-index.html,https://www.sec.gov/Archives/edgar/data/920148/,7.3132431622997665,-2.401997685016553,1.0117934646236533,0.6131468395619339,0.4714957545146224,12.748597654258033,-4.478197874424289,12.748597654258033,13.954655464089427,185808672.0,852108672.0,-0.3913409267059814,0.5141357830658551,3.71617344,6.132299405940594,0.2949344,0.2949344,2.3577993137797453,-5.483324787644787,17.04217344,28.122398415841584,-0.6388291715469556,0.1630709679685994,1.0946031746031746,0.4157974072957491,-4.287644787644788,2.6836215666327567,0.0,-0.4212299915754001,0.0242184605893959,-0.037910699241786,0.7255118981737687,0.0,0.5132951462164607,0.394,0.0545102379634753,0.8995433789954338,0.0,,-0.0754507251483272,-0.1470515361744301,-14.959366374460714,331000000.0,-221300000.0,-500900000.0,1437200000.0,422000000.0,49350000.0,37300000.0,82.32982844493635,19.760408483896303,12.72584446190102,1.0931639443436176,4.554561717352415,7.072222222222222,-0.1884126984126984,0.3986466250617194,1998-03-17,-0.12,bmo,,2025-04-22,1997-12-31,-0.1666666666666666,4.85734375,176232.375
1997-09-30,LH,USD,920148,1997-11-04,1997-11-04 00:00:00,1997,Q3,376500000.0,249300000.0,127200000.0,0.3378486056,0,79400000.0,0.0,79400000.0,21100000.0,100500000.0,349800000.0,0.0,0.0,21100000.0,47800000.0,0.1269588313,26700000.0,0.0709163347,-13300000.0,13400000.0,0.0355909695,8000000.0,5400000.0,0.0143426295,-0.12,-0.12,52800000,52800000,https://www.sec.gov/Archives/edgar/data/920148/000092014897000033/0000920148-97-000033-index.html,https://www.sec.gov/Archives/edgar/data/920148/,7.130681818181818,0.1022727272727272,0.3787878787878788,0.2462121212121212,0.3996212121212121,14.270833333333334,-2.159090909090909,14.270833333333334,13.513257575757576,297792000.0,990192000.0,13.786666666666664,0.7909482071713148,14.8896,22.90707692307692,0.3952116788321168,0.3952116788321168,2.62999203187251,20.71531380753138,49.5096,76.16861538461538,0.0181334622823984,0.0436546314205888,0.946914399469144,0.3959269740857888,14.485355648535563,3.3808049535603715,0.0,3.703703703703704,0.0,0.0,0.2108897742363877,0.0,0.4813828311414461,0.35,0.0185922974767596,0.3317535545023696,0.0,5.730543911595763,0.0066901084950179,0.0057778728867964,-11.802083333333334,461400000.0,-114000000.0,-393400000.0,1582800000.0,515750000.0,47700000.0,39750000.0,122.72509960159364,15.451263537906136,13.935018050541515,0.7333463186599143,5.824766355140187,6.458549222797927,0.0071665560716655,0.1325757575757575,1997-10-28,-0.07,bmo,266239284.0,2025-04-22,1997-09-30,0.7142857142857141,5.71578125,117253.84375
1997-06-30,LH,USD,920148,1997-08-14,1997-08-14 00:00:00,1997,Q2,389600000.0,257500000.0,132100000.0,0.3390657084,0,79300000.0,0.0,79300000.0,21900000.0,101200000.0,358700000.0,0.0,0.0,21900000.0,52800000.0,0.135523614,30900000.0,0.079312115,-20700000.0,10200000.0,0.0261806982,6100000.0,4100000.0,0.010523614,0.05,0.05,58000000,58000000,https://www.sec.gov/Archives/edgar/data/920148/000092014897000029/0000920148-97-000029-index.html,https://www.sec.gov/Archives/edgar/data/920148/,6.7172413793103445,0.0706896551724138,1.103448275862069,1.0224137931034485,0.5310344827586206,12.979310344827589,-2.0913793103448275,12.979310344827589,12.56206896551724,334660000.0,1032460000.0,20.406097560975606,0.8589835728952772,5.2290625,5.643507588532883,0.4445536663124335,0.4445536663124335,2.6500513347022587,19.554166666666667,16.1321875,17.41079258010118,0.0122512400645431,0.1771947648359529,0.9678533475026568,0.3972737186477644,13.215909090909092,3.1733396137541217,0.0,16.0,0.0,0.0,0.2035420944558521,0.0,0.4766085059978189,0.0734375,0.0120636550308008,0.2146118721461187,0.0,4.543546729666277,0.0076589925604576,0.0042712782581518,-11.058189655172416,461400000.0,-121300000.0,-407500000.0,1595900000.0,518650000.0,58350000.0,42000000.0,119.68429158110882,18.38446601941748,14.295145631067962,0.751978382551631,4.895437262357414,6.295843520782396,0.0054463336875664,0.0810344827586206,1997-07-29,0.06,bmo,454533333.0,2025-04-22,1997-06-30,-0.1666666666666666,6.4153125,191905.46875
1997-03-31,LH,USD,920148,1997-05-14,1997-05-14 00:00:00,1997,Q1,391500000.0,262900000.0,128600000.0,0.3284802043,0,78900000.0,0.0,78900000.0,21900000.0,100800000.0,363700000.0,0.0,0.0,21900000.0,49700000.0,0.1269476373,27800000.0,0.07100894,-21900000.0,5900000.0,0.0150702427,3500000.0,2400000.0,0.0061302682,0.05,0.05,48000000,48000000,https://www.sec.gov/Archives/edgar/data/920148/000092014897000021/0000920148-97-000021-index.html,https://www.sec.gov/Archives/edgar/data/920148/,8.15625,0.05,0.2166666666666666,0.1520833333333333,0.6145833333333334,5.427083333333333,-12.95,5.427083333333333,26.554166666666667,360960000.0,1606060000.0,37.6,0.9219923371647508,34.707692307692305,49.44657534246576,1.385642994241843,1.385642994241843,4.102324393358876,32.31509054325956,154.42884615384617,220.0082191780822,0.0066489361702127,0.0202238475177304,4.892898272552783,0.6666666666666666,25.0523138832998,1.3253666485605649,0.0,4.333333333333333,0.0,0.0,0.2015325670498084,0.0,0.4613735027982635,0.2980769230769231,0.0079182630906768,0.1415525114155251,0.0,2.4709246750963496,0.0067396594411294,0.0023305496212856,-25.228125,179700000.0,-621600000.0,-919400000.0,1333800000.0,512400000.0,64900000.0,43700000.0,119.35632183908046,21.94370483073412,14.754659566375048,0.7540446841294299,4.101404056162247,6.099767981438515,0.0092130518234165,0.0645833333333333,1997-04-25,0.1,bmo,528525000.0,2025-04-22,1997-03-31,-0.5,7.1427868852459016,95185.67213114754
1996-12-31,LH,USD,920148,1997-04-11,1997-04-11 00:00:00,1996,Q4,391200000.0,266300000.0,124900000.0,0.3192740286,0,267000000.0,0.0,267000000.0,21200000.0,288200000.0,554500000.0,0.0,0.0,21200000.0,-142100000.0,-0.3632413088,-163300000.0,-0.4174335378,165400000.0,2100000.0,0.0053680982,900000.0,1200000.0,0.0030674847,0.025,0.025,48000000,48000000,https://www.sec.gov/Archives/edgar/data/920148/000092014897000012/0000920148-97-000012-index.html,https://www.sec.gov/Archives/edgar/data/920148/,8.15,0.025,-3.525,-3.6875,0.6104166666666667,5.377083333333333,-13.1875,5.377083333333333,26.672916666666666,296160000.0,1547160000.0,61.7,0.7570552147239263,-1.750354609929078,-1.673220338983051,1.1474622239442076,1.1474622239442076,3.954907975460123,-10.887825475017593,-9.143971631205671,-8.741016949152542,0.0040518638573743,-0.5976499189627229,4.960480433940333,0.667866458007303,-8.8036593947924,2.8540348101265822,0.0,-141.0,0.0,0.0,0.6825153374233128,0.0,0.4648408972352634,-0.0460992907801418,0.0199386503067484,0.3679245283018867,0.0,1.7391404126751813,-0.0554485030092612,0.0011697046495759,-25.588541666666668,468700000.0,-633000000.0,-937400000.0,1642700000.0,500000000.0,69950000.0,45050000.0,116.31901840490796,22.204280886218548,14.971836274877957,0.7737341772151899,4.053272450532725,6.011286681715576,0.0046493607129019,0.1625,1997-02-20,,bmo,,2025-04-22,1996-12-31,,6.9467187500000005,130574.8125
1996-09-30,LH,USD,920148,1996-11-14,1996-11-14 00:00:00,1996,Q3,402600000.0,286500000.0,116100000.0,0.2883755589,0,75600000.0,0.0,75600000.0,20900000.0,96500000.0,383000000.0,0.0,0.0,20900000.0,40500000.0,0.1005961252,19600000.0,0.0486835569,-202100000.0,-182500000.0,-0.4533035271,-36100000.0,-146400000.0,-0.3636363636,-2.98,-2.98,49210084,49210084,https://www.sec.gov/Archives/edgar/data/920148/000092014896000024/0000920148-96-000024-index.html,https://www.sec.gov/Archives/edgar/data/920148/,8.181250005588286,-2.975000002032104,0.0690915301018384,-0.1828893443872195,0.5730532790799544,5.220474730341854,-12.76567623822792,5.220474730341854,22.39581627212829,409427898.88,1483327898.88,-0.6991596633879782,1.0169595103825138,120.41997025882353,-45.49198876444444,1.593724791280654,1.593724791280654,3.684371333532042,36.62538021925926,436.2729114352941,-164.81421098666667,-0.3575721156288586,-0.0219818923542331,4.289996107434799,0.5774994760008384,26.516049382716048,0.4735031425736024,0.0,-0.0232240437158469,0.0,0.0,0.187779433681073,0.0,0.4637916579333473,3.647058823529412,0.0307998012916045,0.5933014354066986,0.0,,0.0105579901316878,-0.1430665493990032,-24.98674865094723,-795800000.0,-628200000.0,-935800000.0,378600000.0,482350000.0,73250000.0,49850000.0,110.521609538003,23.308900523560208,14.38743455497382,0.8143203883495146,3.861185983827493,6.255458515283843,-0.5698715453483846,0.251980874489058,1996-11-14,0.09,bmo,,2025-04-22,1996-09-30,-34.05555555555556,10.5459375,91151.53125
1996-06-30,LH,USD,920148,1996-08-14,1996-08-14 00:00:00,1996,Q2,410000000.0,286400000.0,123600000.0,0.3014634146,0,81900000.0,0.0,81900000.0,21600000.0,103500000.0,389900000.0,0.0,0.0,21600000.0,41700000.0,0.1017073171,20100000.0,0.0490243902,-39800000.0,-19700000.0,-0.0480487805,-5500000.0,-14200000.0,-0.0346341463,-0.3,-0.3,47333333,47333333,https://www.sec.gov/Archives/edgar/data/920148/000092014896000015/0000920148-96-000015-index.html,https://www.sec.gov/Archives/edgar/data/920148/,8.661971891985717,-0.3000000021126761,-0.8492957806288435,-1.250704234159889,0.5197183135191431,8.520422595214244,-10.297183171106925,8.520422595214244,22.86971847091351,736979994.8100001,1794879994.81,-12.97499990862676,1.7975121824634148,-18.332835691791047,-12.448986398817569,1.8273741502851475,1.8273741502851475,4.377756084902439,43.04268572685852,-44.64875608980099,-30.31891883125,-0.0192678228717197,-0.0803278249299864,2.684106124473097,0.5894685253757351,25.36930455635492,0.4836071837982422,0.0,2.830985915492957,0.0,0.0,0.1997560975609756,0.0,0.4850250490089305,-0.472636815920398,0.0463414634146341,0.8796296296296297,0.0,,0.0090501123574841,-0.0150153325578936,-21.735739589688308,-675700000.0,-487400000.0,-800300000.0,512300000.0,460450000.0,90650000.0,58750000.0,103.23658536585364,22.71997206703911,16.937849162011176,0.8717839676802042,3.9612724757952975,5.313543599257885,-0.0352095214480535,0.4014084535310454,1996-08-01,0.32,bmo,,2025-04-22,1996-06-30,-0.59375,17.522698412698414,85944.47619047618
1996-03-31,LH,USD,920148,1996-05-14,1996-05-14 00:00:00,1996,Q1,403900000.0,289800000.0,114100000.0,0.2824956672,0,65500000.0,0.0,65500000.0,20800000.0,86300000.0,376100000.0,0.0,0.0,20800000.0,48600000.0,0.1203268136,27800000.0,0.068828918,-16000000.0,11800000.0,0.0292151523,5900000.0,5900000.0,0.0146075761,0.13,0.13,47200000,47200000,https://www.sec.gov/Archives/edgar/data/920148/000092014896000009/0000920148-96-000009-index.html,https://www.sec.gov/Archives/edgar/data/920148/,8.557203389830509,0.125,0.4067796610169492,0.0911016949152542,0.3326271186440678,8.845338983050848,-10.358050847457626,8.845338983050848,21.42372881355932,849127999.9999999,1844628000.0,35.98,2.102322357019064,44.22541666666666,197.47162790697672,2.033839520958084,2.033839520958084,4.567041346868036,37.95530864197531,96.074375,428.9832558139535,0.0069483046136742,0.0050640186167456,2.4220359281437127,0.5507025378499074,20.483539094650205,1.743377954998576,0.0,3.254237288135593,0.0,0.0,0.1621688536766526,0.0,0.493628145082235,0.7760416666666666,0.0368903193859866,0.7163461538461539,0.0,4.987736549761877,0.0089216944801026,0.006345450634545,-21.89088983050847,261000000.0,-488900000.0,-806600000.0,1469300000.0,438100000.0,107600000.0,58650000.0,100.406041099282,33.85093167701864,19.751552795031056,0.8963604083444296,2.6587155963302758,4.556603773584905,0.0141317365269461,0.3156779661016949,1996-04-25,0.19,bmo,,2025-04-22,1996-03-31,-0.3157894736842105,17.326190476190476,35283.06349206349
1995-12-31,LH,USD,920148,1996-03-29,1996-03-29 00:00:00,1995,Q4,403400000.0,289400000.0,114000000.0,0.2825979177,0,151200000.0,0.0,151200000.0,20300000.0,171500000.0,460900000.0,0.0,0.0,20300000.0,-37200000.0,-0.0922161626,-57500000.0,-0.1425384234,58300000.0,800000.0,0.0019831433,400000.0,400000.0,0.0009915716,0.0085,0.0085,47200000,47200000,https://www.sec.gov/Archives/edgar/data/920148/000092014896000005/0000920148-96-000005-index.html,https://www.sec.gov/Archives/edgar/data/920148/,8.546610169491526,0.0084745762711864,0.902542372881356,0.7415254237288136,0.3474576271186441,8.720338983050848,-10.701271186440678,8.720338983050848,21.41737288135593,950136000.0,1944636000.0,593.8349999999999,2.355319781854239,22.303661971830984,27.146742857142858,2.3083965014577257,2.3083965014577257,4.820614774417452,-52.27516129032258,45.6487323943662,55.56102857142857,0.0004209923631985,0.0368368317798715,2.456025267249757,0.5502394948835184,-26.733870967741936,1.7115549215406562,0.0,106.5,0.0001052480907996,0.25,0.3748140803173029,0.0,0.4989658175484432,0.1784037558685446,0.0188398611799702,0.3743842364532019,0.0,1.2894869138558398,-0.0184590690208667,0.000434546442151,-22.52436440677966,249400000.0,-505100000.0,-825700000.0,1470900000.0,431000000.0,83900000.0,54000000.0,94.95290034705008,33.026952315134764,16.700069108500347,0.9478383458646616,2.725047080979284,5.389199255121043,0.0009718172983479,0.1610169491525423,1996-02-13,0.38,bmo,,2025-04-22,1995-12-31,-0.5263157894736842,18.933015873015872,55016.36507936508
1995-09-30,LH,USD,920148,1995-11-14,1995-11-14 00:00:00,1995,Q3,417500000.0,288000000.0,129500000.0,0.3101796407,0,66900000.0,0.0,66900000.0,19400000.0,86300000.0,374300000.0,0.0,0.0,19400000.0,62600000.0,0.1499401198,43200000.0,0.1034730539,-17000000.0,26200000.0,0.062754491,11800000.0,14400000.0,0.034491018,0.3,0.3,48000000,48000000,https://www.sec.gov/Archives/edgar/data/920148/000092014895000023/0000920148-95-000023-index.html,https://www.sec.gov/Archives/edgar/data/920148/,8.697916666666666,0.3,0.0875,-0.8604166666666667,0.5208333333333334,8.575,-10.697916666666666,8.575,21.4125,1018080000.0,2020880000.0,17.675,2.43851497005988,242.40000000000003,-24.65084745762712,2.4734693877551024,2.4734693877551024,4.840431137724551,32.282428115015975,481.1619047619048,-48.9317191283293,0.0141442715700141,-0.0405665566556655,2.497084548104956,0.5625923695878263,16.01916932907348,1.8957665169980755,0.0,0.2916666666666667,0.0,0.0,0.1602395209580838,0.0,0.5063769226558651,10.833333333333334,0.1089820359281437,2.345360824742268,0.0,7.607972791749455,0.0149905369343908,0.0159680638722554,-21.58020833333333,279300000.0,-513500000.0,-824200000.0,1496600000.0,419700000.0,55700000.0,53100000.0,94.074251497006,19.25,16.96875,0.9566911090742438,4.675324675324675,5.303867403314917,0.0349854227405247,0.9479166666666666,1995-10-25,0.3,bmo,,2025-04-22,1995-09-30,0.0,27.701746031746037,89434.46031746031
1995-06-30,LH,USD,920148,1995-08-11,1995-08-11 00:00:00,1995,Q2,367300000.0,246600000.0,120700000.0,0.3286142118,0,57400000.0,0.0,57400000.0,18500000.0,75900000.0,322500000.0,0.0,0.0,18500000.0,63300000.0,0.1723386877,44800000.0,0.1219711408,-92100000.0,-47300000.0,-0.128777566,-15700000.0,-39900000.0,-0.1086305472,-0.9,-0.9,44333333,44333333,https://www.sec.gov/Archives/edgar/data/920148/000092014895000016/0000920148-95-000016-index.html,https://www.sec.gov/Archives/edgar/data/920148/,8.284962468307988,-0.9000000067669174,0.5864661698230539,-0.0586466169823053,1.0285714363050484,8.9593985636045,-11.896240690949178,8.9593985636045,18.26842118998813,1261726657.18,2026026657.18,-7.905555496115288,3.4351392790089847,48.52794835307693,-485.27948353076926,3.176552510523666,3.176552510523666,5.515999611162537,32.006740239810426,77.92410219923077,-779.2410219923078,-0.0316233312286337,-0.0020606682003621,2.039023162134945,0.450996770241675,12.074249605055291,1.8052648271487477,0.0,-0.8227848101265823,0.0,0.0,0.1562755240947454,0.0,0.5148680253925827,1.1,0.0778655050367547,1.545945945945946,0.0,,0.0193182790454776,-0.0457988980716253,-23.11578964748714,253900000.0,-527400000.0,-829400000.0,1464400000.0,310200000.0,44150000.0,36000000.0,98.7476177511571,18.175182481751825,18.94160583941606,0.9114143920595532,4.951807228915663,4.7514450867052025,-0.100453172205438,0.6451127868053593,1995-08-01,0.36,bmo,,2025-04-22,1995-06-30,-0.0277777777777778,28.674126984126985,125222.71428571428
1995-03-31,LH,USD,920148,1995-05-15,1995-05-15 00:00:00,1995,Q1,243800000.0,154900000.0,88900000.0,0.3646431501,0,38000000.0,0.0,38000000.0,14200000.0,52200000.0,207100000.0,0.0,0.0,14200000.0,50900000.0,0.2087776866,36700000.0,0.150533224,-13300000.0,23400000.0,0.0959803117,10600000.0,12800000.0,0.0525020509,0.38,0.38,34133333,34133333,https://www.sec.gov/Archives/edgar/data/920148/000092014895000011/0000920148-95-000011-index.html,https://www.sec.gov/Archives/edgar/data/920148/,7.14257819475174,0.3750000036621094,-0.7558593823814392,-1.0166015724277495,0.6181640685367584,5.244140676212312,-10.84570323091507,5.244140676212312,18.60644549420357,1099775989.26,1713775989.26,21.479999790234377,4.510976165955701,-42.62697632790698,-31.69383254351585,6.14399994,6.14399994,7.029433918211649,33.66946933713163,-66.42542594031008,-49.38835703919308,0.0116387338194323,-0.0315518799636173,3.54804469273743,0.6182827102803738,12.06286836935167,1.7605872388481083,0.0,-2.015625,0.0,0.0,0.1558654634946677,0.0,0.5346573208722741,-0.3449612403100775,0.0365053322395406,0.6267605633802817,0.0,6.651874727296453,0.022518467386667,0.0267782426778242,-19.160156437110903,134700000.0,-370200000.0,-536400000.0,822500000.0,211400000.0,41400000.0,20100000.0,80.25430680885972,22.369270497094902,11.678502259522274,1.1214351425942963,4.023376623376623,7.706467661691542,0.0715083798882681,0.2607421900463104,1995-04-27,0.38,bmo,,2025-04-22,1995-03-31,0.0,29.50063492063492,109163.30158730158
1994-12-31,LH,USD,920148,1995-03-03,1995-03-03 00:00:00,1994,Q4,234900000.0,153200000.0,81700000.0,0.3478075777,0,43700000.0,0.0,43700000.0,11700000.0,55400000.0,208600000.0,0.0,0.0,11700000.0,38000000.0,0.1617709664,26300000.0,0.1119625372,-12100000.0,14200000.0,0.0604512559,6500000.0,7700000.0,0.0327799063,0.23,0.23,34133333,34133333,https://www.sec.gov/Archives/edgar/data/920148/000092014895000005/0000920148-95-000005-index.html,https://www.sec.gov/Archives/edgar/data/920148/,6.88183600470543,0.2255859397029876,0.2519531274604797,-0.0996093759727478,0.7851562576675416,4.863281297492981,-11.305664172906877,4.863281297492981,17.660156422462464,971434657.18,1547434657.18,31.540086272077925,4.135524296211154,112.95751827674418,-285.7160756411765,5.852016007108435,5.852016007108435,6.58763157590464,40.72196466263158,179.9342624627907,-455.1278403470589,0.0079264209312363,-0.0034999780735329,3.6313253012048192,0.5952404463315888,15.157894736842104,1.4447731755424065,0.0,1.1168831168831168,0.0,0.0,0.1860366113239676,0.0,0.544978769625753,1.3953488372093024,0.0510855683269476,1.0256410256410255,0.0,4.968347545667038,0.0167997026806853,0.0167100694444444,-19.212890812625886,90200000.0,-385900000.0,-553700000.0,782200000.0,209900000.0,47150000.0,10050000.0,78.69731800766283,26.02480417754569,11.808093994778067,1.1436222005842258,3.4582392776523703,7.621890547263682,0.0463855421686747,0.3515625034332276,1995-02-28,0.35,bmo,,2025-04-22,1994-12-31,0.0,28.444444444444443,196559.14285714287
1994-09-30,LH,USD,920148,1994-11-14,1994-11-14 00:00:00,1994,Q3,248700000.0,159800000.0,88900000.0,0.3574587857,0,41100000.0,0.0,41100000.0,13300000.0,54400000.0,214200000.0,0.0,0.0,13300000.0,47800000.0,0.1921994371,34500000.0,0.138721351,-32400000.0,2100000.0,0.0084439083,1900000.0,200000.0,0.0008041817,0.0059,0.0059,34153846,34153846,https://www.sec.gov/Archives/edgar/data/920148/000092014894000010/0000920148-94-000010-index.html,https://www.sec.gov/Archives/edgar/data/920148/,7.281756789557463,0.0058558558822335,0.3220720735228471,-0.0351351352934015,0.5738738764588913,4.561711732259963,-12.10405410857682,4.561711732259963,18.583558642268283,944353841.9,1559453841.9,1180.442302375,3.797160602734218,85.85034926363636,-786.9615349166667,6.061321193196405,6.061321193196405,6.270421559710495,32.62455736192469,141.7685310818182,-1299.54486825,0.0002117850228655,-0.0012707101371935,4.073812580231065,0.6234774066797643,12.868200836820083,1.329119850187266,0.0,55.0,0.0,0.0,0.1652593486127865,0.0,0.5591355599214145,1.1090909090909091,0.0490550864495375,0.9172932330827068,0.0,0.7752653389705941,0.0037495313085864,0.0004456327985739,-19.96261270253429,70300000.0,-413400000.0,-578300000.0,778200000.0,234750000.0,47950000.0,0.0,77.58745476477684,28.160200250312897,0.0,1.1599813432835822,3.196,0.0,0.0012836970474967,0.3572072088162487,1994-11-09,0.48,bmo,,2025-04-22,1994-09-30,-0.1666666666666666,25.86453125,130746.46875
1994-06-30,LH,USD,920148,1994-08-15,1994-08-15 00:00:00,1994,Q2,203900000.0,129900000.0,74000000.0,0.3629230015,0,0.0,0.0,33500000.0,10000000.0,43500000.0,173400000.0,0.0,0.0,10000000.0,40500000.0,0.1986267778,30500000.0,0.149583129,-5700000.0,24800000.0,0.1216282491,10700000.0,14100000.0,0.0691515449,0.4,0.4,35250000,35250000,https://www.sec.gov/Archives/edgar/data/920148/000092014894000003/0000920148-94-000003-index.html,https://www.sec.gov/Archives/edgar/data/920148/,5.784397163120567,0.4,-0.2070921985815602,-0.6156028368794326,0.7687943262411348,4.4198581560283685,-11.24822695035461,4.4198581560283685,16.817021276595746,984180000.0,1549880000.0,17.45,4.8267778322707215,-134.8191780821918,-45.35391705069125,6.316944801026958,6.316944801026958,7.60117704757234,38.26864197530864,-212.3123287671233,-71.42304147465438,0.0143266475644699,-0.0220488122091487,3.804878048780488,0.5830628503983476,13.9679012345679,1.5536895674300255,0.0,-0.5177304964539007,0.0069093052083968,0.4822695035460992,0.0,0.0,0.5432280908822662,-1.9726027397260275,0.0706228543403629,1.44,0.0,6.307037609231082,0.0203960548182211,0.0303617571059431,-18.226241134751778,108800000.0,-396500000.0,-555600000.0,794700000.0,197250000.0,42150000.0,0.0,112.59931338891614,31.801385681293304,0.0,0.7992943943551548,2.8300653594771243,0.0,0.0905006418485237,0.4085106382978723,1994-07-26,0.49,bmo,,2025-04-22,1994-06-30,-0.183673469387755,26.543709677419358,129704.17741935483
1994-03-31,LH,USD,920148,1994-03-31,1994-03-30 19:00:00,1994,Q1,185000000.0,126000000.0,59000000.0,0.3189189189,0,0.0,0.0,31000000.0,9400000.0,40400000.0,166400000.0,0.0,0.0,9400000.0,28000000.0,0.1513513514,18600000.0,0.1005405405,-4300000.0,14300000.0,0.0772972973,6200000.0,8100000.0,0.0437837838,0.25,0.25,32400000,32400000,,,5.709876543209877,0.25,0.074074074074074,-0.2438271604938271,0.9074074074074074,4.385802469135802,-4.691358024691358,4.385802469135802,10.820987654320987,930852000.0,1252052000.0,28.73,5.031632432432432,387.855,-117.8293670886076,6.550682617874736,6.550682617874736,6.767848648648648,44.716142857142856,521.6883333333334,-158.48759493670886,0.0087017055342847,-0.0084868486075122,2.467276565798733,0.5543959519291588,11.471428571428572,1.7451612903225806,0.0,0.2962962962962963,0.0073051355102637,0.8395061728395061,0.0,0.0,0.4650537634408602,4.291666666666667,0.0556756756756756,1.0957446808510638,0.0,4.966904356728533,0.0200602900526739,0.0239432456399645,-10.998456790123456,92400000.0,-152000000.0,-273900000.0,492100000.0,129200000.0,37650000.0,0.0,67.81621621621622,27.428571428571427,0.0,1.327116212338594,3.28125,0.0,0.0570021111893033,0.3179012345679012,1994-04-25,0.48,bmo,,2025-04-22,1994-03-31,-0.4791666666666666,30.207619047619048,128873.0
1993-12-31,LH,USD,920148,1993-12-31,1993-12-30 19:00:00,1993,Q4,168900000.0,115300000.0,53600000.0,0.3173475429,0,0.0,0.0,31000000.0,5400000.0,36400000.0,151700000.0,0.0,0.0,5400000.0,22600000.0,0.1338069864,17200000.0,0.1018354056,-3600000.0,13600000.0,0.0805210184,5900000.0,7700000.0,0.045589106,0.22,0.22,34490421,35534884,,,4.897011839896068,0.2232503917536988,-0.005798711474122,-0.4494001392444586,0.3566207556585059,4.082292877781921,-4.07939352204486,4.082292877781921,9.301133204491762,1055406882.6,1363906882.6,34.26645722727273,6.24870860035524,-5277.034413,-68.09076661935484,7.49578751846591,7.49578751846591,8.075233171107163,60.3498620619469,-6819.534412999999,-87.99399242580644,0.0072957644363953,-0.0146862790602764,2.278409090909091,0.5479077711357814,13.650442477876108,1.5161290322580645,0.0,-0.0259740259740259,0.0065377629365101,0.8961038961038961,0.0,0.0,0.4807856532877882,-76.5,0.0905861456483126,2.833333333333333,0.0,4.52834444305072,0.0200292786797977,0.025328947368421,-9.9491392117249,62400000.0,-140700000.0,-261400000.0,444000000.0,127550000.0,38250000.0,0.0,63.41030195381882,28.8031222896791,0.0,1.419327731092437,3.124661246612466,0.0,0.0546875,0.4436014277703365,1994-02-07,0.76,bmo,,2025-04-22,1993-12-31,-0.6710526315789473,29.778125,206418.234375
1993-09-30,LH,USD,920148,1993-09-30,1993-09-29 20:00:00,1993,Q3,194800000.0,102600000.0,92200000.0,0.4733059548,0,0.0,0.0,29300000.0,9200000.0,38500000.0,141100000.0,0.0,0.0,9100000.0,62900000.0,0.3228952772,53700000.0,0.2756673511,12500000.0,66200000.0,0.339835729,28000000.0,38200000.0,0.1960985626,1.08,1.08,35534884,35534884,,,5.481937129723007,1.0749999915575916,0.2392015688020819,0.0759816747959554,0.5262434513645802,4.800916192662962,-1.9980366335232724,4.800916192662962,6.641361204387216,1163767451.0,1381067451.0,7.616279129581152,5.974165559548255,136.91381776470587,431.0249818518519,6.821614601406799,6.821614601406799,7.08966863963039,21.956557249602543,162.47852364705884,511.5064633333334,0.0328244272231325,0.0023200511388077,1.3833528722157094,0.4431092752534735,3.4546899841017487,1.43265306122449,0.0,0.2225130890052356,0.0061008752168649,0.1858638743455497,0.0,0.0,0.4536237326323695,0.6823529411764706,0.0297741273100616,0.6373626373626373,0.0,10.775999234320745,0.0708436421203569,0.1312714776632302,-6.788399815797908,53000000.0,-71000000.0,-186500000.0,380300000.0,123700000.0,38500000.0,0.0,62.879876796714576,34.73684210526316,0.0,1.4313005143277002,2.590909090909091,0.0,0.223915592028136,0.1632198940061265,1993-10-25,0.89,bmo,,2025-04-22,1993-09-30,-0.0112359550561797,36.1253125,145973.71875
1993-06-30,LH,USD,920148,1993-06-30,1993-06-29 20:00:00,1993,Q2,197000000.0,101100000.0,95900000.0,0.4868020305,0,0.0,0.0,29800000.0,8800000.0,38600000.0,139700000.0,0.0,0.0,8900000.0,66200000.0,0.3360406091,57300000.0,0.2908629442,-2100000.0,55200000.0,0.2802030457,22000000.0,33200000.0,0.1685279188,0.93,0.93,35891892,35891892,,,5.488704802744865,0.9249999972138554,0.4485692757573215,-0.1030873490870862,1.0475903582903905,4.739231913436049,-0.8386295155462966,4.739231913436049,5.764533115167069,1416294058.32,1585594058.32,10.664864896987952,7.189309940710659,87.96857505093168,-382.7821779243243,8.32624372910053,8.32624372910053,8.048700803654823,23.95157187794561,98.48410300124225,-428.53893468108106,0.0234414596354246,-0.0026124518268394,1.2163433274544386,0.41604665192037,2.5574018126888216,1.4544025157232705,0.0,0.4849397590361445,0.0052249036536789,0.2228915662650602,0.0,0.0,0.4025738990548964,1.2298136645962734,0.1005076142131979,2.224719101123596,0.0,9.931528779663964,0.0856650347458634,0.1117468865701784,-5.742940494750179,57800000.0,-30100000.0,-142200000.0,340200000.0,104450000.0,37800000.0,0.0,50.847715736040605,33.29376854599407,0.0,1.769991015274034,2.7032085561497325,0.0,0.1951793062904174,0.5516566248444078,1993-07-23,0.93,bmo,,2025-04-22,1993-06-30,0.0,38.39412698412698,158764.26984126985
1993-03-31,LH,USD,920148,1993-03-31,1993-03-30 19:00:00,1993,Q1,199800000.0,102400000.0,97400000.0,0.4874874875,0,0.0,0.0,31300000.0,8800000.0,40100000.0,142500000.0,0.0,0.0,8800000.0,66100000.0,0.3308308308,57300000.0,0.2867867868,-1200000.0,56100000.0,0.2807807808,22500000.0,33600000.0,0.1681681682,0.9,0.9,37333333,37333333,,,5.351785762069516,0.9000000080357143,0.8785714364158164,0.7633928639588649,1.408928584008291,5.697321479440371,0.6937500061941965,5.697321479440371,3.846428605771684,1373119987.74,1464119987.74,10.216666575446428,6.872472411111112,41.86341426036586,48.17964869263158,6.455665198589562,6.455665198589562,7.327927866566567,22.15007545748865,44.637804504268296,51.37263114877193,0.0244698207731298,0.0207556515486368,0.6751292900799247,0.2984206151288445,1.3767019667170952,1.441108545034642,0.0,0.9761904761904762,0.0055348404129698,0.2261904761904762,0.0,0.0,0.3881961762261014,0.1310975609756097,0.0215215215215215,0.4886363636363636,0.0,10.741078204201084,0.0890701182910462,0.1141304347826086,-3.822321462699299,57300000.0,25900000.0,-81300000.0,326200000.0,97850000.0,38350000.0,0.0,43.96396396396396,33.57421875,0.0,2.047131147540984,2.680628272251309,0.0,0.157968970380818,0.1151785724569515,1993-05-19,0.87,bmo,,2025-04-22,1993-03-31,0.0344827586206896,34.104354838709675,331455.8548387097
1992-12-31,LH,USD,920148,1992-12-31,1992-12-30 19:00:00,1992,Q4,180300000.0,102900000.0,77400000.0,0.4292845258,0,0.0,0.0,29500000.0,5400000.0,34900000.0,137800000.0,0.0,0.0,5400000.0,47900000.0,0.2656683306,42500000.0,0.2357182474,-130000000.0,-87500000.0,-0.485302274,-36900000.0,-50600000.0,-0.2806433722,-1.36,-1.34,37069767,37625000,,,4.863801814562255,-1.3649937427445928,-0.1807402781895014,-0.5260351380142206,0.9010037748551264,5.732434196308814,0.6528230943561096,5.732434196308814,3.9250314144138,1423108355.13,1535208355.13,-7.031167762500001,7.893002524292846,-212.4042321089552,-72.97991564769231,6.696980494729412,6.696980494729412,8.514744066167498,32.05027881273487,-229.13557539253733,-78.72863359641026,-0.0355559714181972,-0.0137024000524673,0.6847058823529412,0.3047758692919983,2.3402922755741127,1.2168021680216805,0.0,0.1324110671936759,0.0052701538663335,-0.1482213438735178,0.0,0.0,0.3944281524926686,-1.9104477611940296,0.0709927897947864,2.3703703703703702,0.0,,0.0629054078759735,-0.175025942580422,-4.260210213892091,32000000.0,24200000.0,-85300000.0,304800000.0,93250000.0,37100000.0,0.0,48.968386023294514,33.673469387755105,0.0,1.837920489296636,2.672727272727273,0.0,-0.2381176470588235,0.3452948598247191,1992-12-30,,bmo,,2025-04-22,1992-12-31,,45.751875,180991.890625
1992-09-30,LH,USD,920148,1992-09-30,1992-09-29 20:00:00,1992,Q3,183600000.0,101000000.0,82600000.0,0.4498910675,0,0.0,0.0,30500000.0,0.0,30500000.0,131500000.0,0.0,0.0,7700000.0,59800000.0,0.325708061,52100000.0,0.2837690632,-2500000.0,49600000.0,0.2701525054,19500000.0,30100000.0,0.1639433551,0.8,0.8,37625000,37625000,,,4.879734219269103,0.8,1.017940199335548,0.7441860465116279,1.7754152823920266,7.178737541528239,2.13687707641196,7.178737541528239,2.259136212624585,1717205000.0,1735405000.0,14.2625,9.352968409586056,44.83563968668408,61.32875,6.357663828211773,6.357663828211773,9.452096949891068,29.02015050167224,45.31083550913838,61.97875,0.0175284837861524,0.0163055663127,0.3146982599037393,0.1872659176029962,0.3043478260869565,1.9299014238773275,0.0,1.2724252491694352,0.0043675624051874,0.2491694352159468,0.0,0.0,0.4179334655210399,0.2689295039164491,0.0561002178649237,1.3376623376623376,0.0,11.367377698814634,0.0871956345746668,0.1139288417865253,-1.3475083056478403,84900000.0,80400000.0,-7600000.0,345100000.0,87200000.0,35150000.0,0.0,43.333333333333336,31.81188118811881,0.0,2.076923076923077,2.8291316526610646,0.0,0.1114402073306183,0.2737541528239202,1993-02-17,0.81,bmo,,2025-04-22,1992-09-30,-0.0123456790123456,47.04015625,116617.9375
1992-06-30,LH,USD,920148,1992-06-30,1992-06-29 20:00:00,1992,Q2,181100000.0,92800000.0,88300000.0,0.4875759249,0,0.0,0.0,29300000.0,6900000.0,36200000.0,129000000.0,0.0,0.0,6900000.0,59000000.0,0.3257868581,52100000.0,0.2876863611,-700000.0,51400000.0,0.2838210933,20000000.0,31400000.0,0.1733848702,0.83,0.83,38060606,38060606,,,4.758200644519428,0.8250000013136942,0.6647293004215434,0.4492834402058653,1.234872613431326,6.502786634558578,1.5002388558921,6.502786634558578,2.2332802583332487,1686084845.8,1724084845.8,13.42424240286624,9.3102421082275,66.6436697944664,98.60145297076023,6.812464023434343,6.812464023434343,9.520070932081724,29.221777047457625,68.14564607905137,100.82367519298244,0.0186230248603542,0.0101418383793649,0.3434343434343434,0.1990166237415125,0.6440677966101694,1.7776484284051222,0.0,0.8057324840764332,0.0039143937604566,0.2101910828025477,0.0,0.0,0.445797237180988,0.3241106719367589,0.0452788514632799,1.1884057971014492,0.0,10.986718213197411,0.0932814374535286,0.1326573722010984,-1.7892515952058146,66800000.0,57100000.0,-26900000.0,323400000.0,83200000.0,30850000.0,0.0,42.73881833241303,33.55603448275862,0.0,2.105813953488372,2.6820809248554918,0.0,0.1268686868686868,0.2154458602156781,1992-06-29,,bmo,,2025-04-22,1992-06-30,,48.4336507936508,111359.12698412698
1992-03-31,LH,USD,920148,1992-03-31,1992-03-30 19:00:00,1992,Q1,176400000.0,89600000.0,86800000.0,0.4920634921,0,0.0,0.0,28600000.0,6900000.0,35500000.0,125100000.0,0.0,0.0,6900000.0,58200000.0,0.3299319728,51300000.0,0.2908163265,-2700000.0,48600000.0,0.2755102041,18900000.0,29700000.0,0.1683673469,0.78,0.78,38322581,38322581,,,4.6030302604096525,0.7749999928240742,1.1455387099318806,0.9915824824011724,1.4560605925785637,5.967760887503897,0.9785353444748413,5.967760887503897,2.6094275852662427,2037228405.96,2081428405.96,17.148387255555555,11.548913865986393,46.4061140309795,53.61127384105263,8.907863602798425,8.907863602798425,11.79948075941043,35.76337467285223,47.41294774396355,54.77443173578947,0.0145786304142978,0.0186527931226706,0.4372540445999126,0.2331002331002331,0.7594501718213058,1.706462212486309,0.0,1.4781144781144782,0.0034360408383867,0.2356902356902357,0.0,0.0,0.4456876456876457,0.1343963553530751,0.0334467120181405,0.855072463768116,0.0,10.201119032356424,0.0928338762214983,0.1248948696383515,-2.1971380267941765,64500000.0,37500000.0,-44500000.0,318400000.0,72650000.0,26150000.0,0.0,41.02040816326531,27.220982142857142,0.0,2.194029850746269,3.306273062730628,0.0,0.129864451246174,0.1539562275307083,1992-03-30,,bmo,,2025-04-22,1992-03-31,,56.257777777777775,137697.46031746033
1991-12-31,LH,USD,920148,1991-12-31,1991-12-30 19:00:00,1991,Q4,154300000.0,74100000.0,80200000.0,0.5197666883,0,0.0,0.0,24800000.0,6100000.0,30900000.0,105000000.0,0.0,0.0,6100000.0,55400000.0,0.3590408296,49300000.0,0.319507453,-6700000.0,42600000.0,0.2760855476,15800000.0,26800000.0,0.1736876215,0.68,0.68,39384615,39384615,,,3.9177734757595055,0.6804687566452027,0.4798828171863556,0.2589843775291443,1.3025390752201085,8.399218832023621,3.4962890966434483,8.399218832023621,0.0,2474141514.3,2422841514.3,23.07967830503732,16.034617720674014,130.90695842857144,242.5628935588236,7.479266971886337,7.479266971886337,15.702148504860665,43.73360134115523,128.19267271428572,237.53348179411768,0.0108320400612098,0.0041226421128485,0.0,0.0,-0.9259927797833934,1.9029535864978904,0.0,0.7052238805970149,0.0027888461351622,0.2574626865671642,0.0,0.0,0.4694869924629224,0.4603174603174603,0.0563836681788723,1.4262295081967211,0.0,11.34004563028328,0.0911670296125173,0.1228230980751604,0.4944824267039299,64200000.0,137700000.0,54800000.0,319100000.0,66800000.0,26650000.0,0.0,37.8548282566429,30.60728744939271,0.0,2.3775038520801237,2.9404761904761907,0.0,0.0810157194679564,0.2208984396572113,1991-12-30,,bmo,,2025-04-22,1991-12-31,,51.183125,124194.328125
1991-09-30,LH,USD,920148,1991-09-30,1991-09-29 20:00:00,1991,Q3,153600000.0,81600000.0,72000000.0,0.46875,0,0.0,0.0,25100000.0,5400000.0,30500000.0,112100000.0,0.0,0.0,5400000.0,46900000.0,0.3053385417,41500000.0,0.2701822917,1000000.0,42500000.0,0.2766927083,16900000.0,25600000.0,0.1666666667,0.65,0.65,39384615,39384615,,,3.900000038085938,0.6500000063476563,1.0892578231372834,0.9064453213520052,2.132812520828247,7.868554764341355,2.732031276679993,7.868554764341355,0.0,1808147674.65,1724147674.65,17.657692135253907,11.771794756835936,42.14796444405594,50.64839424789916,5.834616568731849,5.834616568731849,11.224919756835936,36.76221054690832,40.189922486013984,48.29545307142857,0.0141581356207287,0.0197439625648443,0.0,0.0,-1.791044776119403,1.4584040747028864,0.0,1.67578125,0.0038160599915245,0.26953125,0.0,0.0,0.4612403100775193,0.1678321678321678,0.046875,1.3333333333333333,0.0,10.727423481540065,0.0779228399589262,0.1083368599238256,0.1732910173172951,54000000.0,107600000.0,43100000.0,314700000.0,69450000.0,27300000.0,0.0,40.25390625,30.99264705882353,0.0,2.2358078602620086,2.903914590747331,0.0,0.0826072926750564,0.1828125017852783,1991-09-29,,bmo,,2025-04-22,1991-09-30,,45.071875,82322.1875
1991-06-30,LH,USD,920148,1991-06-30,1991-06-29 20:00:00,1991,Q2,154100000.0,80500000.0,73600000.0,0.4776119403,0,0.0,0.0,25000000.0,5200000.0,30200000.0,110700000.0,0.0,0.0,5200000.0,48600000.0,0.3153796236,43400000.0,0.2816353018,800000.0,44200000.0,0.2868267359,17200000.0,27000000.0,0.175210902,0.68,0.68,40000000,40000000,,,3.8525,0.675,1.2675,1.0725,1.7925,7.265,2.1925,7.265,0.0,1739600000.0,1667900000.0,16.107407407407408,11.28877352368592,34.31163708086785,40.55011655011655,5.9862353750860295,5.9862353750860295,10.8234912394549,34.318930041152264,32.8974358974359,38.87878787878788,0.015520809381467,0.0246608415727753,0.0,0.0,-1.4753086419753083,1.3786828422876949,0.0,1.877777777777777,0.0033915842722464,0.2185185185185185,0.0,0.0,0.4866874550251859,0.1538461538461538,0.0506164828033744,1.5,0.0,10.504150965213706,0.0879313838049571,0.1261682242990654,-0.04875,43700000.0,87700000.0,32800000.0,301500000.0,70550000.0,23300000.0,0.0,40.99935107073329,29.627329192546583,0.0,2.195156695156695,3.037735849056604,0.0,0.0929112181693049,0.195,1991-06-29,,bmo,,2025-04-22,1991-06-30,,41.53609375,228376.53125
1991-03-31,LH,USD,920148,1991-03-31,1991-03-30 19:00:00,1991,Q1,141900000.0,74300000.0,67600000.0,0.4763918252,0,0.0,0.0,23000000.0,5300000.0,28300000.0,102600000.0,0.0,0.0,5300000.0,44600000.0,0.3143058492,39300000.0,0.2769556025,700000.0,40000000.0,0.281888654,15500000.0,24500000.0,0.1726568006,0.63,0.63,39200000,39200000,,,3.6198979591836737,0.625,0.548469387755102,0.4744897959183674,1.5178571428571428,7.0229591836734695,1.8188775510204085,7.0229591836734695,0.0,1494304000.0,1434804000.0,15.248,10.530683579985906,69.50251162790697,80.3389247311828,5.427911369415183,5.427911369415183,10.11137420718816,32.170493273542604,66.73506976744186,77.14,0.0163955928646379,0.0124472664196843,0.0,0.0,-1.3340807174887892,1.3164556962025316,0.0,0.8775510204081632,0.0039483264449536,0.2408163265306122,0.0,0.0,0.5098725318670333,0.1348837209302325,0.0204369274136716,0.5471698113207547,0.0,9.937824888797758,0.0831476683937823,0.1249362570117287,-0.3093112244897959,35000000.0,71300000.0,20800000.0,289500000.0,67150000.0,19850000.0,0.0,44.96828752642706,24.347240915208616,0.0,2.0014104372355432,3.6965174129353233,0.0,0.0889938249182709,0.0739795918367346,1991-03-30,,bmo,,2025-04-22,1991-03-31,,28.81770491803279,165629.0163934426
1990-12-31,LH,USD,920148,1990-12-31,1990-12-30 19:00:00,1990,Q4,126400000.0,60600000.0,65800000.0,0.5205696203,0,0.0,0.0,21100000.0,3900000.0,25000000.0,85600000.0,0.0,0.0,3900000.0,44700000.0,0.3536392405,40800000.0,0.3227848101,-6600000.0,34200000.0,0.2705696203,13200000.0,21000000.0,0.1661392405,0.52,0.52,40003109,40400000,,,3.1597544080886317,0.5249591975463707,0.5274590032489724,0.4299665808475036,1.1449110117916086,6.417001238578732,6.417001238578732,6.417001238578732,0.5499572545723883,944873434.58,921073434.58,11.248493268809526,7.475264514082279,44.78073149668247,54.93450201046512,3.680847037709389,3.680847037709389,7.286973374841772,20.60566967740492,43.65276941137441,53.55078108023256,0.0222251988800326,0.0182034962255505,0.0857031554343591,0.0587920897915553,-0.5324384787472036,1.306878306878307,0.0,1.0047619047619047,0.0,0.0,0.0,0.0,0.0,0.1848341232227488,0.0308544303797468,1.0,0.0,8.70602871401841,0.0895696516944846,0.0561197220737573,-0.6037030771783263,29000000.0,256700000.0,6000000.0,80000000.0,64650000.0,19150000.0,0.0,45.142405063291136,29.108910891089103,0.0,1.993690851735016,3.091836734693877,0.0,0.0818075574600701,0.0974924224014688,1990-12-30,,bmo,,2025-04-22,1990-12-31,,29.5509375,122373.453125
1990-09-30,LH,USD,920148,1990-09-30,1990-09-29 20:00:00,1990,Q3,126000000.0,68300000.0,57700000.0,0.4579365079,0,0.0,0.0,20800000.0,4800000.0,25600000.0,93900000.0,0.0,0.0,4800000.0,36900000.0,0.2928571429,32100000.0,0.2547619048,800000.0,32900000.0,0.2611111111,12700000.0,20200000.0,0.1603174603,0.5,0.5,40400000,40400000,,,3.118811881188119,0.5,1.0222772277227723,0.9331683168316832,0.9752475247524752,5.977722772277228,0.995049504950495,5.977722772277228,0.0,1203920000.0,1164520000.0,14.9,9.554920634920634,29.150605326876512,31.9342175066313,4.985175983436853,4.985175983436853,9.242222222222225,31.55880758807588,28.196610169491525,30.889124668435013,0.0167785234899328,0.031314373048043,0.0,0.0,-1.067750677506775,1.2815642458100558,0.0,2.0445544554455446,0.1275167785234899,7.6,0.0,0.0,0.550601750547046,0.0871670702179176,0.0285714285714285,0.75,0.0,8.200572003715278,0.0713828851490969,0.1229458307973219,-0.8731435643564357,25200000.0,40200000.0,-9400000.0,276100000.0,68850000.0,16250000.0,0.0,47.07142857142857,24.641288433382137,0.0,1.9119878603945373,3.6524064171122994,0.0,0.0836438923395445,0.0891089108910891,1990-09-29,,bmo,,2025-04-22,1990-09-30,,30.09698412698413,124874.66666666669
1990-06-30,LH,USD,920148,1990-06-30,1990-06-29 20:00:00,1990,Q2,127400000.0,67200000.0,60200000.0,0.4725274725,0,0.0,0.0,20600000.0,4900000.0,25500000.0,92700000.0,0.0,0.0,4900000.0,39600000.0,0.3108320251,34700000.0,0.2723704867,1600000.0,36300000.0,0.2849293564,14800000.0,21500000.0,0.1687598116,0.55,0.55,39090909,39090909,,,3.2590697750210924,0.5500000012790698,0.828837211229854,0.741860466841536,1.0360465140373174,9.51372095235749,4.318139544925906,9.51372095235749,0.0,1154354542.77,1113854542.77,13.422727241511629,9.06086768265306,35.62822662870371,39.805329061034485,3.1039380015326703,3.1039380015326703,8.7429712933281,28.127639968939395,34.3782266287037,38.40877733689655,0.0186251270328164,0.0251222643698454,0.0,0.0,-1.0227272727272727,4.375335120643432,0.0,1.5069767441860464,0.0,0.0,0.0,0.0,0.4890440645316639,0.1049382716049382,0.0266875981161695,0.6938775510204082,0.0,10.850451467990627,0.0543712740682437,0.1013195098963242,1.3033720960543538,125900000.0,168800000.0,119800000.0,378000000.0,73600000.0,12750000.0,0.0,50.722135007849296,18.482142857142858,0.0,1.7743732590529249,4.869565217391305,0.0,0.0578112395805324,0.086976744388318,1990-06-29,,bmo,,2025-04-22,1990-06-30,,26.68825396825397,3067.095238095238
1990-03-31,LH,USD,920148,1990-03-31,1990-03-30 19:00:00,1990,Q1,122100000.0,64800000.0,57300000.0,0.4692874693,0,0.0,0.0,19700000.0,4800000.0,24500000.0,89300000.0,0.0,0.0,4800000.0,37600000.0,0.3079443079,32800000.0,0.2686322686,900000.0,33700000.0,0.276003276,13800000.0,19900000.0,0.162981163,0.5,0.5,39800000,39800000,,,3.0678391959799,0.5,0.4422110552763819,0.3417085427135678,0.0653266331658291,8.791457286432161,3.635678391959799,8.791457286432161,0.0,1089724000.0,1087124000.0,13.69,8.924848484848486,61.91613636363636,80.12676470588235,3.1143869677050584,3.1143869677050584,8.903554463554464,28.912872340425533,61.76840909090909,79.93558823529412,0.0182615047479912,0.0124802243503859,0.0,0.0,-0.0691489361702127,4.075075075075075,0.0,0.8844221105527639,0.0,0.0,0.0,0.0,0.526829268292683,0.2272727272727272,0.0327600327600327,0.8333333333333334,0.0,9.945043713949266,0.0543754800507166,0.1079761258817146,0.4912060301507537,102400000.0,144700000.0,96100000.0,356200000.0,71600000.0,11450000.0,0.0,55.57739557739558,16.25,0.0,1.6193633952254642,5.538461538461538,0.0,0.0568733923978279,0.100502512562814,1990-03-30,,bmo,,2025-04-22,1990-03-31,,26.288627450980396,9865.039215686274
1989-12-31,LH,USD,920148,1989-12-31,1989-12-30 19:00:00,1989,Q4,107700000.0,52800000.0,54900000.0,0.5097493036,0,0.0,0.0,18100000.0,3700000.0,21800000.0,74600000.0,0.0,0.0,3700000.0,36800000.0,0.3416898793,33100000.0,0.3073351903,-4900000.0,28200000.0,0.2618384401,11300000.0,16900000.0,0.156917363,0.43,0.43,39733333,39733333,,,2.710570492538343,0.4253355740380501,0.609060407794131,0.5184563801883925,0.805369134273231,8.305369197192695,8.305369197192695,8.305369197192695,0.0,1066839991.05,1034839991.05,15.78165667233728,9.90566379805014,44.08429715082645,51.78834908009709,3.2328484577272727,3.2328484577272727,9.608542163881152,28.12065193070652,42.76198310123967,50.234951021844665,0.0158411759418268,0.0193093623906291,0.0,0.0,-0.8695652173913043,3.569182389937107,0.0,1.4319526627218937,0.0,0.0,0.0,0.0,0.0,0.1487603305785124,0.0334261838440111,0.972972972972973,0.0,8.915312778553124,0.0589670773564061,0.0458989679521998,1.1237416201656176,81700000.0,330000000.0,75300000.0,129400000.0,68600000.0,9700000.0,0.0,56.65738161559888,19.090909090909093,0.0,1.5884955752212389,4.714285714285714,0.0,0.0512121212121212,0.0906040276057384,1989-12-30,,bmo,,2025-04-22,1989-12-31,,,
1989-09-30,LH,USD,920148,1989-09-30,1989-09-29 20:00:00,1989,Q3,100900000.0,55700000.0,45200000.0,0.4479682854,0,0.0,0.0,16500000.0,3900000.0,20400000.0,76100000.0,0.0,0.0,3900000.0,28700000.0,0.2844400396,24800000.0,0.2457879088,0.0,24800000.0,0.2457879088,9900000.0,14900000.0,0.1476709613,0.38,0.38,39733333,39733333,,,2.5394295515052816,0.3750000031459732,0.5637583939912617,0.3825503387797847,0.2818791969956308,7.880033623154644,2.6401006932894355,7.880033623154644,0.0,874530659.33,863330659.33,14.6733332102349,8.667300885332013,39.04154729151786,57.53491179802632,2.79313529009901,2.79313529009901,8.556299894251735,30.08120764216028,38.54154729151786,56.79806969276317,0.0170377102746921,0.0173807514211624,0.0,0.0,-0.3902439024390244,3.55859375,0.0,1.5033557046979866,0.0,0.0,0.0,0.0,0.6024305555555556,0.3214285714285714,0.0713577799801783,1.8461538461538465,0.0,8.154004185254674,0.0465625,0.1084425036390101,0.773909402465683,65500000.0,104900000.0,58600000.0,320000000.0,69650000.0,7550000.0,0.0,61.90287413280476,13.249551166965889,0.0,1.4538904899135447,6.7926829268292686,0.0,0.047588629830725,0.1812080552114769,1989-09-29,,bmo,,2025-04-22,1989-09-30,,,
1989-06-30,LH,USD,920148,1989-06-30,1989-06-29 20:00:00,1989,Q2,99900000.0,53100000.0,46800000.0,0.4684684685,0,0.0,0.0,15500000.0,2900000.0,18400000.0,71500000.0,0.0,0.0,2900000.0,31300000.0,0.3133133133,28400000.0,0.2842842843,-200000.0,28200000.0,0.2822822823,11100000.0,17100000.0,0.1711711712,0.43,0.43,40235294,40235294,,,2.4828947441020315,0.42500000124269,0.3678362583854861,0.2385964919257207,0.2261695913045894,7.4114035304427,2.264181293170121,7.4114035304427,0.0,799475291.7800001,790375291.7800001,11.68823525994152,8.002755673473475,54.01860079594595,83.27867622708334,2.681003661234071,2.681003661234071,7.911664582382383,25.251606766134188,53.40373593108109,82.33075956041668,0.021389028749003,0.0120078757889139,0.0,0.0,-0.2907348242811501,2.560224089635854,0.0,0.8654970760233918,0.0,0.0,0.0,0.0,0.6089385474860335,0.3513513513513513,0.052052052052052,1.793103448275862,0.0,8.418524007632518,0.0565744960438392,0.1285714285714285,0.4877558493794031,55700000.0,91100000.0,49500000.0,304400000.0,69100000.0,7350000.0,0.0,62.972972972972975,11.694915254237287,0.0,1.4291845493562232,7.695652173913044,0.0,0.0573440643863179,0.1292397664597654,1989-06-29,,bmo,,2025-04-22,1989-06-30,,,
1989-03-31,LH,USD,920148,1989-03-31,1989-03-30 19:00:00,1989,Q1,93900000.0,49700000.0,44200000.0,0.470713525,0,0.0,0.0,14900000.0,2800000.0,17700000.0,67400000.0,0.0,0.0,2800000.0,29300000.0,0.3120340788,26500000.0,0.2822151225,100000.0,26600000.0,0.2832800852,10800000.0,15800000.0,0.1682641108,0.4,0.4,39500000,39500000,,,2.377215189873417,0.4,0.2632911392405063,0.0683544303797468,0.2379746835443038,7.116455696202531,1.9139240506329112,7.116455696202531,0.0,647010000.0,637610000.0,10.2375,6.890415335463259,62.21249999999999,239.63333333333333,2.3017075773746,2.3017075773746,6.7903088391906286,21.761433447098977,61.308653846153845,236.15185185185183,0.0244200244200244,0.0041730421477256,0.0,0.0,-0.3208191126279863,1.8907563025210083,0.0,0.6582278481012658,0.0,0.0,0.0,0.0,0.6165616561656165,0.7403846153846154,0.0820021299254526,2.75,0.0,8.003005764450178,0.0550948600061582,0.1236306729264475,0.2132911392405063,42400000.0,75600000.0,37800000.0,285700000.0,,,,65.46325878594249,14.124748490945674,0.0,1.3748169838945827,6.371794871794871,0.0,0.0562077552472429,0.1949367088607595,1989-03-30,,bmo,,2025-04-22,1989-03-31,,,
1988-12-31,LH,USD,920148,1988-12-31,1988-12-30 19:00:00,1988,Q4,79000000.0,0.0,79000000.0,1.0,0,0.0,0.0,0.0,0.0,0.0,0.0,0.0,0.0,0.0,79000000.0,1.0,79000000.0,1.0,-79000000.0,0.0,0.0,0.0,0.0,0.0,0.0,0.0,39600000,39600000,,,1.994949494949495,0.0,,,,,,,,680328000.0,,0.0,8.611746835443038,0.0,0.0,0.0,0.0,,,0.0,0.0,0.0,,0.0,0.0,,0.0,0.0,0.0,,0.0,0.0,0.0,0.0,0.0,,0.0,,,0.0,0.0,,,,,,,,,,0.0,0.0,0.0,0.0,0.0,0.0,,1988-12-30,,bmo,,2025-04-22,1988-12-31,,,
1988-09-30,LH,USD,920148,1988-09-30,1988-09-29 20:00:00,1988,Q3,78300000.0,0.0,78300000.0,1.0,0,0.0,0.0,0.0,0.0,0.0,0.0,0.0,0.0,0.0,78300000.0,1.0,78300000.0,1.0,-78300000.0,0.0,0.0,0.0,0.0,0.0,0.3,0.3,39600000,39600000,,,1.9772727272727275,0.0,,,,,,,,765467999.9999999,,0.0,9.776091954022988,0.0,0.0,0.0,0.0,,,0.0,0.0,0.0,,0.0,0.0,,0.0,0.0,0.0,,0.0,0.0,0.0,0.0,0.0,,0.0,,,0.0,0.0,,,,,,,,,,0.0,0.0,0.0,0.0,0.0,0.0,,1988-09-29,,bmo,,2025-04-22,1988-09-30,,,
1988-06-30,LH,USD,920148,1988-06-30,1988-06-29 20:00:00,1988,Q2,78300000.0,0.0,78300000.0,1.0,0,0.0,0.0,0.0,0.0,0.0,0.0,0.0,0.0,0.0,78300000.0,1.0,78300000.0,1.0,-78300000.0,0.0,0.0,0.0,0.0,0.0,0.33,0.33,39600000,39600000,,,1.9772727272727275,0.0,,,,,,,,829224000.0,,0.0,10.590344827586208,0.0,0.0,0.0,0.0,,,0.0,0.0,0.0,,0.0,0.0,,0.0,0.0,0.0,,0.0,0.0,0.0,0.0,0.0,,0.0,,,0.0,0.0,,,,,,,,,,0.0,0.0,0.0,0.0,0.0,0.0,,1988-06-29,,bmo,,2025-04-22,1988-06-30,,,
1988-03-31,LH,USD,920148,1988-03-31,1988-03-30 19:00:00,1988,Q1,78300000.0,0.0,78300000.0,1.0,0,0.0,0.0,0.0,0.0,0.0,0.0,0.0,0.0,0.0,78300000.0,1.0,78300000.0,1.0,-78300000.0,0.0,0.0,0.0,0.0,0.0,0.33,0.33,39600000,39600000,,,1.9772727272727275,0.0,,,,,,,,829224000.0,,0.0,10.590344827586208,0.0,0.0,0.0,0.0,,,0.0,0.0,0.0,,0.0,0.0,,0.0,0.0,0.0,,0.0,0.0,0.0,0.0,0.0,,0.0,,,0.0,0.0,,,,,,,,,,0.0,0.0,0.0,0.0,0.0,0.0,,1988-03-30,,bmo,,2025-04-22,1988-03-31,,,
