date,symbol,reportedCurrency,cik,fillingDate,acceptedDate,calendarYear,period,revenue,costOfRevenue,grossProfit,grossProfitRatio,researchAndDevelopmentExpenses,generalAndAdministrativeExpenses,sellingAndMarketingExpenses,sellingGeneralAndAdministrativeExpenses,otherExpenses,operatingExpenses,costAndExpenses,interestIncome,interestExpense,depreciationAndAmortization,ebitda,ebitdaratio,operatingIncome,operatingIncomeRatio,totalOtherIncomeExpensesNet,incomeBeforeTax,incomeBeforeTaxRatio,incomeTaxExpense,netIncome,netIncomeRatio,eps,epsdiluted,weightedAverageShsOut,weightedAverageShsOutDil,link,finalLink,revenuePerShare,netIncomePerShare,operatingCashFlowPerShare,freeCashFlowPerShare,cashPerShare,bookValuePerShare,tangibleBookValuePerShare,shareholdersEquityPerShare,interestDebtPerShare,marketCap,enterpriseValue,peRatio,priceToSalesRatio,pocfratio,pfcfRatio,pbRatio,ptbRatio,evToSales,enterpriseValueOverEBITDA,evToOperatingCashFlow,evToFreeCashFlow,earningsYield,freeCashFlowYield,debtToEquity,debtToAssets,netDebtToEBITDA,currentRatio,interestCoverage,incomeQuality,dividendYield,payoutRatio,salesGeneralAndAdministrativeToRevenue,researchAndDdevelopementToRevenue,intangiblesToTotalAssets,capexToOperatingCashFlow,capexToRevenue,capexToDepreciation,stockBasedCompensationToRevenue,grahamNumber,roic,returnOnTangibleAssets,grahamNetNet,workingCapital,tangibleAssetValue,netCurrentAssetValue,investedCapital,averageReceivables,averagePayables,averageInventory,daysSalesOutstanding,daysPayablesOutstanding,daysOfInventoryOnHand,receivablesTurnover,payablesTurnover,inventoryTurnover,roe,capexPerShare,report_date,epsEstimated,time,revenueEstimated,updatedFromDate,fiscalDateEnding,surprise(%),QuarterAvgPrice,QuarterAvgVolume
2025-03-31,LIN,USD,1707925,2025-05-01,2025-05-01 10:21:30,2025,Q1,8112000000.0,4157000000.0,3955000000.0,0.4875493097,38000000,0.0,0.0,786000000.0,0.0,1771000000.0,5928000000.0,0.0,60000000.0,910000000.0,3150000000.0,0.3883136095,2184000000.0,0.2692307692,-4000000.0,2180000000.0,0.2687376726,507000000.0,1673000000.0,0.2062376726,3.53,3.51,473303000,476262000,https://www.sec.gov/Archives/edgar/data/1707925/000162828025021379/0001628280-25-021379-index.htm,https://www.sec.gov/Archives/edgar/data/1707925/000162828025021379/lin-20250331.htm,17.13912652148835,3.53473356391149,4.565785553862959,1.882515006243357,11.18522384180958,83.37787844150576,2.947371979471924,80.35444524966037,50.6166240230888,220388808920.0,238991808920.0,32.933175271966526,27.168245675542405,101.9846408699676,247.34995389450057,5.794825644720235,5.794825644720235,29.46151490631164,75.87041553015872,110.59315544655252,268.22874177328845,0.0075911295505358,0.0040428550086834,0.6283392932267564,0.288946121106597,5.905714285714286,0.938695201933034,36.4,1.2659636789689517,0.0032125043166642,0.4231918708906156,0.0,0.0046844181459566,0.4602921261365835,0.5876908838500694,0.1565581854043392,1.3956043956043955,0.0051775147928994,79.94191628459322,0.0224951646101176,0.0374809570750067,-69.77084446961038,-888000000.0,1395000000.0,-29644000000.0,62890000000.0,5152500000.0,2476500000.0,1965000000.0,58.16937869822485,52.95645898484484,42.95405340389704,1.5472057982071332,1.6995094031071136,2.095262096774193,0.0439892721918384,2.683270547619601,2025-05-01,3.92,bmo,8240221778.0,2025-05-11,2025-03-31,0.0076530612244898,450.2143333333333,2336376.55
2024-12-31,LIN,USD,1707925,2025-02-26,2025-02-26 10:17:43,2024,Q4,8282000000.0,4320000000.0,3962000000.0,0.4783868631,39000000,0.0,0.0,768000000.0,885000000.0,1692000000.0,6012000000.0,0.0,53000000.0,913000000.0,3229000000.0,0.3898816711,2270000000.0,0.2740883844,-7000000.0,2263000000.0,0.273243178,533000000.0,1725000000.0,0.2082830234,3.6,3.6,475865000,478877000,https://www.sec.gov/Archives/edgar/data/1707925/000162828025007990/0001628280-25-007990-index.htm,https://www.sec.gov/Archives/edgar/data/1707925/000162828025007990/lin-20241231.htm,17.404095699410547,3.624977672238975,5.902934655837265,3.276139241171341,10.191966208903786,82.98151786746241,4.667290092778414,80.0479127483635,47.62275014972734,199230399550.0,216989399550.0,28.87397094927536,24.05583187032117,70.92573853684586,127.7937136305324,5.230242558804999,5.230242558804999,26.20012068944699,67.20018567668009,77.247917248131,139.18499008980115,0.0086583172241597,0.0078251110449073,0.5935367006195527,0.2820941519957078,5.499845153298235,0.8900577557755776,42.83018867924528,1.6284057971014492,0.0033077281453456,0.3820289855072464,0.0,0.0047090074861144,0.4649830935655732,0.4449982200071199,0.1509297271190533,1.3691128148959475,0.0,80.80140883362373,0.0241413311016418,0.0402285447761194,-65.22753301881836,-1599000000.0,2221000000.0,-27714000000.0,61432000000.0,5094000000.0,2676000000.0,2016500000.0,55.00845206471867,52.22916666666666,40.54166666666666,1.6361122086131965,1.72317510969286,2.219938335046249,0.0452850992334348,2.6267954146659243,2025-02-06,3.94,bmo,8417108013.0,2025-05-06,2024-12-31,0.0076142131979696,455.71609375,1957842.328125
2024-09-30,LIN,USD,1707925,2024-10-31,2024-10-31 10:18:07,2024,Q3,8356000000.0,5316000000.0,3040000000.0,0.3638104356,37000000,0.0,0.0,823000000.0,0.0,860000000.0,6176000000.0,0.0,68000000.0,960000000.0,3023000000.0,0.3617759694,2086000000.0,0.2496409765,-23000000.0,2063000000.0,0.2468884634,498000000.0,1550000000.0,0.1854954524,3.24,3.22,477662000,480898000,https://www.sec.gov/Archives/edgar/data/1707925/000162828024044457/0001628280-24-044457-index.htm,https://www.sec.gov/Archives/edgar/data/1707925/000162828024044457/lin-20240930.htm,17.493541458185913,3.244972386331757,5.717431991659375,3.485728402091856,10.85914307606634,85.00362180788926,2.893259250264832,82.00987309017674,46.74853766889558,227777901320.0,244852901320.0,36.73837118064517,27.25920312589756,83.40457756133284,136.80354433633633,5.814665747325964,5.814665747325964,29.302644964097656,80.99665938471716,89.65686610032955,147.0587995915916,0.0068048743579494,0.007309752132894,0.5682995941081868,0.2696920504930584,5.6483625537545485,0.9580753078510926,30.676470588235293,1.7619354838709678,0.0029063398870725,0.4270967741935484,0.0,0.0044279559597893,0.4751411334286337,0.3903332112779202,0.1275730014360938,1.1104166666666666,0.0050263283867879,77.38019711556954,0.0215933613260774,0.0357761107905366,-66.71663226298094,-589000000.0,1382000000.0,-28483000000.0,63756000000.0,5176500000.0,2852000000.0,2090500000.0,55.21062709430349,48.16591422121896,35.332957110609485,1.630120952009364,1.8685413005272409,2.547196933397221,0.0395680698440252,2.2317035895675184,2024-10-31,3.89,bmo,8389586257.0,2025-04-25,2024-09-30,0.0128534704370179,456.28484375,1489980.328125
2024-06-30,LIN,USD,1707925,2024-08-02,2024-08-02 10:40:43,2024,Q2,8267000000.0,5209000000.0,3058000000.0,0.3699044393,36000000,791000000.0,49000000.0,840000000.0,2000000.0,876000000.0,6085000000.0,0.0,70000000.0,958000000.0,3189000000.0,0.3857505746,2182000000.0,0.2639409701,-21000000.0,2163000000.0,0.2616426757,508000000.0,1663000000.0,0.2011612435,3.46,3.44,479973000,483177000,https://www.sec.gov/Archives/edgar/data/1707925/000162828024034299/0001628280-24-034299-index.htm,https://www.sec.gov/Archives/edgar/data/1707925/000162828024034299/lin-20240630.htm,17.223885510226616,3.4647782271086083,4.018976067403791,1.6584266198306987,9.638042139870368,82.40255181020599,2.781406454113044,79.5440576865782,44.97752998606172,205879618620.0,222771618620.0,30.950032865303665,24.903788389984275,106.72867735614308,258.642736959799,5.392483266193457,5.392483266193457,26.9470930954397,69.85626171840703,115.48554620010368,279.8638424874372,0.0080775358490898,0.003866337063064,0.5636082663244192,0.268254067194415,5.296958294136092,0.9510515402843602,31.17142857142857,1.1599518941671678,0.0032300428981628,0.3998797354179194,0.0956816257408975,0.0043546631184226,0.4764196222651624,0.5873509590461379,0.1370509253659126,1.1826722338204594,0.0048385145760251,78.74678838712957,0.0234163325640176,0.039596180861449,-64.73437047500589,-661000000.0,1335000000.0,-27821000000.0,62130000000.0,5226500000.0,2872000000.0,2097000000.0,56.90456029998791,49.39719715876368,36.17968899980803,1.581595561507557,1.8219657222805177,2.487583572110793,0.0435579768982948,2.3605494475730926,2024-08-02,3.78,bmo,8299014189.0,2025-04-25,2024-06-30,0.0185185185185185,439.9966666666666,1731831.365079365
2024-03-31,LIN,USD,1707925,2024-05-02,2024-05-02 10:16:10,2024,Q1,8100000000.0,4216000000.0,3884000000.0,0.4795061728,38000000,810000000.0,0.0,810000000.0,58000000.0,1797000000.0,6013000000.0,0.0,65000000.0,949000000.0,3051000000.0,0.3766666667,2095000000.0,0.2586419753,-15000000.0,2080000000.0,0.2567901235,463000000.0,1627000000.0,0.2008641975,3.38,3.35,481949000,485592000,https://www.sec.gov/Archives/edgar/data/1707925/000170792524000090/0001707925-24-000090-index.htm,https://www.sec.gov/Archives/edgar/data/1707925/000170792524000090/lin-20240331.htm,16.806757561484723,3.3758758706834127,4.0543708981655735,1.87986695687718,10.059155636799744,83.47148764703319,4.023247273051713,80.56661596973953,42.29493162139563,223335166600.0,238806166600.0,34.31702006760909,27.572242790123457,114.29640051177071,246.506806401766,5.751761997476113,5.751761997476113,29.482242790123458,78.27144103572599,122.21400542476972,263.58296534216333,0.0072850148266797,0.0040566831179913,0.5232944448736769,0.2528905870785468,5.070796460176991,0.9105566752380292,32.23076923076923,1.1735735735735735,0.0029954977990465,0.4111862323294407,0.1,0.0046913580246913,0.4765579299787173,0.5363357215967247,0.1293827160493827,1.1043203371970496,0.0046913580246913,78.22796899948486,0.0229227453580901,0.0386855933613904,-62.87076018416887,-1287000000.0,1939000000.0,-27016000000.0,61421000000.0,5159000000.0,2952500000.0,2107500000.0,58.06666666666667,61.58681214421251,44.8292220113852,1.5499425947187142,1.4613518197573656,2.0076190476190474,0.0419016714311468,2.174503941288393,2024-05-02,3.68,bmo,8383882095.0,2025-04-25,2024-03-31,0.0190217391304347,432.9957377049181,2413602.655737705
2023-12-31,LIN,USD,1707925,2024-02-28,2024-02-28 09:56:28,2023,Q4,12733000000.0,4431000000.0,8302000000.0,0.652006597,39000000,0.0,0.0,832000000.0,-55000000.0,871000000.0,871000000.0,0.0,71000000.0,949000000.0,3060000000.0,0.2403204272,2028000000.0,0.1592711851,-32000000.0,1996000000.0,0.1567580303,453000000.0,1543000000.0,0.1211811828,3.16,3.16,484229000,488249000,https://www.sec.gov/Archives/edgar/data/1707925/000162828024007424/0001628280-24-007424-index.htm,https://www.sec.gov/Archives/edgar/data/1707925/000162828024007424/lin-20231231.htm,26.295409816429828,3.186508862542309,5.631632967046583,3.254658436400959,9.631806438689132,84.86687084003643,4.016694580456767,82.0273052625927,42.09991553583119,198877692590.0,214528692590.0,32.222568468891765,15.619075833660569,72.9291135276861,126.19142930837565,5.006991253524672,5.006991253524672,16.84824413649572,70.10741587908497,78.66838745507884,136.1222668718274,0.0077585373196228,0.0079244684482991,0.5114551863041289,0.251389043570801,5.114705882352941,0.8029522173442769,28.56338028169014,1.7673363577446533,0.0030973810686245,0.3992222942320155,0.0,0.003062907405953,0.4844637487470765,0.422075540887422,0.0903950365192806,1.2128556375131718,0.003062907405953,76.68811212807752,0.0219888280706046,0.037037037037037,-62.31658987792966,-3097000000.0,1945000000.0,-27096000000.0,61543000000.0,4967500000.0,2885000000.0,2096500000.0,35.99151810256813,61.34055517941773,42.9587000677048,2.5005891594658287,1.4672185430463576,2.095035460992908,0.0388469284994964,2.3769745306456245,2024-02-06,3.49,bmo,8056960174.0,2025-04-25,2023-12-31,0.0286532951289397,394.3406349206349,1665178.142857143
2023-09-30,LIN,USD,1707925,2023-10-26,2023-10-26 13:21:28,2023,Q3,8155000000.0,4314000000.0,3841000000.0,0.4709993869,36000000,0.0,0.0,808000000.0,49000000.0,1803000000.0,6117000000.0,40000000.0,40000000.0,959000000.0,3051000000.0,0.3741263029,2052000000.0,0.2516247701,-5000000.0,2047000000.0,0.2510116493,487000000.0,1565000000.0,0.1919068056,3.21,3.19,487122000,491076000,https://www.sec.gov/Archives/edgar/data/1707925/000162828023035251/0001628280-23-035251-index.htm,https://www.sec.gov/Archives/edgar/data/1707925/000162828023035251/lin-20230930.htm,16.741185986262167,3.212747525260612,5.1732420215059065,3.2271176419870176,7.99389064751746,82.60353669101374,4.497846535364857,79.85268577481617,37.04000229921868,181379876700.0,195488876700.0,28.97442119808307,22.24155446965052,71.97614154761905,115.38160095419848,4.662961507018356,4.662961507018356,23.971658700183937,64.07370589970502,77.57495107142857,124.35679179389312,0.0086283000544128,0.0086668930897999,0.4628258522289064,0.2313207498682976,4.624385447394297,0.8287671232876712,51.3,1.5740162398500936,0.0034182402771475,0.3961661341853035,0.0,0.0044144696505211,0.4888663317357729,0.3761904761904762,0.116247700797057,0.9885297184567258,0.0044144696505211,75.9756320716729,0.0228506992565813,0.0393413775766716,-59.58209647685795,-2425000000.0,2191000000.0,-25852000000.0,59246000000.0,4899000000.0,2863500000.0,2078500000.0,53.44819129368486,57.371349095966615,43.3518776077886,1.6838736320462524,1.5687272727272727,2.0760346487006736,0.0402334310247313,1.9461243795188885,2023-10-26,3.57,bmo,8534592069.0,2025-04-25,2023-09-30,0.0168067226890756,380.59,1271730.238095238
2023-06-30,LIN,USD,1707925,2023-07-27,2023-07-27 13:32:42,2023,Q2,8204000000.0,4316000000.0,3888000000.0,0.4739151633,35000000,0.0,0.0,833000000.0,-4000000.0,1828000000.0,6144000000.0,8000000.0,52000000.0,960000000.0,3017000000.0,0.3677474403,2011000000.0,0.2451243296,-7000000.0,2004000000.0,0.2442710873,438000000.0,1575000000.0,0.1919795222,3.22,3.19,489618000,493549000,https://www.sec.gov/Archives/edgar/data/1707925/000162828023025878/0001628280-23-025878-index.htm,https://www.sec.gov/Archives/edgar/data/1707925/000162828023025878/lin-20230630.htm,16.755919921244725,3.216793500238962,4.39117842889763,2.6367494659101585,6.856365574795045,84.24526876054394,4.660776360346229,81.51456850034108,35.82793116266151,186583627440.0,200716627440.0,29.6164488,22.74300675767918,86.78308253023256,144.52643488768396,4.674992544411315,4.674992544411315,24.46570300341297,66.52854737819025,93.3565709023256,155.47376254066614,0.0084412551176628,0.0069191494329541,0.4382250507378918,0.2221855230061739,4.684454756380511,0.7841533809785597,38.67307692307692,1.3337468982630274,0.0033389853576533,0.3955555555555555,0.0,0.0042662116040955,0.4950074951091237,0.3995348837209302,0.1047050219405168,0.8947916666666667,0.0043881033642125,76.81047791708055,0.0230664346506611,0.0396206480177098,-59.95949903802556,-3141000000.0,2282000000.0,-26059000000.0,59633000000.0,4941500000.0,2959000000.0,2066500000.0,54.35763042418333,62.078313253012055,43.35264133456905,1.6557013118062562,1.4497816593886463,2.075998075998076,0.0394628047405477,1.754428962987472,2023-07-27,3.48,bmo,8703773979.0,2025-04-25,2023-06-30,0.0258620689655172,365.1948387096775,1530608.1935483871
2023-03-31,LIN,USD,1707925,2023-04-27,2023-04-27 13:09:46,2023,Q1,8193000000.0,4431000000.0,3762000000.0,0.4591724643,36000000,777000000.0,45000000.0,822000000.0,948000000.0,1806000000.0,6237000000.0,37000000.0,37000000.0,948000000.0,2944000000.0,0.3593311363,1933000000.0,0.2359331136,8000000.0,1941000000.0,0.2369095569,430000000.0,1516000000.0,0.1850360063,3.07,3.05,491817000,495676000,https://www.sec.gov/Archives/edgar/data/1707925/000162828023013457/0001628280-23-013457-index.htm,https://www.sec.gov/Archives/edgar/data/1707925/000162828023013457/lin-20230331.htm,16.658635224077248,3.082447333052741,3.879491762179835,2.1939054567044245,10.089118513593473,84.0475217408101,4.635870659208608,81.27006589849476,38.25406604489068,174811434480.0,188626434480.0,28.8277431530343,21.336681860124497,91.62024867924528,162.01245086190917,4.373566036527396,4.373566036527396,23.022877392896376,64.07147910326087,98.86081471698114,174.81597264133458,0.0086722015897274,0.0061723651156437,0.4697773329997498,0.2338123225581511,4.692595108695652,0.7255552431824571,52.24324324324324,1.2293814432989691,0.0035638400992085,0.4109498680738786,0.0948370560234346,0.0043939948736726,0.486327638591423,0.4344863731656184,0.1011839375076284,0.8744725738396625,0.0036616623947272,75.07656560093372,0.0216339680592428,0.036749733346262,-59.548571928176536,-4881000000.0,2280000000.0,-26068000000.0,57971000000.0,4918000000.0,2968000000.0,2016000000.0,54.13401684364702,59.735951252538925,41.71970209884902,1.6625405844155845,1.5066303978238695,2.1572541382667967,0.037928446334751,1.6855863054754106,2023-04-27,3.13,bmo,8195325699.0,2025-04-25,2023-03-31,0.0926517571884984,334.8858064516129,2641570.129032258
2022-12-31,LIN,USD,1707925,2023-02-28,2023-02-28 13:10:13,2022,Q4,7899000000.0,4427000000.0,3472000000.0,0.43954931,36000000,0.0,0.0,764000000.0,956000000.0,1756000000.0,6183000000.0,66000000.0,31000000.0,956000000.0,2759000000.0,0.3492847196,1687000000.0,0.2135713381,27000000.0,1714000000.0,0.2169894923,388000000.0,1328000000.0,0.1681225472,2.69,2.67,493652000,497922000,https://www.sec.gov/Archives/edgar/data/1707925/000162828023005434/0001628280-23-005434-index.htm,https://www.sec.gov/Archives/edgar/data/1707925/000162828023005434/lin-20221231.htm,16.0011506081207,2.690154197693922,4.243880304343951,2.347807767415102,11.011805887548311,83.8384124849084,6.381013345433625,81.08546101302132,36.351518883748064,161019409360.0,173497409360.0,30.312388810240968,20.38478406886948,76.85890661575179,138.9296025539258,4.022669365444189,4.022669365444189,21.964477700974808,62.88416432040594,82.8149925346062,149.69578029335634,0.0082474529330244,0.00719789002212,0.4475367242929949,0.2248863893143187,4.522653135193911,0.791734935372292,54.41935483870968,1.5393093313739896,0.0036393128153255,0.4412650602409638,0.0,0.0045575389289783,0.4800145622536343,0.4467780429594272,0.1184960121534371,0.9790794979079498,0.0036713508038992,70.0569686013664,0.0188823753388376,0.0320610318437507,-57.05436218226605,-3432000000.0,3150000000.0,-25224000000.0,58353000000.0,4805500000.0,3031000000.0,1916500000.0,55.92100265856437,60.88773435735261,40.21233340862887,1.6094132029339854,1.4781302170283803,2.238119312436805,0.0331767762566203,1.8960725369288487,2023-02-07,2.91,bmo,8314820000.0,2025-04-25,2022-12-31,0.0859106529209622,313.44968253968256,1771224.5873015872
2022-09-30,LIN,USD,1707925,2022-10-27,2022-10-27 13:21:07,2022,Q3,8797000000.0,5285000000.0,3512000000.0,0.3992270092,35000000,0.0,0.0,770000000.0,1045000000.0,1850000000.0,7135000000.0,18000000.0,18000000.0,668000000.0,6951000000.0,0.7901557349,1613000000.0,0.1833579629,35000000.0,1648000000.0,0.187336592,391000000.0,1273000000.0,0.1447084233,2.56,2.54,497186000,501151000,https://www.sec.gov/Archives/edgar/data/1707925/000162828022027183/0001628280-22-027183-index.htm,https://www.sec.gov/Archives/edgar/data/1707925/000162828022027183/lin-20220930.htm,17.693579465230318,2.560409987409139,5.301838748476425,3.769213131504105,7.554516820666712,78.31877808305141,5.157023729549907,75.68193794676439,30.885825425494684,134036373739.99998,145618373740.0,26.322932784760404,15.23660040240991,50.84839671471927,71.5242122411953,3.562144513128521,3.562144513128521,16.553185601909743,20.94926970795569,55.24217516691957,77.7045751013874,0.0094974219644984,0.0139812794669835,0.4076219836292123,0.2063694953110073,1.6662350740900589,0.743841710377797,89.61111111111111,2.07069913589945,0.004334644274449,0.4564021995286724,0.0,0.0039786290780948,0.4894178114446403,0.2890743550834598,0.0866204387859497,0.7291866028708134,0.0030692281459588,66.03012774613511,0.0192259033137637,0.0335459049225255,-54.65409323673635,-3858000000.0,2564000000.0,-24181000000.0,55103000000.0,4792000000.0,3213500000.0,1820500000.0,48.11526656814823,52.22894985808893,31.58940397350993,1.8705081862640869,1.723182262797522,2.849056603773585,0.0338311895397044,1.5326256169723202,2022-10-27,2.93,bmo,8318891944.0,2025-04-25,2022-09-30,0.0580204778156996,287.21015625,1830384.0
2022-06-30,LIN,USD,1707925,2022-07-28,2022-07-28 14:19:33,2022,Q2,8457000000.0,4940000000.0,3517000000.0,0.4158685113,37000000,0.0,0.0,771000000.0,1091000000.0,1899000000.0,6839000000.0,0.0,5000000.0,690000000.0,5591000000.0,0.6611091404,589000000.0,0.0696464467,57000000.0,646000000.0,0.0763864254,286000000.0,372000000.0,0.0439872295,0.74,0.74,501034000,505269000,https://www.sec.gov/Archives/edgar/data/1707925/000162828022019683/0001628280-22-019683-index.htm,https://www.sec.gov/Archives/edgar/data/1707925/000162828022019683/lin-20220630.htm,16.879094033538642,0.7424645832418558,4.257196118427093,2.6086054040244773,7.294914117604793,81.91060886087571,5.444740277106943,79.18424697725105,32.02976245125081,144062306020.0,156450306020.0,96.8160658736559,17.034682040912852,67.53975903422409,110.22364653404745,3.631151535514442,3.631151535514442,18.499504081825705,27.98252656412091,73.34754150023441,119.70184087222648,0.002582216058296,0.0090724634091207,0.4043706205575439,0.2059831803299736,2.2157038096941517,0.7369728669499837,117.8,5.733870967741935,0.004060742994901,1.5725806451612905,0.0,0.0043750739032753,0.49190473133466,0.387248007501172,0.0976705687596074,0.7571035747021082,0.002010169090694,36.37043752766675,0.0048659169550173,0.0094003487226139,-57.15430489747203,-4023000000.0,2728000000.0,-25573000000.0,58282000000.0,4913000000.0,3373500000.0,1776000000.0,51.94395175594182,61.21457489878543,32.53846153846154,1.732636754763368,1.4702380952380951,2.765957446808511,0.0093764178051116,1.6485907144026153,2022-07-28,2.98,bmo,8355342556.0,2025-04-25,2022-06-30,0.0402684563758389,312.37967741935483,2460272.370967742
2022-03-31,LIN,USD,1707925,2022-05-02,2022-05-02 16:09:26,2022,Q1,8211000000.0,4798000000.0,3413000000.0,0.4156619169,35000000,0.0,0.0,802000000.0,1112000000.0,1949000000.0,6747000000.0,0.0,9000000.0,694000000.0,6342000000.0,0.7723785166,1480000000.0,0.1802460114,55000000.0,1535000000.0,0.186944343,369000000.0,1174000000.0,0.1429789307,2.31,2.3,507152000,511410000,https://www.sec.gov/Archives/edgar/data/1707925/000162828022011722/0001628280-22-011722-index.htm,https://www.sec.gov/Archives/edgar/data/1707925/000162828022011722/lin-20220331.htm,16.190412341862007,2.314887844275483,3.943590876108149,2.6638956368110547,8.802094835473389,87.52799949522037,8.009433069375651,84.7142474051172,32.465611887560335,161999563360.0,173991563360.0,34.497351652470186,19.729577805383023,80.99978168,119.91085370836416,3.7706762414170334,3.7706762414170334,21.19005764949458,27.43480973825292,86.99578168,128.787241569208,0.0072469331129683,0.0083395286504431,0.3830272560109862,0.1988232024840818,1.890886155786818,0.8449607059147939,164.44444444444446,1.6528925619834711,0.0036543308372038,0.504258943781942,0.0,0.0042625745950554,0.4872473328742132,0.3245,0.0790403117768846,0.5836330935251799,0.0041407867494824,66.42544380723898,0.0156393842631369,0.0276632342892151,-57.81550698804303,-2249000000.0,4062000000.0,-26120000000.0,63674000000.0,4887000000.0,3445000000.0,1749500000.0,54.201680672268914,63.53272196748645,33.12630262609421,1.6604651162790698,1.4165928550339533,2.7168742921857305,0.0273258385122081,1.2796952392970944,2022-04-28,2.78,bmo,7729840000.0,2025-04-25,2022-03-31,0.0539568345323742,309.1816129032258,2349210.35483871
2021-12-31,LIN,USD,1707925,2022-02-28,2022-02-28 14:42:30,2021,Q4,8298000000.0,4927000000.0,3371000000.0,0.4062424681,38000000,0.0,0.0,787000000.0,-25000000.0,1960000000.0,6887000000.0,0.0,31000000.0,1135000000.0,2633000000.0,0.3173053748,1337000000.0,0.1611231622,18000000.0,1355000000.0,0.1632923596,339000000.0,1026000000.0,0.1236442516,2.0,1.98,511234000,516276000,https://www.sec.gov/Archives/edgar/data/1707925/000162828022004180/0001628280-22-004180-index.htm,https://www.sec.gov/Archives/edgar/data/1707925/000162828022004180/lin-20211231.htm,16.23131481865447,2.0069087736731124,6.323914293650266,4.682787138570596,5.521933204755552,88.88493331820654,8.999792658547749,86.13472499872857,27.850260350446177,177106794620.0,188490794620.0,43.154677051656925,21.343310993010363,54.78094482523972,73.979446374269,4.021955140683547,4.021955140683547,22.71520783562304,71.58784451955944,58.302132576554285,78.73466776106935,0.0057931148389952,0.0135172679576555,0.3226297263540366,0.1740947245879541,4.323585263957463,0.7446309462728139,43.12903225806452,3.0673624288425048,0.0030546541207567,0.5272904483430799,0.0,0.0045794167269221,0.5004595306660131,0.2595112898236931,0.1011087008917811,0.7392070484581498,0.0039768618944323,62.36547157403731,0.0141006993506415,0.0251686495768428,-56.43746307952914,-3484000000.0,4601000000.0,-26005000000.0,63359000000.0,4681000000.0,3286000000.0,1713500000.0,52.37527114967462,63.988228130708336,31.65618023137812,1.7183681921722924,1.406508706822723,2.843046739757645,0.0232996480072669,1.64112715507967,2022-02-10,2.67,bmo,6782450000.0,2025-04-25,2021-12-31,0.0374531835205992,323.97640625,1428494.65625
2021-09-30,LIN,USD,1707925,2021-10-29,2021-10-29 11:18:57,2021,Q3,7668000000.0,4368000000.0,3300000000.0,0.4303599374,36000000,0.0,0.0,793000000.0,29000000.0,1992000000.0,6360000000.0,0.0,8000000.0,1163000000.0,2524000000.0,0.3291601461,1292000000.0,0.1684924361,37000000.0,1329000000.0,0.1733176839,321000000.0,979000000.0,0.1276734481,1.9,1.88,515169000,520079000,https://www.sec.gov/Archives/edgar/data/1707925/000162828021020801/0001628280-21-020801-index.htm,https://www.sec.gov/Archives/edgar/data/1707925/000162828021020801/lin-20210930.htm,14.884435981202286,1.9003472646840165,4.961478660400762,3.523115715425424,9.123219758952889,88.78057491813367,8.756349858007761,86.03584454809975,32.48448567363332,151140281220.0,163167281220.0,38.59557743105209,19.710521807511736,59.1315654225352,83.27288221487603,3.409974081628049,3.409974081628049,21.27898816118936,64.6463079318542,63.83696448356808,89.89932849586776,0.0064774260845456,0.0120087112803375,0.3773887146628161,0.198679193738048,4.7650554675118855,0.8135926277273343,161.5,2.533201189296333,0.0036125379388783,0.557711950970378,0.0,0.0046948356807511,0.4896722927628844,0.289906103286385,0.0966353677621283,0.6371453138435081,0.0041731872717788,60.65232552561042,0.0131321852371637,0.0227859885953683,-57.27683536858778,-2751000000.0,4511000000.0,-26447000000.0,64655000000.0,4524000000.0,3106000000.0,1693000000.0,53.20422535211268,63.23489010989011,34.90384615384615,1.6915949702183983,1.423264907135875,2.5785123966942147,0.0220878550639622,1.438362944975338,2021-10-28,2.68,bmo,7496340000.0,2025-04-25,2021-09-30,0.0186567164179103,303.95359375,1378935.953125
2021-06-30,LIN,USD,1707925,2021-07-30,2021-07-30 13:35:49,2021,Q2,7584000000.0,4194000000.0,3390000000.0,0.4469936709,34000000,0.0,0.0,822000000.0,-172000000.0,2027000000.0,6221000000.0,0.0,18000000.0,1171000000.0,2563000000.0,0.3379483122,1142000000.0,0.1505801688,31000000.0,1173000000.0,0.1546677215,334000000.0,841000000.0,0.1108913502,1.62,1.6,518950000,523723000,https://www.sec.gov/Archives/edgar/data/1707925/000162828021015013/0001628280-21-015013-index.htm,https://www.sec.gov/Archives/edgar/data/1707925/000162828021015013/lin-20210630.htm,14.614124674824165,1.6205800173427112,3.520570382503131,2.0869062530108877,6.044898352442432,91.00684073610176,9.854513922343193,88.21081029000867,29.887272376914925,150028445000.0,162383445000.0,44.59822978596909,19.782231671940927,82.11737547892722,138.53042012927054,3.2773760840596813,3.2773760840596813,21.411319224683545,63.35678696839641,88.8798275862069,149.9385457063712,0.0056056036573597,0.007218631106921,0.3384232256373288,0.1836741952694291,4.82052282481467,0.7117743254292723,63.44444444444444,2.085616438356164,0.0036593060735915,0.652794292508918,0.0,0.0044831223628691,0.4993064200604659,0.4072249589490969,0.0981012658227848,0.6353543979504697,0.0044831223628691,56.71362464669252,0.0108653835544307,0.0199142809784281,-57.32295982271895,-4230000000.0,5114000000.0,-26671000000.0,64801000000.0,4395500000.0,3044000000.0,1693500000.0,53.579905063291136,67.44635193133047,36.30901287553648,1.679734219269103,1.3343938911867643,2.478723404255319,0.0183716713633484,1.433664129492244,2021-07-30,2.56,bmo,7584000000.0,2025-04-25,2021-06-30,0.0546875,291.5650793650793,2063623.4285714289
2021-03-31,LIN,USD,1707925,2021-05-06,2021-05-06 13:15:34,2021,Q1,7243000000.0,4054000000.0,3189000000.0,0.4402871738,35000000,0.0,0.0,787000000.0,61000000.0,1988000000.0,6042000000.0,0.0,20000000.0,1166000000.0,2420000000.0,0.3341156979,1213000000.0,0.167472042,29000000.0,1242000000.0,0.1714759078,268000000.0,980000000.0,0.1353030512,1.87,1.86,522459000,526927000,https://www.sec.gov/Archives/edgar/data/1707925/000162828021009226/0001628280-21-009226-index.htm,https://www.sec.gov/Archives/edgar/data/1707925/000162828021009226/lin-20210331.htm,13.86328879395321,1.875745273791819,4.036680390231578,2.57819273856896,7.83984963413397,91.17079043523032,10.722372473246704,88.44713173665302,30.18418670173162,146361664260.0,158015664260.0,37.33715925,20.20732628192738,69.3986079943101,108.65750873051223,3.1673158247132656,3.1673158247132656,21.81632807676377,65.29572903305785,74.9244496254149,117.30932758723088,0.006695742392346,0.0092032295943776,0.3408353170309456,0.1853093784193992,4.815702479338843,0.7407998935249883,60.65,2.073746312684366,0.0037783117785381,0.5642857142857143,0.0,0.0048322518293524,0.49452307837116,0.3613086770981508,0.1052050255419025,0.6535162950257289,0.0040038658014634,61.09702537806615,0.0125552048274067,0.0228108561053954,-55.90773630083892,-3895000000.0,5602000000.0,-26228000000.0,65070000000.0,4433000000.0,3020000000.0,1712000000.0,53.13267982880022,65.37987173162308,37.62950172668969,1.6938727782974743,1.3765704584040748,2.391740412979351,0.021207530837481,1.4584876516626184,2021-05-06,2.26,bmo,6505880530.0,2025-04-25,2021-03-31,0.1017699115044249,259.4383606557377,1942078.7704918035
2020-12-31,LIN,USD,1707925,2021-03-01,2021-03-01 13:29:25,2020,Q4,7272000000.0,4086000000.0,3186000000.0,0.4381188119,38000000,0.0,0.0,802000000.0,-79000000.0,2032000000.0,6118000000.0,0.0,35000000.0,1192000000.0,2398000000.0,0.3297579758,1029000000.0,0.1415016502,11000000.0,1040000000.0,0.1430143014,253000000.0,770000000.0,0.1058855886,1.47,1.45,524442000,529038000,https://www.sec.gov/Archives/edgar/data/1707925/000162828021003574/0001628280-21-003574-index.htm,https://www.sec.gov/Archives/edgar/data/1707925/000162828021003574/lin-20201231.htm,13.866166325351516,1.4682271824148332,4.641123327269746,2.6828514878671044,7.15808421140946,94.54238981622372,9.90958008702583,90.2235137536658,30.86899981313472,138195711420.0,150595711420.0,44.86873747402598,19.00381070132013,56.77720271980279,98.2201218336887,2.920635530993089,2.920635530993089,20.70898121837184,62.80054688073395,61.87169737880033,107.0331993034826,0.0055718082137863,0.0101812131906459,0.3413994970095315,0.1830917272098743,5.170975813177648,0.7950509461426492,29.4,3.0311332503113326,0.0036542378544962,0.6558441558441559,0.0,0.0052255225522552,0.5030658853664894,0.4219391947411668,0.1412266226622662,0.8615771812080537,0.0039878987898789,54.594357274241176,0.0098859401459825,0.017562266216586,-58.32103454719493,-2816000000.0,5197000000.0,-27723000000.0,70280000000.0,4396500000.0,2999000000.0,1731000000.0,56.806930693069305,68.17180616740089,38.08370044052864,1.584313725490196,1.3201938610662358,2.3632157316367843,0.0162732210410634,1.9582718394026413,2021-02-05,2.14,bmo,6728299065.0,2025-04-25,2020-12-31,0.0747663551401867,245.429375,1734588.28125
2020-09-30,LIN,USD,1707925,2020-11-05,2020-11-05 14:18:10,2020,Q3,6855000000.0,3835000000.0,3020000000.0,0.4405543399,36000000,0.0,0.0,770000000.0,-36000000.0,1974000000.0,5809000000.0,0.0,38000000.0,1168000000.0,2223000000.0,0.3242888403,969000000.0,0.141356674,3000000.0,972000000.0,0.1417943107,265000000.0,700000000.0,0.1021152443,1.33,1.32,525694000,530415000,https://www.sec.gov/Archives/edgar/data/1707925/000162828020015678/0001628280-20-015678-index.htm,https://www.sec.gov/Archives/edgar/data/1707925/000162828020015678/lin-20200930.htm,13.039905344173606,1.3315731204845405,3.5838339414183915,2.086765304530773,9.88978379057018,92.43400152940684,10.694434404805838,87.83626976910521,33.93799434652098,125183512220.0,137787512220.0,44.70839722142857,18.261635626549964,66.44560096602973,114.11441405651776,2.7110668591229024,2.7110668591229024,20.1002935404814,61.98268655870445,73.13562219745224,125.6039309206928,0.0055917907045922,0.0087631348613394,0.3855549539794261,0.2041417743581511,5.669815564552406,0.8291644131963224,25.5,2.580821917808219,0.0040420658521766,0.7228571428571429,0.0,0.0052516411378555,0.4927243747778325,0.4177282377919321,0.1148067104303428,0.6738013698630136,0.0042304886943836,51.29921399138402,0.0090059915057891,0.0158231424760957,-55.924644374864464,-2527000000.0,5622000000.0,-26352000000.0,68388000000.0,4211500000.0,2859500000.0,1724000000.0,55.18161925601751,68.1277705345502,40.670143415906125,1.6309778729478943,1.3210471925594214,2.212925562608194,0.0151597184623714,1.497068636887619,2020-11-05,1.97,bmo,6228654822.0,2025-04-25,2020-09-30,0.0913705583756344,242.48453125,1850991.890625
2020-06-30,LIN,USD,1707925,2020-07-31,2020-07-31 09:30:53,2020,Q2,6377000000.0,3619000000.0,2758000000.0,0.4324917673,34000000,0.0,0.0,760000000.0,9000000.0,1918000000.0,5537000000.0,0.0,18000000.0,1124000000.0,2017000000.0,0.3162929277,591000000.0,0.0926768073,27000000.0,618000000.0,0.0969107731,164000000.0,458000000.0,0.0718206053,0.87,0.87,525510000,529054000,https://www.sec.gov/Archives/edgar/data/1707925/000162828020011079/0001628280-20-011079-index.htm,https://www.sec.gov/Archives/edgar/data/1707925/000162828020011079/lin-20200630.htm,12.13487849898194,0.871534319042454,3.356739167665696,1.866758006507964,9.402294913512588,91.2199577553234,11.137751898156075,86.65296569047212,33.29717797948659,111465926100.0,124004926100.0,60.84384612445415,17.47936742982594,63.189300510204085,113.62479724770644,2.44781004677515,2.44781004677515,19.445652516857457,61.47988403569658,70.29757715419501,126.40665249745156,0.0041088789733744,0.0088008957923151,0.3838636713002613,0.2035967200894521,6.2166584035696575,0.7998012586949321,32.833333333333336,3.652173913043478,0.0045395038439464,1.1048034934497817,0.0,0.0053316606554806,0.4901695862840104,0.4438775510204081,0.1227850086247451,0.6966192170818505,0.0050180335580994,41.22163573338923,0.0056265962772791,0.0104633098784611,-55.0998078057506,-3022000000.0,5853000000.0,-25846000000.0,66755000000.0,4307500000.0,2890500000.0,1702000000.0,59.55778579269249,70.03039513677811,42.64990328820116,1.5111374407582938,1.28515625,2.110204081632653,0.0100577552320091,1.4899811611577325,2020-07-30,1.65,bmo,5537921052.0,2025-04-25,2020-06-30,0.1515151515151515,193.11190476190475,2108100.793650794
2020-03-31,LIN,USD,1707925,2020-05-07,2020-05-07 14:23:30,2020,Q1,6739000000.0,3843000000.0,2896000000.0,0.4297373498,44000000,0.0,0.0,861000000.0,-71000000.0,2047000000.0,5890000000.0,0.0,24000000.0,1142000000.0,2092000000.0,0.3104318148,733000000.0,0.1087698472,21000000.0,754000000.0,0.1118860365,165000000.0,573000000.0,0.0850274521,1.07,1.07,531215000,534956000,https://www.sec.gov/Archives/edgar/data/1707925/000170792520000047/0001707925-20-000047-index.htm,https://www.sec.gov/Archives/edgar/data/1707925/000170792520000047/lin-q1202010q.htm,12.68601225492503,1.0786592999068174,2.5356964694144555,1.0240674679743609,7.556262530237286,88.93385917189839,10.976723172350178,84.28978850371318,31.81197820091677,91900195000.0,104761195000.0,40.09607111692845,13.637067072265914,68.22583147735709,168.93418198529412,2.052443161515097,2.052443161515097,15.545510461492803,50.07705305927343,77.7737156644395,192.5757261029412,0.0062350248549527,0.0059194651327997,0.37687600500268,0.2000142232336521,6.147705544933078,0.7432537120723047,30.541666666666668,2.222772277227723,0.0055603799317291,0.8917975567190227,0.0,0.0065291586288766,0.490843793336415,0.5961395694135115,0.1191571449769995,0.7031523642732049,0.0063807686600385,45.22940631686373,0.0075607131728068,0.0133389203156645,-54.537710719765066,-3977000000.0,5831000000.0,-25613000000.0,64853000000.0,4680000000.0,3115500000.0,1693000000.0,58.69565217391305,69.43793911007026,39.55503512880562,1.5333333333333334,1.2961214165261383,2.275310834813499,0.0127970341254243,1.5116290014400948,2020-05-07,1.83,bmo,6560719576.0,2025-04-25,2020-03-31,0.0327868852459015,197.34209677419352,2734848.419354839
2019-12-31,LIN,USD,1707925,2020-03-02,2020-03-02 15:19:05,2019,Q4,7080000000.0,4187000000.0,2893000000.0,0.4086158192,49000000,0.0,0.0,844000000.0,-158000000.0,2055000000.0,6242000000.0,0.0,8000000.0,1162000000.0,2072000000.0,0.2926553672,655000000.0,0.0925141243,17000000.0,672000000.0,0.0949152542,162000000.0,511000000.0,0.0721751412,0.95,0.95,536768000,540919000,https://www.sec.gov/Archives/edgar/data/1707925/000170792520000015/0001707925-20-000015-index.htm,https://www.sec.gov/Archives/edgar/data/1707925/000170792520000015/lin201910-k.htm,13.190056039108145,0.9519941576248956,4.053892929533802,2.1629456301418863,5.030106116609038,96.19612197448431,15.79639620841779,91.42497317276738,26.01496363419578,114277907200.0,125533907200.0,55.908956555773,16.140947344632767,52.5174205882353,98.430583290267,2.328685397562864,2.328685397562864,17.730777853107345,60.58586254826255,57.690214705882354,108.1256737295435,0.0044715554608966,0.0101594440119393,0.2843868443575009,0.1611324065949291,5.4324324324324325,0.8513157894736842,81.875,4.074906367041199,0.0041040303545215,0.9178082191780822,0.0,0.0069209039548022,0.498268138364199,0.4664522058823529,0.1433615819209039,0.8734939759036144,0.0043785310734463,44.25280677237847,0.00650277607511,0.0117590206185567,-51.61401201263861,-1808000000.0,8479000000.0,-24625000000.0,70412000000.0,4785000000.0,3168500000.0,1675000000.0,63.11440677966101,70.20300931454501,36.47719130642464,1.4259818731117824,1.2819963257807716,2.4672952268709487,0.0104128459061825,1.890947299391916,2020-02-13,1.84,bmo,6892698412.0,2025-04-25,2019-12-31,0.0271739130434781,201.50734375,1260857.921875
2019-09-30,LIN,USD,1707925,2019-11-12,2019-11-12 13:35:58,2019,Q3,7000000000.0,4061000000.0,2939000000.0,0.4198571429,44000000,0.0,0.0,850000000.0,-116000000.0,1989000000.0,6050000000.0,3000000.0,0.0,1095000000.0,2026000000.0,0.2894285714,1000000000.0,0.1428571429,1000000.0,1001000000.0,0.143,298000000.0,735000000.0,0.105,1.36,1.35,539753000,543616000,https://www.sec.gov/Archives/edgar/data/1707925/000170792519000076/0001707925-19-000076-index.htm,https://www.sec.gov/Archives/edgar/data/1707925/000170792519000076/lin-q3201910q.htm,12.968895031616311,1.3617339783197129,3.462694973441556,1.6859563541101208,3.927722495289512,95.05829518316712,17.065213162316837,90.69518835467336,26.48063095527028,104560951160.0,116733951160.0,35.56494937414966,14.937278737142858,55.944864184055646,114.90214413186813,2.1359457267174635,2.1359457267174635,16.67627873714286,57.61794232971372,62.457972798287855,128.27906720879122,0.0070293928263458,0.0087030577849995,0.2919739341817662,0.1693603810697443,6.008390918065153,0.9015896352108792,0.0,2.556771545827633,0.0045045496887195,0.6408163265306123,0.0,0.0062857142857142,0.4988150816408749,0.5131086142322098,0.137,0.8757990867579909,0.0037142857142857,52.71443058769547,0.0091891308346226,0.017377118944606,-49.44067008427929,-1071000000.0,9211000000.0,-23274000000.0,69486000000.0,4746500000.0,3214500000.0,1680500000.0,59.207142857142856,68.05959123368628,36.63383403102683,1.520086862106406,1.3223705633344187,2.456745311554749,0.0150144015688517,1.776738619331435,2019-11-12,1.78,bmo,6422680412.0,2025-04-25,2019-09-30,0.0898876404494381,193.72375,1587294.546875
2019-06-30,LIN,USD,1707925,2019-08-09,2019-08-09 13:24:49,2019,Q2,7204000000.0,4280000000.0,2924000000.0,0.4058856191,45000000,0.0,0.0,884000000.0,-107000000.0,2124000000.0,6404000000.0,0.0,10000000.0,1195000000.0,2025000000.0,0.2810938368,669000000.0,0.092865075,14000000.0,683000000.0,0.0948084398,169000000.0,522000000.0,0.0724597446,0.97,0.96,542561000,546488000,https://www.sec.gov/Archives/edgar/data/1707925/000170792519000059/0001707925-19-000059-index.htm,https://www.sec.gov/Archives/edgar/data/1707925/000170792519000059/lin-q2201910q.htm,13.27776968856958,0.9621038003100112,1.8652280573059987,0.2709372770987963,5.0427509533490245,97.489498876624,18.694672119816943,93.19505087907166,25.74272754584277,110139883000.0,121410883000.0,52.74898611111112,15.288712243198225,108.83387648221344,749.2509047619047,2.17822725654616,2.17822725654616,16.853259716823988,59.95599160493827,119.97122826086957,825.9243741496599,0.004739427587734,0.0013346663896492,0.2760264219602879,0.160077532716283,5.565925925925926,1.0152076798783385,66.9,1.867158671586716,0.0043036181543791,0.9080459770114944,0.0,0.006246529705719,0.4903256144697152,0.8547430830039525,0.1200721821210438,0.7238493723849372,0.0030538589672404,44.915749286513005,0.0064428564150766,0.0117467032719744,-49.83587098962144,160000000.0,10143000000.0,-23614000000.0,72451000000.0,4791500000.0,3262000000.0,1687500000.0,61.06607440310938,70.61214953271029,35.91588785046729,1.473813420621931,1.2745681953543777,2.5058548009367683,0.0103235503520291,1.5942907802072026,2019-08-05,1.75,bmo,6810338797.0,2025-04-25,2019-06-30,0.0457142857142857,187.0911111111111,1861024.0634920637
2019-03-31,LIN,USD,1707925,2019-05-10,2019-05-10 13:38:14,2019,Q1,6944000000.0,4116000000.0,2828000000.0,0.4072580645,46000000,0.0,0.0,879000000.0,3000000.0,2148000000.0,6264000000.0,0.0,23000000.0,1223000000.0,1908000000.0,0.2747695853,609000000.0,0.0877016129,-38000000.0,571000000.0,0.0822292627,140000000.0,517000000.0,0.074452765,0.95,0.94,545554000,549147000,https://www.sec.gov/Archives/edgar/data/1707925/000162828019006519/0001628280-19-006519-index.htm,https://www.sec.gov/Archives/edgar/data/1707925/000162828019006519/lin-q1201910q.htm,12.728345864937292,0.9476605432276182,2.073122000755196,0.5279037455503947,10.71021383767693,103.83390095205974,25.447526734292115,93.80372978660225,25.97176448160952,96333925320.0,104688925320.0,46.58313603481625,13.872973116359448,85.17588445623343,334.49279625,1.8824411396189549,1.8824411396189549,15.076170120967742,54.86840949685534,92.5631523607427,363.50321291666666,0.0053667490272262,0.0029896010054954,0.2764240351734245,0.1543632217020766,4.378930817610063,1.3543985637342908,26.47826086956522,2.432258064516129,0.0049515266653519,0.9226305609284332,0.0,0.0066244239631336,0.4666470248033085,0.7453580901856764,0.1213997695852534,0.6892886345053147,0.0023041474654377,44.72266879718645,0.0056444377733201,0.0105775722732573,-45.4515043423749,3948000000.0,13883000000.0,-19906000000.0,76130000000.0,4762500000.0,3192500000.0,1659000000.0,60.851094470046085,69.22740524781341,36.45043731778426,1.4790202342917995,1.3000631711939357,2.469106178764247,0.0101025891548607,1.545218255204801,2019-05-10,1.54,bmo,6533112426.0,2025-04-25,2019-03-31,0.0974025974025973,166.1211475409836,1701059.8852459015
2018-12-31,LIN,USD,1707925,2019-03-18,2019-03-18 12:53:02,2018,Q4,5816000000.0,3970000000.0,1846000000.0,0.3174002751,42000000,0.0,0.0,718000000.0,4000000.0,1662000000.0,5632000000.0,0.0,72000000.0,902000000.0,1046000000.0,0.1798486933,3236000000.0,0.5563961486,-58000000.0,3178000000.0,0.5464236589,355000000.0,2978000000.0,0.5120357634,6.44,6.44,458204000,462683000,https://www.sec.gov/Archives/edgar/data/1707925/000162828019003050/0001628280-19-003050-index.htm,https://www.sec.gov/Archives/edgar/data/1707925/000162828019003050/plc201810-k.htm,12.693036289512968,6.499288526507844,2.9528332358512803,1.1479602971602167,9.746750355736744,124.60825309250902,30.55189391624691,112.60486595490218,33.5396460964985,71498152160.0,82328152160.0,6.002195446608462,12.293354910591471,52.84416271988174,135.92804593155893,1.3857305248468874,1.3857305248468874,14.155459449793671,78.70760244741874,60.84859730968219,156.51739954372624,0.0416514260863102,0.0073568334860306,0.2964570896968757,0.1637932880731587,10.353728489483748,1.3331275084902747,44.94444444444444,0.4769122312301727,0.0063498144537222,0.1524513096037609,0.0,0.0072214580467675,0.4614931574325916,0.6112342941611234,0.1421939477303989,0.9168514412416852,0.0037826685006877,128.32248068798043,0.0348055538630525,0.0592177215693292,-59.74631386893174,4316000000.0,13999000000.0,-19018000000.0,77130000000.0,3341000000.0,2098500000.0,1136500000.0,74.74209078404401,72.97481108312343,37.42821158690176,1.2041407867494824,1.2333022677850265,2.404603270745003,0.0577176525312039,1.8048729386910631,2019-03-18,1.5,bmo,5959931506.0,2025-04-25,2018-12-31,-0.0266666666666666,159.68253968253967,4824098.158730159
2018-09-30,LIN,USD,1707925,2018-11-09,2018-11-09 16:40:13,2018,Q3,3024000000.0,1714000000.0,1310000000.0,0.4332010582,23000000,0.0,0.0,294000000.0,7000000.0,623000000.0,2337000000.0,0.0,40000000.0,306000000.0,997000000.0,0.3296957672,669000000.0,0.2212301587,-46000000.0,623000000.0,0.2060185185,156000000.0,461000000.0,0.1524470899,1.6,1.58,288093000,291513000,https://www.sec.gov/Archives/edgar/data/1707925/000170792518000033/0001707925-18-000033-index.htm,https://www.sec.gov/Archives/edgar/data/1707925/000170792518000033/lindeplcq3201810q.htm,10.49661046953588,1.6001777203889025,3.0233292721447587,1.704310760761282,2.082660807447595,23.429934083785444,10.53826368568483,21.63190358668902,28.990638439670523,48650264910.0,56362264910.0,26.3830070010846,16.08805056547619,55.8556428358209,99.08404258655804,7.806525178112966,7.806525178112966,18.638315115740745,56.531860491474426,64.70983342135476,114.7907635641548,0.0094757962953094,0.0100924424750475,1.3337612323491657,0.4160368386806146,7.735205616850552,0.8562176165803109,16.725,1.8145833333333337,0.0048920596925892,0.5162689804772235,0.0,0.0076058201058201,0.1858951899494469,0.4362801377726751,0.1256613756613756,1.2418300653594772,0.0062830687830687,27.907615964158644,0.0281478188668039,0.0283430679372886,-37.93566660765794,-555000000.0,3036000000.0,-9924000000.0,14884000000.0,1864500000.0,972500000.0,614000000.0,55.11904761904762,51.35355892648775,32.66044340723454,1.632829373650108,1.752556237218814,2.7556270096463025,0.0739730423620025,1.319018511383477,2018-11-09,1.6,bmo,2847810650.0,2025-04-25,2018-09-30,0.0562499999999999,160.61650793650793,1437618.238095238
2018-06-30,LIN,USD,1707925,2018-06-30,2018-06-29 20:00:00,2018,Q2,3061000000.0,1723000000.0,1338000000.0,0.4371120549,24000000,0.0,0.0,307000000.0,15000000.0,642000000.0,2365000000.0,0.0,44000000.0,311000000.0,1023000000.0,0.3342045083,689000000.0,0.2250898399,-46000000.0,643000000.0,0.2100620712,158000000.0,480000000.0,0.1568114995,1.67,1.65,287803000,290908000,,,10.635747368859947,1.6678074933200835,2.744933166089304,1.525348936598993,1.6643328943756668,22.73082629437497,9.78794522642224,20.9414078380003,29.54104022543198,45516044450.0,53495044450.0,23.706273151041668,14.869664962430578,57.61524613924051,103.68119464692482,7.552023303467729,7.552023303467729,17.476329451159753,52.292321065493645,67.7152461392405,121.85659328018224,0.0105457318578569,0.0096449505949983,1.4033515845362534,0.4263964508973583,7.79960899315738,0.964928331808478,15.659090909090908,1.583166332665331,0.0052069551048168,0.49375,0.0,0.0078405749754982,0.1877898769913289,0.4443037974683544,0.1146684090166612,1.1286173633440515,0.0055537406076445,28.03284378260612,0.0292194273056953,0.0297933089193718,-38.582815328540704,-115000000.0,2817000000.0,-10130000000.0,15311000000.0,1888500000.0,977500000.0,612500000.0,55.18784710878798,50.51073708647708,31.654091700522347,1.6307938199254128,1.781799379524302,2.8432343234323434,0.079641612742658,1.219584229490311,2018-07-26,1.69,bmo,2989964497.0,2025-04-25,2018-06-30,0.0177514792899408,154.5071875,1333696.28125
2018-03-31,LIN,USD,1707925,2018-03-31,2018-03-30 20:00:00,2018,Q1,2999000000.0,1677000000.0,1322000000.0,0.4408136045,24000000,0.0,0.0,310000000.0,-7000000.0,645000000.0,2322000000.0,0.0,46000000.0,311000000.0,979000000.0,0.3264421474,653000000.0,0.2177392464,-48000000.0,605000000.0,0.2017339113,148000000.0,462000000.0,0.1540513505,1.61,1.59,287504000,290809000,,,10.431159218654347,1.6069341643942343,2.393010184206133,1.2625911291668983,1.8956257999888697,23.989231454171072,10.698981579386722,22.149257053814903,30.914352495965275,40854318400.0,49151318400.0,22.10731515151515,13.622647015671893,59.38127674418604,112.54633168044076,6.415565075376884,6.415565075376884,16.38923587862621,50.20563677221655,71.44086976744187,135.40308099173555,0.0113084740632951,0.0088852296211604,1.388505025125628,0.4293900543900544,8.474974463738508,0.94199207696661,14.195652173913045,1.4576271186440677,0.0058011003311708,0.512987012987013,0.0,0.0080026675558519,0.185557498057498,0.4723837209302325,0.1083694564854951,1.045016077170418,0.0013337779259753,28.29892139647404,0.0265706664102386,0.0275475523224613,-39.70553453169347,-205000000.0,3076000000.0,-10366000000.0,15729000000.0,1852000000.0,834000000.0,616500000.0,57.01900633544515,53.02325581395349,33.220035778175315,1.578421052631579,1.6973684210526316,2.709208400646204,0.0725502512562814,1.1304190550392343,2018-04-26,1.56,bmo,2791927272.0,2025-04-25,2018-03-31,0.0576923076923076,155.5332786885246,1903975.6557377048
2017-12-31,LIN,USD,1707925,2018-03-23,2018-03-23 13:12:08,2017,Q4,2953000000.0,1660000000.0,1293000000.0,0.4378598036,24000000,0.0,0.0,316000000.0,7000000.0,647000000.0,2307000000.0,0.0,41000000.0,307000000.0,960000000.0,0.3250931256,636000000.0,0.2153741957,-44000000.0,595000000.0,0.2014900102,558000000.0,33000000.0,0.0111750762,0.11,0.11,286976000,290456000,https://www.sec.gov/Archives/edgar/data/1707925/000170792518000004/0001707925-18-000004-index.htm,https://www.sec.gov/Archives/edgar/data/1707925/000170792518000004/lindeplc201710k.htm,10.290059099018734,0.1149921944692239,2.913135593220339,1.7318521409455845,2.150005575379126,22.72663916146298,9.533898305084746,20.970394736842103,31.504376672613738,44389447680.0,52772447680.0,336.2836945454546,15.031983636979342,53.09742545454545,89.31478406438632,7.376112941176471,7.376112941176471,17.870791628852015,54.97129966666667,63.12493741626794,106.1819872837022,0.0007434199280399,0.0111963546738142,1.4955134596211366,0.4403992953611274,8.732291666666667,0.9933474448140308,15.51219512195122,17.06122448979592,0.0050913001132434,6.848484848484849,0.0,0.0081273281408736,0.1852613035819142,0.4055023923444976,0.1147985099898408,1.1042345276872965,0.005079580088046,7.365949597145983,0.0021557603745739,0.0019819819819819,-40.55042930419268,-22000000.0,2736000000.0,-10629000000.0,15821000000.0,1806500000.0,813500000.0,600500000.0,54.981374873010495,36.86746987951808,33.28915662650603,1.6369179600886918,2.4411764705882355,2.7035830618892507,0.0054835493519441,1.1812834522747546,2018-01-25,1.48,bmo,2873189189.0,2025-04-25,2017-12-31,0.027027027027027,148.36380952380952,1503768.6666666667
2017-09-30,LIN,USD,1707925,2017-10-30,2017-10-30 16:19:54,2017,Q3,2922000000.0,1652000000.0,1270000000.0,0.4346338125,23000000,0.0,0.0,304000000.0,-3000000.0,625000000.0,2277000000.0,0.0,41000000.0,298000000.0,924000000.0,0.3162217659,626000000.0,0.2142368241,-47000000.0,585000000.0,0.2002053388,162000000.0,419000000.0,0.143394935,1.46,1.45,286467000,289216000,https://www.sec.gov/Archives/edgar/data/1707925/000170792517000008/0001707925-17-000008-index.htm,https://www.sec.gov/Archives/edgar/data/1707925/000170792517000008/lindeplcq3201710q.htm,10.200127763407304,1.4626466573811294,2.771697961719849,1.6546408486841415,2.118917711289608,23.534997050271063,10.280416243406744,21.83846655984808,32.38767467107904,40030898580.0,48660898580.0,23.884784355608595,13.69982839835729,50.41674884130983,84.45337253164557,6.398800923913044,6.398800923913044,16.653284934976043,52.66331015151515,61.28576647355164,102.66012358649787,0.0104669146799851,0.0118408533611288,1.476502557544757,0.4533496932515337,9.33982683982684,1.1098562628336757,15.268292682926829,1.825287356321839,0.0056206582410421,0.5369928400954654,0.0,0.0078713210130047,0.1863558282208589,0.4030226700251889,0.109514031485284,1.0738255033557047,0.0054757015742642,26.808470724979,0.0245376567380145,0.0252744601278803,-39.71050766754984,321000000.0,2945000000.0,-10390000000.0,16110000000.0,1800000000.0,923500000.0,577500000.0,55.718685831622174,51.592009685230025,31.979418886198548,1.615257048092869,1.744456177402323,2.814310051107326,0.0669757033248081,1.1170571130357074,2017-10-26,1.45,bmo,2821241379.0,2025-04-25,2017-09-30,0.0344827586206896,133.29761904761904,1161124.2063492064
2017-06-30,LIN,USD,1707925,2017-06-30,2017-06-29 20:00:00,2017,Q2,2834000000.0,1598000000.0,1236000000.0,0.4361326747,23000000,0.0,0.0,308000000.0,6000000.0,623000000.0,2221000000.0,0.0,38000000.0,292000000.0,910000000.0,0.3211009174,604000000.0,0.2131263232,-40000000.0,566000000.0,0.1997177135,157000000.0,406000000.0,0.1432604093,1.42,1.41,286090000,288535000,,,9.905973644657276,1.4191338390017127,2.4502778845817748,1.314271732671537,1.8700408962214687,21.916180223006744,8.808416931734769,20.2978083819777,32.87427033451012,37921229500.0,46753229500.0,23.35051077586207,13.380814925899788,54.095905135520695,100.85433377659577,6.5302616669536775,6.5302616669536775,16.497258115737473,51.37717527472528,66.69504921540656,124.3436954787234,0.0107064039155165,0.0099152903257,1.6130532116411227,0.4691710493363386,9.705494505494505,1.0249753532697996,15.894736842105264,1.6690476190476191,0.0059333519236236,0.5541871921182266,0.0,0.0081157374735356,0.1878287002253944,0.463623395149786,0.1146788990825688,1.1130136986301369,0.0056457304163726,25.45818928124772,0.0240978005718638,0.0250385445575084,-40.31161522597784,76000000.0,2520000000.0,-10576000000.0,15632000000.0,1760500000.0,880000000.0,564500000.0,56.8772053634439,50.6883604505632,31.98998748435544,1.582356225572306,1.7755555555555556,2.813380281690141,0.0699156190804201,1.136006151910238,2017-07-27,1.42,bmo,2774545454.0,2025-04-25,2017-06-30,0.028169014084507,128.245873015873,1328838.4603174604
2017-03-31,LIN,USD,1707925,2017-03-31,2017-03-30 20:00:00,2017,Q1,2728000000.0,1545000000.0,1183000000.0,0.4336510264,23000000,0.0,0.0,279000000.0,-6000000.0,589000000.0,2134000000.0,0.0,41000000.0,287000000.0,874000000.0,0.3203812317,582000000.0,0.2133431085,-26000000.0,541000000.0,0.198313783,149000000.0,389000000.0,0.1425953079,1.36,1.35,285509000,287384000,,,9.554865170625094,1.3624789411191942,2.48678675628439,1.341463841770312,1.817806093678308,20.92753643492849,7.915687421412285,19.36541404999492,32.95517829560539,33861367400.0,42710367400.0,21.76180424164524,12.412524706744868,47.69206676056338,88.41088093994779,6.124320383432808,6.124320383432808,15.656293035190616,48.867697254004575,60.15544704225352,111.51531958224544,0.0114880180532815,0.0113108249727682,1.6943389401338398,0.4763793541825578,10.12471395881007,1.3401511783014672,14.195121951219512,1.7574257425742574,0.0066447405192502,0.5784061696658098,0.0,0.0084310850439882,0.1889143147724383,0.4605633802816901,0.1198680351906158,1.1393728222996515,0.0043988269794721,24.3651759414203,0.0236423136314398,0.0243887147335423,-40.6046744585985,765000000.0,2260000000.0,-10676000000.0,16172000000.0,1685500000.0,883000000.0,555500000.0,57.07478005865102,50.09708737864077,32.679611650485434,1.576878612716763,1.7965116279069768,2.7540106951871657,0.0703563031289564,1.1453229145140784,2017-04-27,1.34,bmo,2666925373.0,2025-04-25,2017-03-31,0.0223880597014925,117.56870967741936,1470499.338709677
2016-12-31,LIN,USD,1707925,2016-12-31,2016-12-30 19:00:00,2016,Q4,2644000000.0,1478000000.0,1166000000.0,0.4409984871,23000000,0.0,0.0,272000000.0,13000000.0,580000000.0,2058000000.0,0.0,38000000.0,285000000.0,884000000.0,0.3343419062,599000000.0,0.2265506808,-38000000.0,561000000.0,0.2121785174,152000000.0,406000000.0,0.1535552194,1.42,1.41,285720000,287956000,,,9.253814923701526,1.420971580568389,2.54094918101638,1.1094778104437912,1.8479630407391847,19.081618367632647,6.131877362452751,17.573148537029258,33.43483130337393,33483526800.0,42474526800.0,20.61793522167488,12.66396626323752,46.12056033057851,105.62626750788644,6.66869683330014,6.66869683330014,16.06449576399395,48.04810723981901,58.50485785123967,133.98904353312304,0.01212536547972,0.0094673420124907,1.8950408285202152,0.4921891164907924,10.17081447963801,1.162227602905569,15.763157894736842,1.7326968973747017,0.0063912024942366,0.5270935960591133,0.0,0.0086989409984871,0.191392509828264,0.5633608815426997,0.1546898638426626,1.4350877192982456,0.0011346444780635,23.703296282902816,0.025023154929048,0.0259723643807574,-41.461045779084415,402000000.0,1752000000.0,-11000000000.0,15579000000.0,1670000000.0,886500000.0,544000000.0,55.85854765506808,55.16914749661705,33.49120433017591,1.61121267519805,1.6313465783664458,2.6872727272727275,0.0808603863772157,1.4314713705725886,2017-01-26,1.41,bmo,2644000000.0,2025-04-25,2016-12-31,0.0,118.86142857142858,1211544.5238095238
2016-09-30,LIN,USD,1707925,2016-09-30,2016-09-29 20:00:00,2016,Q3,2716000000.0,1533000000.0,1183000000.0,0.4355670103,22000000,0.0,0.0,291000000.0,-89000000.0,597000000.0,2130000000.0,0.0,43000000.0,284000000.0,781000000.0,0.2875552283,497000000.0,0.1829896907,-43000000.0,454000000.0,0.1671575847,120000000.0,339000000.0,0.1248159057,1.19,1.18,285858000,288195000,,,9.501220885894394,1.1859034905442565,2.7566134234480058,1.4412750386555562,2.193396721449111,19.76155993535252,6.615172568198196,18.348270819777653,34.580106206578094,34540222140.0,43755222140.0,25.47214022123893,12.717313011782032,43.83276921319797,83.83549063106796,6.585361704480457,6.585361704480457,16.110170154639174,56.02461221510883,55.52693164974619,106.2019954854369,0.0098146444636618,0.0119281224750108,1.876453765490944,0.494921049984914,11.798975672215107,1.3401807723911257,11.55813953488372,2.2906976744186047,0.0061956752661463,0.6312684365781711,0.0,0.008100147275405,0.188977169868249,0.4771573604060913,0.1384388807069219,1.323943661971831,0.0051546391752577,22.12653981622696,0.0202354508403055,0.0210193452380952,-42.21239216674013,828000000.0,1891000000.0,-10975000000.0,16221000000.0,1720000000.0,868500000.0,548500000.0,56.29970544918999,50.900195694716245,31.58512720156556,1.5985874043555033,1.768166089965398,2.849442379182156,0.0646329837940896,1.3153383847924494,2016-10-27,1.41,bmo,2716000000.0,2025-04-25,2016-09-30,0.0,118.35734375,1234945.34375
2016-06-30,LIN,USD,1707925,2016-06-30,2016-06-29 20:00:00,2016,Q2,2665000000.0,1468000000.0,1197000000.0,0.4491557223,24000000,0.0,0.0,308000000.0,4000000.0,613000000.0,2081000000.0,0.0,44000000.0,281000000.0,869000000.0,0.3260787992,588000000.0,0.2206378987,-33000000.0,544000000.0,0.2041275797,146000000.0,399000000.0,0.1497185741,1.4,1.39,285702000,287727000,,,9.327901099747288,1.3965600520822394,2.492107160607906,1.2425534297974814,1.9845853371694984,19.457336665476618,6.293270610636258,17.99077360326494,35.00150506471778,32110047780.0,41499047780.0,20.11907755639098,12.04879841651032,45.09838171348315,90.4508388169014,6.247091007782101,6.247091007782101,15.571875339587242,47.75494566168009,58.285179466292135,116.89872614084508,0.0124260170129214,0.011055729422524,1.936964980544747,0.5025490888900106,10.804372842347526,1.3275020341741253,13.363636363636363,1.7408312958435208,0.0066645805532962,0.5363408521303258,0.0,0.0090056285178236,0.1898440260461359,0.5014044943820225,0.1339587242026266,1.270462633451957,0.0052532833020637,23.77639383313727,0.0237425451995467,0.0248598130841121,-42.3509460906819,805000000.0,1798000000.0,-10989000000.0,16144000000.0,1713000000.0,833000000.0,556000000.0,58.79549718574109,53.33787465940054,34.271117166212534,1.530729465824239,1.6873563218390804,2.626118067978533,0.0776264591439688,1.2495537308104248,2016-07-28,1.36,bmo,2606213235.0,2025-04-25,2016-06-30,0.0220588235294116,113.4259375,1172739.15625
2016-03-31,LIN,USD,1707925,2016-03-31,2016-03-30 20:00:00,2016,Q1,2509000000.0,1381000000.0,1128000000.0,0.4495815066,23000000,0.0,0.0,274000000.0,-5000000.0,569000000.0,1950000000.0,0.0,65000000.0,272000000.0,826000000.0,0.3292148266,554000000.0,0.2208051016,-55000000.0,489000000.0,0.1948983659,133000000.0,356000000.0,0.1418891989,1.25,1.24,285429000,286665000,,,8.790277091676039,1.247245374506445,1.9164135389186103,0.7847836064310214,0.7742731117020345,19.002974470008304,6.225716377803237,17.125099411762644,33.17462486292563,32667349050.0,41850349050.0,22.940554108146067,13.020067377441212,59.72093062157221,145.8363796875,6.683172882569559,6.683172882569559,16.680091291351136,50.66628214285714,76.50886480804388,186.8319154017857,0.0108977315378457,0.0068569996193186,1.923895253682488,0.4942969776609724,11.117433414043584,1.595330739299611,8.523076923076923,1.494535519125683,0.0065508835648847,0.601123595505618,0.0,0.0091669988043045,0.1916951379763469,0.5904936014625228,0.1287365484256676,1.1875,0.0031885213232363,21.922181076683263,0.0231687191747864,0.0231499544804265,-41.48054332250752,1071000000.0,1777000000.0,-10731000000.0,16032000000.0,1592500000.0,793500000.0,542000000.0,60.44240733359905,51.87545257060101,36.03910209992759,1.4890207715133532,1.734924623115578,2.4972875226039783,0.0728314238952536,1.131629932487589,2016-04-29,1.27,bmo,2489244094.0,2025-04-25,2016-03-31,0.0078740157480315,104.36950819672133,1749841.8688524591
2015-12-31,LIN,USD,1707925,2015-12-31,2015-12-30 19:00:00,2015,Q4,2595000000.0,1426000000.0,1169000000.0,0.4504816956,23000000,0.0,0.0,275000000.0,28000000.0,573000000.0,1999000000.0,0.0,42000000.0,275000000.0,899000000.0,0.3464354528,624000000.0,0.2404624277,-30000000.0,582000000.0,0.2242774566,163000000.0,422000000.0,0.1626204239,1.48,1.47,285288000,286856000,,,9.096071338436948,1.4792069768093996,2.772636774066908,1.4161128403578138,0.5152687810212837,17.196657412859988,4.739070693474664,15.38445360477833,32.503995961975264,29213491200.0,38297491200.0,17.306570616113746,11.25760739884393,36.932352970922885,72.31062178217822,6.6560699931647305,6.6560699931647305,14.75818543352601,42.60010144605117,48.41655018963338,94.7957702970297,0.0144453806329042,0.0138292269566192,2.1032125768967878,0.503903051476609,10.104560622914349,1.387216059165346,14.857142857142858,1.8352668213457075,0.0069830749978968,0.4834123222748815,0.0,0.0088631984585741,0.1940062230471095,0.4892541087231353,0.1491329479768786,1.4072727272727272,0.001926782273603,22.628031286398823,0.0269294517085518,0.0285811039620724,-41.62635652393371,733000000.0,1352000000.0,-10787000000.0,15285000000.0,1595000000.0,770500000.0,528500000.0,52.02312138728324,49.922861150070126,33.513323983169705,1.73,1.8027812895069533,2.6854990583804144,0.0961494645705172,1.356523933709094,2016-01-29,1.47,bmo,2595000000.0,2025-04-25,2015-12-31,0.0,109.10109375,1627318.0625
2015-09-30,LIN,USD,1707925,2015-09-30,2015-09-29 20:00:00,2015,Q3,2686000000.0,1488000000.0,1198000000.0,0.4460163812,23000000,0.0,0.0,281000000.0,-24000000.0,580000000.0,2068000000.0,0.0,35000000.0,276000000.0,870000000.0,0.3239017126,594000000.0,0.2211466865,-25000000.0,559000000.0,0.2081161579,156000000.0,401000000.0,0.1492926284,1.4,1.4,285651000,287311000,,,9.403082782836398,1.4038109441241235,2.366524185107002,0.948710139295854,0.476105457358805,16.849232104911238,4.372468501773143,14.927306398367238,33.43940682861254,29096410860.0,38477410860.0,18.13990701995012,10.832617594936709,43.04202789940828,107.36682974169742,6.823736130393996,6.823736130393996,14.325171578555471,44.22690903448276,56.91924683431953,141.98306590405903,0.0137817685462804,0.0093138635312767,2.231941838649156,0.5156588643259644,10.782758620689656,1.2846371347785108,16.97142857142857,1.6368038740920097,0.0069768055234287,0.5062344139650873,0.0,0.0085629188384214,0.1931079323797139,0.599112426035503,0.1507818317200298,1.4673913043478262,0.0029784065524944,21.71382306244676,0.0254991400583264,0.0269272092398603,-41.92703683865976,604000000.0,1249000000.0,-10917000000.0,15138000000.0,1725000000.0,766000000.0,537000000.0,56.62695457930008,45.36290322580645,31.814516129032256,1.5893491124260355,1.984,2.828897338403042,0.0940431519699812,1.4178140458111472,2015-10-29,1.45,bmo,2667475862.0,2025-04-25,2015-09-30,0.0068965517241379,110.32328125,1824580.03125
2015-06-30,LIN,USD,1707925,2015-06-30,2015-06-29 20:00:00,2015,Q2,2738000000.0,1516000000.0,1222000000.0,0.446311176,23000000,0.0,0.0,297000000.0,-144000000.0,598000000.0,2114000000.0,0.0,40000000.0,278000000.0,758000000.0,0.276844412,480000000.0,0.1753104456,-30000000.0,440000000.0,0.1607012418,131000000.0,308000000.0,0.1124908692,1.07,1.06,287939000,290102000,,,9.508958494681163,1.0696710067062816,2.4553811744848737,1.232900023963409,0.472322262701475,19.16725417536353,6.501377027773244,17.239762588603835,32.60065499984372,34423107450.0,43634107450.0,27.940833969155843,12.572354802775749,48.6889780056577,96.96649985915494,6.934550251813055,6.934550251813055,15.936489207450697,57.56478555408971,61.71726654879774,122.91297873239436,0.008947478098756,0.0103128400164233,1.882957292506044,0.4902187024702365,12.151715039577835,1.2555654496883348,12.0,2.216300940438872,0.0059553019813148,0.6655844155844156,0.0,0.0084002921840759,0.1912728798447579,0.4978783592644978,0.1285609934258582,1.266187050359712,0.0036523009495982,20.369577059414024,0.0194232733558576,0.0199740596627756,-41.04341544563258,574000000.0,1872000000.0,-10728000000.0,15584000000.0,1755500000.0,797500000.0,541500000.0,57.85244704163623,46.42480211081794,32.53298153034301,1.5556818181818182,1.938618925831202,2.7664233576642334,0.0620467365028203,1.2224811505214646,2015-07-29,1.46,bmo,2756753424.0,2025-04-25,2015-06-30,-0.0068493150684931,121.8047619047619,1365133.857142857
2015-03-31,LIN,USD,1707925,2015-03-31,2015-03-30 20:00:00,2015,Q1,2757000000.0,1530000000.0,1227000000.0,0.4450489663,24000000,0.0,0.0,299000000.0,-4000000.0,600000000.0,2130000000.0,0.0,44000000.0,277000000.0,900000000.0,0.3264417845,623000000.0,0.2259702575,-33000000.0,579000000.0,0.2100108814,162000000.0,416000000.0,0.1508886471,1.44,1.43,289143000,291652000,,,9.53507434037829,1.4387344670284254,1.7569161280058656,0.3838930909619116,0.4046440688517446,19.239615000190216,6.795945258920327,17.35473450853038,32.64820521333735,34911125820.0,44190125820.0,20.980243882211536,12.662722459194775,68.72268862204724,314.514647027027,6.957179318453567,6.957179318453567,16.02833725788901,49.1001398,86.9884366535433,398.1092416216216,0.0119159720641744,0.0031795021613542,1.872459147070546,0.4913455001830257,10.31,1.1674518201284796,14.159090909090908,1.1869158878504673,0.0059293418684714,0.4975961538461538,0.0,0.0087051142546245,0.1881503948125294,0.781496062992126,0.1439970982952484,1.4332129963898916,0.0025389916575988,23.70230433586324,0.0257674794217529,0.0267954911433172,-41.0255479122787,391000000.0,1965000000.0,-10834000000.0,15582000000.0,1697500000.0,838500000.0,543000000.0,57.15995647442873,47.8235294117647,31.47058823529412,1.574528840662479,1.881918819188192,2.8598130841121496,0.082901554404145,1.373023037043954,2015-04-29,1.44,bmo,2776145833.0,2025-04-25,2015-03-31,-0.0069444444444444,125.09934426229508,1341912.7704918033
2014-12-31,LIN,USD,1707925,2014-12-31,2014-12-30 19:00:00,2014,Q4,2990000000.0,1689000000.0,1301000000.0,0.4351170569,24000000,0.0,0.0,320000000.0,-3000000.0,635000000.0,2324000000.0,0.0,79000000.0,291000000.0,816000000.0,0.272909699,525000000.0,0.1755852843,-79000000.0,446000000.0,0.1491638796,145000000.0,302000000.0,0.1010033445,1.04,1.03,290667000,293555000,,,10.286685451048797,1.0389896341861993,2.6559602569263108,0.99770527786092,0.4334857414154341,21.282085685681555,8.4701737727365,19.345161301420525,32.12266958409452,37658816520.0,46790816520.0,31.17451698675497,12.594921913043478,48.780850414507775,129.857988,6.697281970478393,6.697281970478393,15.649102515050169,57.341686911764704,60.60986595854922,161.3476431724138,0.008019370439844,0.0077007199587906,1.6464520718477682,0.4675285324714675,11.191176470588236,1.140160642570281,6.6455696202531644,2.466453674121406,0.0050187450765911,0.6258278145695364,0.0,0.0080267558528428,0.188061811938188,0.6243523316062176,0.1612040133779264,1.656357388316151,0.003010033444816,21.26586458238433,0.0197930922014277,0.018783430774972,-41.22070960927797,349000000.0,2462000000.0,-10777000000.0,16070000000.0,1801500000.0,864000000.0,548000000.0,49.48494983277592,46.03907637655417,29.36056838365897,1.818734793187348,1.9548611111111112,3.0653357531760435,0.0537079850613551,1.6582549790653909,2015-01-28,1.57,bmo,2990000000.0,2025-04-25,2014-12-31,0.0,126.6521875,1332862.546875
2014-09-30,LIN,USD,1707925,2014-09-30,2014-09-29 20:00:00,2014,Q3,3144000000.0,1780000000.0,1364000000.0,0.4338422392,25000000,0.0,0.0,327000000.0,301000000.0,653000000.0,2433000000.0,0.0,45000000.0,301000000.0,1012000000.0,0.3218829517,711000000.0,0.2261450382,-45000000.0,666000000.0,0.2118320611,187000000.0,477000000.0,0.1517175573,1.63,1.62,292170000,295239000,,,10.76085840435363,1.6326111510422014,2.4403600643461,0.968614162987302,0.5750077009959955,24.403600643461,11.400896738200364,22.425300338843822,31.37214635315056,37689930000.0,46642930000.0,19.7536320754717,11.987891221374046,52.86105189340813,133.17996466431094,5.752431318681319,5.752431318681319,14.835537531806615,46.089851778656126,65.4178541374474,164.8160070671378,0.0126559003956759,0.0075086369223821,1.392094017094017,0.4474587912087912,8.846837944664031,1.0331081081081082,15.8,1.4551020408163264,0.0050146020435697,0.3962264150943396,0.0,0.0079516539440203,0.1863716640502354,0.603085553997195,0.1367684478371501,1.4285714285714286,0.0044529262086513,28.701313497294944,0.027707242352886,0.0287609285498944,-38.82756614299894,98000000.0,3331000000.0,-10196000000.0,16165000000.0,2017000000.0,889000000.0,543500000.0,56.07824427480916,43.68539325842697,27.556179775280903,1.6049004594180705,2.060185185185185,3.26605504587156,0.0728021978021978,1.471745901358798,2014-10-29,1.62,bmo,3144000000.0,2025-04-25,2014-09-30,0.0,131.15859375,967197.078125
2014-06-30,LIN,USD,1707925,2014-06-30,2014-06-29 20:00:00,2014,Q2,3113000000.0,1767000000.0,1346000000.0,0.4323803405,24000000,0.0,0.0,335000000.0,3000000.0,652000000.0,2419000000.0,0.0,43000000.0,293000000.0,990000000.0,0.3180212014,697000000.0,0.2238997751,-33000000.0,654000000.0,0.2100867331,183000000.0,467000000.0,0.1500160617,1.59,1.58,292945000,295976000,,,10.62656812712284,1.594155899571592,2.891327723634129,1.580501459318302,0.5905545409547868,25.6020754749185,12.326545938657429,23.591459147621567,31.43252146307327,38914813800.0,47906813800.0,20.83234143468951,12.500743270157404,45.94429020070838,84.04927386609072,5.630851367385328,5.630851367385328,15.389275232894317,48.39072101010101,56.56058299881936,103.47044017278618,0.0120005713608219,0.011897782741029,1.3261467226161192,0.4379928315412186,9.082828282828284,1.2407698350353495,16.209302325581394,1.7609147609147608,0.0048824594401631,0.4068522483940043,0.0,0.0077096048827497,0.1858542413381123,0.4533648170011806,0.1233536781239961,1.310580204778157,0.0041760359781561,29.08935260611467,0.0264485952846966,0.0274125381544963,-38.99964157094335,613000000.0,3611000000.0,-10266000000.0,17054000000.0,2051000000.0,896500000.0,531000000.0,59.99036299389656,46.55348047538201,27.606112054329373,1.5002409638554215,1.9332603938730848,3.2601476014760147,0.0675734336564896,1.3108262643158273,2014-07-23,1.59,bmo,3132578616.0,2025-04-25,2014-06-30,-0.0062893081761006,131.03079365079367,943081.1587301588
2014-03-31,LIN,USD,1707925,2014-03-31,2014-03-30 20:00:00,2014,Q1,3026000000.0,1726000000.0,1300000000.0,0.4296100463,23000000,0.0,0.0,326000000.0,9000000.0,634000000.0,2360000000.0,0.0,46000000.0,285000000.0,960000000.0,0.3172504957,675000000.0,0.2230667548,-37000000.0,629000000.0,0.2078651685,176000000.0,448000000.0,0.1480502313,1.52,1.51,294195000,297253000,,,10.285694862251228,1.5227995037305189,1.8219208348204423,0.4860721630211254,0.4894712690562382,24.44976971056612,11.34621594520641,22.43409983174425,31.66607182311052,38530719150.0,47656719150.0,21.5015173828125,12.733218489755451,71.88567005597014,269.4455884615385,5.83798775,5.83798775,15.749081014540648,49.64241578125,88.91178945895523,333.2637702797203,0.0116270863841377,0.0037113244485082,1.4045454545454543,0.4513584574934268,9.50625,1.252670501232539,14.673913043478262,1.1601731601731602,0.0049570837039515,0.4263392857142857,0.0,0.0076007931262392,0.1877008472100496,0.7332089552238806,0.1298744216787838,1.3789473684210527,0.0049570389953734,27.72470580609421,0.0258441667110397,0.0268536833902775,-38.820340250514114,615000000.0,3338000000.0,-10296000000.0,16796000000.0,1872000000.0,900000000.0,513000000.0,60.28750826173166,45.83429895712631,27.11471610660487,1.492846571287617,1.963594994311718,3.319230769230769,0.0678787878787878,1.3358486717993168,2014-04-23,1.51,bmo,3026000000.0,2025-04-25,2014-03-31,0.0,129.58918032786886,1310746.245901639
2013-12-31,LIN,USD,1707925,2013-12-31,2013-12-30 19:00:00,2013,Q4,3010000000.0,1699000000.0,1311000000.0,0.4355481728,26000000,0.0,0.0,332000000.0,24000000.0,645000000.0,2344000000.0,0.0,56000000.0,287000000.0,919000000.0,0.3053156146,690000000.0,0.2292358804,-47000000.0,634000000.0,0.2106312292,136000000.0,474000000.0,0.1574750831,1.61,1.59,294697000,298225000,,,10.213880697801471,1.6084317112152482,3.271156475973627,1.5202054992076608,0.4682775868095026,24.80513883751786,11.944471779488763,22.426424429159443,30.08853161043377,38319450910.0,46992450910.0,20.21068085970464,12.730714588039866,39.750467748962656,85.53448863839286,5.798070950219397,5.798070950219397,15.612109936877076,51.13433178454842,48.74735571576763,104.89386363839286,0.0123696970792528,0.0116911904884077,1.333182024512029,0.4350037027894347,9.437431991294886,1.0945945945945943,12.321428571428571,1.90138067061144,0.0046190640992146,0.3734177215189873,0.0,0.0086378737541528,0.1871142927672179,0.5352697095435685,0.1714285714285714,1.797909407665505,0.0059800664451827,28.488697319695547,0.0294943067970978,0.0287883389006984,-38.22994465501854,252000000.0,3520000000.0,-10029000000.0,16320000000.0,1837000000.0,910500000.0,512500000.0,51.33887043189369,48.78752207180695,26.80400235432608,1.7530576587070472,1.8447339847991315,3.357707509881423,0.0717203812982296,1.7509509767659663,2014-01-29,1.55,bmo,2932322580.0,2025-04-25,2013-12-31,0.0258064516129032,124.70359375,860643.265625
2013-09-30,LIN,USD,1707925,2013-09-30,2013-09-29 20:00:00,2013,Q3,3013000000.0,1697000000.0,1316000000.0,0.4367739794,24000000,0.0,0.0,336000000.0,4000000.0,641000000.0,2338000000.0,0.0,41000000.0,281000000.0,951000000.0,0.3156322602,670000000.0,0.2223697312,-33000000.0,629000000.0,0.2087620312,175000000.0,445000000.0,0.1476933289,1.51,1.49,295124000,298357000,,,10.209267968718232,1.5078407720144753,3.0631192312383946,1.3147016169474526,0.4540464347189656,23.261408763773872,10.378688280180535,21.04200268361773,30.72267928057359,35476856040.0,44368856040.0,19.930818,11.774595433123134,39.24430977876106,91.43519597938143,5.712859265700483,5.712859265700483,14.7258068503153,46.65494851735016,49.08059296460177,114.35272175257732,0.0125433888363237,0.0109367075696485,1.453462157809984,0.4499052935898714,9.350157728706623,1.0163878456811195,16.341463414634145,1.9567099567099568,0.0049609807532426,0.3955056179775281,0.0,0.0079654829074012,0.1895125112152327,0.5707964601769911,0.1712578825091271,1.8362989323843413,0.0059741121805509,26.718528502743723,0.0264605496153138,0.0273677736777367,-38.41012591317548,48000000.0,3063000000.0,-10220000000.0,15949000000.0,1959000000.0,907500000.0,499500000.0,58.456687686691005,47.73129051266942,27.525044195639364,1.5396014307613697,1.885555555555556,3.2697495183044314,0.071658615136876,1.748417614290942,2013-10-30,1.51,bmo,3013000000.0,2025-04-25,2013-09-30,0.0,118.7278125,1154098.296875
2013-06-30,LIN,USD,1707925,2013-06-30,2013-06-29 20:00:00,2013,Q2,3014000000.0,1710000000.0,1304000000.0,0.4326476443,24000000,0.0,0.0,344000000.0,4000000.0,643000000.0,2353000000.0,0.0,41000000.0,275000000.0,943000000.0,0.3128732581,665000000.0,0.2206370272,-44000000.0,624000000.0,0.2070338421,174000000.0,445000000.0,0.1476443265,1.5,1.49,295668000,298654000,,,10.193866093050314,1.5050664934994655,1.9515131837060489,0.1860194542527429,0.3449815333414505,22.132932884180907,9.500520854471908,20.049514996550183,30.936726328178903,34513325640.0,43517325640.0,19.389508786516856,11.45100386197744,59.81512242634316,627.5150116363636,5.82208597165992,5.82208597165992,14.43839603185136,46.14774723223754,75.41997511265164,791.2241025454546,0.0128935705773962,0.0015935873747343,1.5360998650472335,0.460573567346113,9.548250265111347,1.0076923076923077,16.21951219512195,1.2516268980477223,0.0051284539150542,0.397752808988764,0.0,0.0079628400796284,0.1889130544737241,0.9046793760831888,0.1731917717319177,1.8981818181818184,0.0056403450564034,26.05679753394518,0.0266071520024582,0.0277500623596906,-38.604955558261295,23000000.0,2809000000.0,-10214000000.0,15625000000.0,1977500000.0,911000000.0,478500000.0,58.55673523556735,48.1578947368421,25.26315789473684,1.5369709331973482,1.8688524590163933,3.5625,0.0750674763832658,1.7654937294533055,2013-07-24,1.48,bmo,2993635135.0,2025-04-25,2013-06-30,0.0067567567567567,113.895625,1270376.953125
2013-03-31,LIN,USD,1707925,2013-03-31,2013-03-30 20:00:00,2013,Q1,2888000000.0,1638000000.0,1250000000.0,0.4328254848,24000000,0.0,0.0,337000000.0,266000000.0,627000000.0,2265000000.0,0.0,40000000.0,266000000.0,896000000.0,0.3102493075,600000000.0,0.2077562327,-30000000.0,560000000.0,0.1939058172,164000000.0,391000000.0,0.1353878116,1.32,1.3,296604000,299700000,,,9.73688824156114,1.3182559911531877,1.5913473857399092,0.020228992191609,0.3809793529419698,22.862132675216788,10.583134414910116,20.798775471672663,29.385982657010693,32946772320.0,41509772320.0,21.065711202046035,11.40816216066482,69.80248372881356,5491.12872,5.340699030637056,5.340699030637056,14.373189861495844,46.32787089285714,87.94443288135594,6918.295386666667,0.0118676268558983,0.0001821119210623,1.40638677257254,0.4429694679873379,9.556919642857142,1.0904690990320178,15.0,1.1625615763546795,0.0054026536581838,0.4552429667519181,0.0,0.0083102493074792,0.185949147350148,0.9872881355932204,0.1613573407202216,1.7518796992481205,0.0058864265927977,24.8376223382816,0.0238309208203613,0.0245233316608128,-36.94488273927527,243000000.0,3139000000.0,-9876000000.0,15726000000.0,1914000000.0,917500000.0,476500000.0,62.1398891966759,49.83516483516483,26.208791208791208,1.448345035105316,1.8059536934950384,3.4339622641509435,0.0633814232452585,1.5711183935483002,2013-04-24,1.38,bmo,2888000000.0,2025-04-25,2013-03-31,0.0,112.109,1163598.6666666667
2012-12-31,LIN,USD,1707925,2012-12-31,2012-12-30 19:00:00,2012,Q4,2799000000.0,1583000000.0,1216000000.0,0.4344408717,25000000,0.0,0.0,319000000.0,-2000000.0,598000000.0,2181000000.0,15000000.0,35000000.0,254000000.0,885000000.0,0.3161843516,616000000.0,0.2200785995,-35000000.0,581000000.0,0.2075741336,162000000.0,414000000.0,0.1479099678,1.4,1.38,296887000,300224000,,,9.42782944352565,1.3944699498462378,2.960722429745997,0.9869074765819992,0.5288207297726071,22.476565157787302,13.449561617719873,20.425279651854076,24.91520342756672,32494282150.0,39699282150.0,19.62215105676329,11.609246927474098,36.96732895335609,110.90198686006826,5.358555763522428,5.358555763522428,14.183380546623797,44.85794593220339,45.16414351535836,135.4924305460751,0.0127407030593534,0.0090169710057743,1.2140501319261214,0.4069651741293532,8.141242937853107,1.1262605889471562,17.6,2.053738317757009,0.005016267146557,0.393719806763285,0.0,0.0089317613433369,0.1481481481481481,0.6666666666666666,0.209360485887817,2.307086614173228,0.0064308681672025,25.31511150604748,0.0272741259734419,0.026865671641791,-32.492160316888246,313000000.0,3993000000.0,-8625000000.0,14446000000.0,1867500000.0,923500000.0,479500000.0,58.97106109324759,52.76058117498421,27.06253948199621,1.5261723009814614,1.705818965517241,3.3256302521008405,0.0682717678100263,1.9738149531639984,2013-01-23,1.38,bmo,2799000000.0,2025-04-25,2012-12-31,0.0,106.71467741935484,1091593.5806451612
2012-09-30,LIN,USD,1707925,2012-09-30,2012-09-29 20:00:00,2012,Q3,2774000000.0,1595000000.0,1179000000.0,0.4250180245,24000000,0.0,0.0,306000000.0,335000000.0,665000000.0,2260000000.0,0.0,36000000.0,248000000.0,806000000.0,0.290555155,558000000.0,0.2011535689,-36000000.0,522000000.0,0.1881759193,90000000.0,430000000.0,0.1550108147,1.44,1.43,298416000,301731000,,,9.295748217253768,1.4409415044769718,2.499865958929816,0.6668543241649242,0.3619108894965417,22.079915286043644,13.611870677175489,20.156425928904618,24.03356388397405,31038248160.0,38066248160.0,18.04549311627907,11.188986359048306,41.60623077747989,155.97109628140703,5.160141007481297,5.160141007481297,13.722511953857246,47.22859573200993,51.02714230563003,191.2876791959799,0.0138538746704833,0.0064114443242469,1.1863674147963426,0.4045580815238959,8.719602977667494,1.119701726844584,15.5,1.6954545454545455,0.0052838033626959,0.3813953488372093,0.0,0.0086517664023071,0.143262089687624,0.7332439678284183,0.1971881759192501,2.2056451612903225,0.0061283345349675,25.56355199917796,0.029157286491241,0.0284542085759661,-31.07993539220417,305000000.0,4062000000.0,-8197000000.0,13906000000.0,1872000000.0,907500000.0,476000000.0,61.67627974044701,51.855799373040746,27.253918495297803,1.4592319831667544,1.735582154515778,3.3022774327122155,0.0714879467996675,1.833011634764892,2012-10-24,1.39,bmo,2774000000.0,2025-04-25,2012-09-30,0.0,106.76920634920636,1048536.619047619
2012-06-30,LIN,USD,1707925,2012-06-30,2012-06-29 20:00:00,2012,Q2,2811000000.0,1602000000.0,1209000000.0,0.4300960512,25000000,0.0,0.0,310000000.0,256000000.0,573000000.0,2175000000.0,0.0,33000000.0,247000000.0,883000000.0,0.3141230879,636000000.0,0.2262540021,-33000000.0,603000000.0,0.2145144077,169000000.0,429000000.0,0.1526147279,1.43,1.42,298885000,302492000,,,9.404955083058702,1.4353346604881476,2.425682118540576,0.5386687187379762,0.3479599176940964,19.71995918162504,11.338809241012427,18.78648978704184,23.51406059186644,32497766050.0,39388766050.0,18.938092103729605,11.560927090003558,44.82450489655173,201.84947857142856,5.78766982190561,5.78766982190561,14.012367858413375,44.60788907134768,54.32933248275862,244.6507208074534,0.0132009073897557,0.0049541866893955,1.2457702582368655,0.4191634707574305,7.804077010192525,0.9721407624633432,19.272727272727277,1.632882882882883,0.0050465007270861,0.3822843822843823,0.0,0.0088936321593738,0.150107861936721,0.7779310344827586,0.2006403415154749,2.283400809716599,0.0064034151547491,24.63148896545993,0.0305289611698742,0.0302474793767186,-30.356993492480385,-76000000.0,3389000000.0,-8142000000.0,12895000000.0,1888500000.0,907500000.0,475500000.0,59.00747065101388,50.3370786516854,26.34831460674157,1.525230602278893,1.7879464285714286,3.4157782515991477,0.0764024933214603,1.8870133998025995,2012-07-25,1.42,bmo,2811000000.0,2025-04-25,2012-06-30,0.0,109.72301587301588,1198554.6666666667
2012-03-31,LIN,USD,1707925,2012-03-31,2012-03-30 20:00:00,2012,Q1,2840000000.0,1616000000.0,1224000000.0,0.4309859155,24000000,0.0,0.0,335000000.0,266000000.0,625000000.0,2241000000.0,0.0,37000000.0,252000000.0,879000000.0,0.3095070423,627000000.0,0.2207746479,-30000000.0,597000000.0,0.2102112676,165000000.0,419000000.0,0.1475352113,1.4,1.38,299077000,302876000,,,9.495882331305983,1.400977005921552,1.3441354567552837,-0.2708332636745721,0.3577673976935706,20.95446991911782,12.334616169080205,19.861106002801957,23.047576376652167,34286187280.0,41035187280.0,20.4571523150358,12.072601154929576,85.28902308457712,-423.2862627160494,5.772085400673401,5.772085400673401,14.449009605633805,46.68394457337884,102.07758029850746,-506.6072503703704,0.0122206647411161,-0.0023624674081871,1.1542087542087542,0.4036027550479779,7.678043230944255,1.2822655524605386,16.945945945945947,0.9305555555555556,0.0047832673449714,0.3914081145584726,0.0,0.0084507042253521,0.1517631129687408,1.2014925373134329,0.1700704225352112,1.9166666666666667,0.0059859154929577,25.021219764375218,0.0297143586818762,0.0290790478173363,-29.83011064040364,608000000.0,3689000000.0,-7958000000.0,13709000000.0,1864500000.0,907500000.0,469000000.0,61.2887323943662,51.181930693069305,26.844059405940595,1.468459152016546,1.7584330794341676,3.3526970954356847,0.0705387205387205,1.614968720429856,2012-04-25,1.36,bmo,2798235294.0,2025-04-25,2012-03-31,0.014705882352941,109.3183870967742,1205904.2741935484
2011-12-31,LIN,USD,1707925,2011-12-31,2011-12-30 19:00:00,2011,Q4,2796000000.0,1598000000.0,1198000000.0,0.4284692418,23000000,0.0,0.0,315000000.0,258000000.0,596000000.0,2194000000.0,0.0,38000000.0,249000000.0,867000000.0,0.3100858369,618000000.0,0.2210300429,-38000000.0,580000000.0,0.2074391989,-1126000000.0,420000000.0,0.1502145923,1.39,1.39,299573000,301594000,,,9.333284374760074,1.4019955069382086,2.640424871400293,0.731040514332066,0.3004276086296161,19.35087608028761,10.875479432392105,18.31940795732593,22.03135796617185,32024353700.0,38496353700.0,19.06211529761905,11.453631509299,40.485908596713024,146.22992557077626,5.835341417638484,5.835341417638484,13.768366845493562,44.40179204152249,48.66795663716814,175.78243698630138,0.0131150187739776,0.006838545503574,1.1956997084548104,0.4011983370017119,7.46482122260669,1.0284023668639053,16.263157894736842,1.8352668213457075,0.0046527090412444,0.3547619047619048,0.0,0.0082260371959942,0.1552335534360479,0.7231352718078382,0.2045779685264663,2.2971887550200805,0.0057224606580829,24.039215295712708,0.1249757589407427,0.0303973366143157,-29.69142746509198,72000000.0,3258000000.0,-7952000000.0,12742000000.0,1827500000.0,875500000.0,450500000.0,57.77896995708154,50.4630788485607,25.68210262828536,1.5576601671309191,1.7834821428571428,3.504385964912281,0.0765306122448979,1.9093843570682272,2012-01-25,1.37,bmo,2816408759.0,2025-04-25,2011-12-31,-0.0072992700729927,101.234126984127,1709749.4761904762
2011-09-30,LIN,USD,1707925,2011-09-30,2011-09-29 20:00:00,2011,Q3,2896000000.0,1684000000.0,1212000000.0,0.4185082873,22000000,0.0,0.0,307000000.0,261000000.0,590000000.0,2274000000.0,0.0,36000000.0,256000000.0,888000000.0,0.3066298343,632000000.0,0.2182320442,-36000000.0,596000000.0,0.205801105,166000000.0,429000000.0,0.1481353591,1.42,1.4,301594000,305623000,,,9.602313043362932,1.4224420910230309,2.427103987479857,0.9085061373900012,0.4144644787363143,20.295496594759843,13.083814664747973,19.075313169360133,21.04153265648521,28193007120.0,34378007120.0,16.42949132867133,9.735154392265194,38.51503704918033,102.89418656934306,4.900574851381888,4.900574851381888,11.870858812154696,38.71397198198199,46.9644906010929,125.467179270073,0.0152165392706785,0.0097187220516688,1.0968190509299496,0.3968054332788328,6.96509009009009,1.2466574458275703,17.555555555555557,1.652370203160271,0.005320468276461,0.3496503496503496,0.0,0.0075966850828729,0.1367752483964281,0.6256830601092896,0.1581491712707182,1.7890625,0.005524861878453,24.70838699530455,0.0320340841901374,0.0312522765352954,-26.653381698574904,535000000.0,3946000000.0,-7077000000.0,12464000000.0,1892500000.0,870000000.0,447500000.0,57.80386740331492,45.69477434679335,23.782660332541568,1.556989247311828,1.9695906432748536,3.784269662921348,0.0745697896749522,1.5185978500898558,2011-10-26,1.39,bmo,2875165467.0,2025-04-25,2011-09-30,0.0071942446043165,99.54203125,2035452.375
2011-06-30,LIN,USD,1707925,2011-06-30,2011-06-29 20:00:00,2011,Q2,2858000000.0,1640000000.0,1218000000.0,0.4261721484,23000000,0.0,0.0,309000000.0,254000000.0,586000000.0,2226000000.0,0.0,36000000.0,254000000.0,881000000.0,0.3082575227,627000000.0,0.2193841847,-36000000.0,591000000.0,0.2067879636,163000000.0,425000000.0,0.1487053884,1.4,1.38,303709000,308253000,,,9.41032369801356,1.3993658403274187,1.8866744153120256,0.4609675709313849,0.26341004053222,22.29107468003912,14.85961891152386,21.0728032425776,20.26610999344767,32919018510.0,38958018510.0,19.36412853529412,11.518201018194542,57.450294083769634,235.1358465,5.1435966421875,5.1435966421875,13.63121711336599,44.22022532349602,67.98956109947645,278.2715607857143,0.0129104699725751,0.0042528606968482,0.95609375,0.3728823887873248,6.854710556186152,1.3817635270541082,17.416666666666668,1.2733333333333334,0.0045870140373149,0.3552941176470588,0.0,0.0080475857242827,0.137538086532602,0.7556719022687609,0.1515045486354093,1.704724409448819,0.0055983205038488,25.758350546882635,0.0305812948538421,0.0300289691231541,-25.98293102937351,762000000.0,4513000000.0,-6882000000.0,13098000000.0,1879500000.0,831000000.0,433000000.0,60.61931420573828,48.5670731707317,24.69512195121951,1.4846753246753246,1.8531073446327684,3.644444444444445,0.06640625,1.4257068443806409,2011-07-27,1.37,bmo,2837138686.0,2025-04-25,2011-06-30,0.0072992700729925,103.5363492063492,1414118.507936508
2011-03-31,LIN,USD,1707925,2011-03-31,2011-03-30 20:00:00,2011,Q1,2702000000.0,1536000000.0,1166000000.0,0.4315321984,22000000,0.0,0.0,308000000.0,243000000.0,573000000.0,2109000000.0,0.0,35000000.0,244000000.0,835000000.0,0.3090303479,591000000.0,0.218726869,-26000000.0,556000000.0,0.2057735011,156000000.0,398000000.0,0.1472982976,1.31,1.29,304071000,308595000,,,8.886082526778285,1.308904828148689,1.180645309812511,0.0822176399590885,0.2828286814592644,21.49826849650246,14.14801148415995,20.274870013911222,19.31456797918907,30893613600.0,36645613600.0,19.40553618090452,11.43360977054034,86.0546339832869,1235.744544,5.011129537712895,5.011129537712895,13.56240325684678,43.88696239520958,102.0769181058496,1465.824544,0.0128829215368965,0.0008092287397548,0.9469586374695864,0.3687002652519894,6.888622754491018,1.3524206142634043,16.885714285714286,0.9020100502512562,0.0049201107377092,0.3819095477386934,0.0,0.0081421169504071,0.1411519514967791,0.9303621169916436,0.1236121391561806,1.3688524590163935,0.005181347150259,24.435674599939905,0.0297953648293698,0.0292668578571953,-25.084601951517904,677000000.0,4302000000.0,-6699000000.0,12696000000.0,1749000000.0,803500000.0,407500000.0,61.0880829015544,45.52734375,24.375,1.4732824427480915,1.9768339768339769,3.692307692307693,0.0645579886455798,1.0984276698534223,2011-04-27,1.26,bmo,2637666666.0,2025-04-25,2011-03-31,0.0238095238095238,96.02532258064517,1534299.064516129
2010-12-31,LIN,USD,1707925,2010-12-31,2010-12-30 19:00:00,2010,Q4,2623000000.0,1492000000.0,1131000000.0,0.4311856653,23000000,0.0,0.0,301000000.0,199000000.0,523000000.0,2015000000.0,0.0,28000000.0,240000000.0,745000000.0,0.2840259245,505000000.0,0.1925276401,-28000000.0,477000000.0,0.1818528403,346000000.0,133000000.0,0.0507052993,0.43,0.43,306135000,307127000,,,8.568115373936335,0.4344488542636419,0.9472944942590688,-0.5259117709507244,0.1273947768141506,20.072843680075785,12.893004720139809,18.91975762327078,18.24358534633413,29226708450.0,34744708450.0,54.93742189849624,11.14247367518109,100.78175327586206,-181.532350621118,5.046047729627071,5.046047729627071,13.246171730842546,46.63719255033557,119.80933948275862,-215.80564254658384,0.0045506321804089,-0.0055086600078634,0.9594267955801103,0.3638208720701846,7.406711409395973,1.1270142180094789,18.035714285714285,2.0422535211267605,0.0046874932986167,1.0300751879699248,0.0,0.0087685855890202,0.1439046746104491,1.5551724137931036,0.1719405261151353,1.8791666666666669,0.0045749142203583,13.599356896686526,0.0102233324092077,0.0101713062098501,-24.964476456465285,268000000.0,3947000000.0,-6751000000.0,11998000000.0,1687500000.0,788000000.0,401000000.0,57.09492947007244,50.06702412868633,24.06836461126005,1.5763221153846154,1.797590361445783,3.7393483709273183,0.0229627071823204,1.473206265209793,2011-01-26,1.23,bmo,2580349593.0,2025-04-25,2010-12-31,0.016260162601626,92.52515625,1273494.59375
2010-09-30,LIN,USD,1707925,2010-09-30,2010-09-29 20:00:00,2010,Q3,2538000000.0,1444000000.0,1094000000.0,0.4310480693,19000000,0.0,0.0,299000000.0,229000000.0,543000000.0,1987000000.0,0.0,29000000.0,227000000.0,778000000.0,0.3065405831,551000000.0,0.2171000788,-29000000.0,522000000.0,0.2056737589,146000000.0,377000000.0,0.1485421592,1.22,1.21,307127000,311608000,,,8.263682450582332,1.2275052339911503,1.9405653036040464,0.8856271184233232,0.2311747257649115,20.610366395660428,13.434181950789087,19.5065884796843,16.62504436275547,27721283020.0,32727283020.0,18.382813673740053,10.92249133963751,46.51221983221477,101.91648169117649,4.627154568519446,4.627154568519446,12.894910567375886,42.0659164781491,54.911548691275165,120.32089345588236,0.0135996591401634,0.0098119556661126,0.8474378234017693,0.3371853622899648,6.434447300771208,1.3159871244635193,19.0,1.5360824742268042,0.0050141979323148,0.3687002652519894,0.0,0.0074862096138691,0.1463771003519957,0.5436241610738255,0.1276595744680851,1.4273127753303965,0.0047281323877068,23.210986359109967,0.02949750196127,0.0293316735392515,-23.349461297769327,589000000.0,4126000000.0,-6274000000.0,12087000000.0,1664000000.0,737500000.0,388500000.0,60.673758865248224,46.495844875346265,25.11772853185596,1.483343074225599,1.935656836461126,3.5831265508684864,0.0629277249207144,1.0549381851807234,2010-10-27,1.2,bmo,2516850000.0,2025-04-25,2010-09-30,0.0083333333333333,86.0609375,1652475.09375
2010-06-30,LIN,USD,1707925,2010-06-30,2010-06-29 20:00:00,2010,Q2,2527000000.0,1437000000.0,1090000000.0,0.4313415117,19000000,0.0,0.0,302000000.0,222000000.0,543000000.0,1980000000.0,0.0,29000000.0,230000000.0,777000000.0,0.3074792244,547000000.0,0.2164622082,-29000000.0,518000000.0,0.2049861496,145000000.0,371000000.0,0.1468144044,1.21,1.19,306826000,311109000,,,8.235938284239277,1.2091543741403925,1.7469184488928575,0.6876861804410317,0.1564404581098081,18.79566920665133,11.79169953002679,17.76902870030571,16.475135744689172,23315707740.0,28293707740.0,15.711393355795147,9.226635433320142,43.49945473880597,110.50098454976305,4.27654213866471,4.27654213866471,11.196560245350218,36.41403827541828,52.78676817164179,134.09340161137442,0.0159120196623291,0.0090496931233192,0.921863536316948,0.3516652672823957,6.406692406692407,1.2933484934621944,18.86206896551724,1.4068241469816274,0.0058758670990272,0.3692722371967655,0.0,0.0075187969924812,0.1503638399104394,0.6063432835820896,0.1286110011871784,1.4130434782608696,0.0051444400474871,21.986898882903397,0.0308298559316092,0.0305525817343325,-23.06600483661749,516000000.0,3618000000.0,-6250000000.0,11597000000.0,1631000000.0,716500000.0,375500000.0,57.59002770083103,45.65762004175365,23.423799582463467,1.5627705627705628,1.97119341563786,3.842245989304813,0.068048422597212,1.059232268451826,2010-07-28,1.14,bmo,2416166666.0,2025-04-25,2010-06-30,0.043859649122807,80.9331746031746,2358335.333333333
2010-03-31,LIN,USD,1707925,2010-03-31,2010-03-30 20:00:00,2010,Q1,2428000000.0,1381000000.0,1047000000.0,0.4312191104,18000000,0.0,0.0,294000000.0,254000000.0,566000000.0,1947000000.0,0.0,32000000.0,228000000.0,707000000.0,0.2911861614,479000000.0,0.1972817133,-32000000.0,447000000.0,0.1841021417,131000000.0,314000000.0,0.129324547,1.02,1.01,306793000,311159000,,,7.914131026457579,1.0234914095171663,1.574351435658571,0.6356077224708517,1.225582069995078,18.677088460297337,11.555022441841894,17.594925568705936,17.718787586418205,25463819000.0,30491819000.0,20.273741242038216,10.48756960461285,52.72012215320911,130.5836871794872,4.717269173768062,4.717269173768062,12.558409802306423,43.12845685997171,63.130060041407866,156.36830256410258,0.0123312218014116,0.0076579243671186,1.001111522786217,0.3669450668839546,7.111739745403112,1.1978072179077204,14.96875,1.4953560371517027,0.0054194541674993,0.4394904458598726,0.0,0.0074135090609555,0.1483669450668839,0.5962732919254659,0.1186161449752883,1.263157894736842,0.0041186161449752,20.129226049203943,0.0256337565433277,0.0250358794450645,-23.464518421215608,433000000.0,3545000000.0,-6375000000.0,11616000000.0,1612000000.0,717000000.0,377000000.0,60.97611202635915,45.87979724837075,24.569152787834906,1.4759878419452888,1.9616477272727275,3.663129973474801,0.0581696924786958,0.9387437131877194,2010-04-28,1.09,bmo,2428000000.0,2025-04-25,2010-03-31,0.0,78.89524590163934,2044119.262295082
2009-12-31,LIN,USD,1707925,2009-12-31,2009-12-30 19:00:00,2009,Q4,2407000000.0,1370000000.0,1037000000.0,0.4308267553,18000000,0.0,0.0,274000000.0,213000000.0,505000000.0,1875000000.0,0.0,33000000.0,223000000.0,735000000.0,0.3053593685,512000000.0,0.2127129206,-33000000.0,479000000.0,0.1990029082,133000000.0,340000000.0,0.1412546739,1.11,1.11,307360000,307360000,,,7.831207704320667,1.106194690265487,2.30674128058303,1.1517438833940656,0.146408120770432,18.375845913586677,11.179073399271212,17.292425819885477,16.55387818844352,24684081600.0,29694081600.0,18.15006,10.255123223930203,34.815347813822285,69.72904406779661,4.644229840075258,4.644229840075258,12.336552388865808,40.40011102040816,41.8816383638928,83.88158644067796,0.0137740591491157,0.0143412262905499,0.9510818438381938,0.3530767618914577,6.816326530612245,1.2261445118587977,15.515151515151516,2.0142045454545454,0.0049829684568859,0.3617647058823529,0.0,0.0074781886165351,0.1545016414053223,0.5007052186177715,0.1474864977149979,1.5919282511210762,0.0037390943082675,20.746030139155785,0.0288890142752355,0.0280875671210243,-23.59204190525768,410000000.0,3436000000.0,-6446000000.0,11612000000.0,1604000000.0,723500000.0,387500000.0,59.04029912754466,47.956204379562045,24.76642335766423,1.5243825205826471,1.8767123287671232,3.6339522546419096,0.063969896519285,1.154997397188964,2010-01-27,1.09,bmo,2407000000.0,2025-04-25,2009-12-31,0.0,81.92015625,1492445.453125
2009-09-30,LIN,USD,1707925,2009-09-30,2009-09-29 20:00:00,2009,Q3,2288000000.0,1277000000.0,1011000000.0,0.4418706294,20000000,0.0,0.0,284000000.0,207000000.0,521000000.0,1798000000.0,0.0,32000000.0,217000000.0,391000000.0,0.1708916084,174000000.0,0.076048951,-32000000.0,142000000.0,0.0620629371,-187000000.0,325000000.0,0.1420454545,1.06,1.04,307360000,312182000,,,7.444039562727746,1.0573919833420091,1.779672045809474,0.6929984383133785,0.2114783966684018,17.591749089016137,10.43076522644456,16.544117647058822,17.13625715773035,25108238400.0,30278238400.0,19.31402953846154,10.97388041958042,45.9017155393053,117.87905352112676,4.937706666666667,4.937706666666667,13.233495804195805,77.43794987212276,55.35326946983547,142.15135399061032,0.0129439586649774,0.0084832713712006,1.0294985250737465,0.3694164138028368,13.222506393861892,1.1297297297297295,5.4375,1.7934426229508196,0.0048589629450069,0.3753846153846153,0.0,0.0087412587412587,0.155317197092654,0.6106032906764168,0.145979020979021,1.5391705069124424,0.0048076923076923,19.839515892733093,0.0318839643364775,0.0271512113617376,-23.679886777719936,264000000.0,3206000000.0,-6465000000.0,11272000000.0,1592000000.0,719000000.0,410500000.0,64.0777972027972,50.53249804228661,28.05011746280345,1.4045426642111725,1.7810320781032078,3.208542713567839,0.063913470993117,1.086673607496096,2009-10-28,1.0,bmo,2242240000.0,2025-04-25,2009-09-30,0.02,76.1225,1922420.5625
2009-06-30,LIN,USD,1707925,2009-06-30,2009-06-29 20:00:00,2009,Q2,2138000000.0,1190000000.0,948000000.0,0.4434050514,18000000,265000000.0,0.0,265000000.0,196000000.0,479000000.0,1669000000.0,0.0,33000000.0,207000000.0,654000000.0,0.3058933583,447000000.0,0.2090739008,-33000000.0,414000000.0,0.1936389149,109000000.0,299000000.0,0.1398503274,0.97,0.96,307957000,312429000,,,6.942527690554201,0.9709147705686184,1.8281773104686696,0.6267108719723857,0.1071578174875063,16.060683796763833,9.332471741184646,15.06054416688044,16.69064187532675,21886503990.0,26960503990.0,18.2997525,10.236905514499531,38.87478506216696,113.40157507772018,4.718952994825355,4.718952994825355,12.610151538821327,41.22401221712538,47.88721845470692,139.6917305181347,0.0136613869504519,0.0088182196703586,1.1011211729193615,0.3759016634771088,7.758409785932722,0.8852988691437803,13.545454545454543,1.810289389067524,0.0056199016552026,0.411371237458194,0.1239476145930776,0.0084190832553788,0.1525099366995436,0.6571936056838366,0.1730589335827876,1.78743961352657,0.0046772684752104,18.13853240065382,0.0270038207628453,0.0259683863123154,-23.47486824459259,-284000000.0,2874000000.0,-6448000000.0,10223000000.0,1534000000.0,704000000.0,423500000.0,65.45837231057062,54.52941176470589,31.991596638655466,1.37491961414791,1.6504854368932038,2.813238770685579,0.0644674428633031,1.2014664384962837,2009-07-29,0.99,bmo,2202787878.0,2025-04-25,2009-06-30,-0.0303030303030303,71.75984126984127,2066817.619047619
2009-03-31,LIN,USD,1707925,2009-03-31,2009-03-30 20:00:00,2009,Q1,2123000000.0,1195000000.0,928000000.0,0.4371172869,18000000,265000000.0,0.0,265000000.0,195000000.0,478000000.0,1673000000.0,0.0,35000000.0,199000000.0,641000000.0,0.3019312294,442000000.0,0.2081959491,-35000000.0,407000000.0,0.1917098446,114000000.0,290000000.0,0.1365991521,0.94,0.93,307818000,311311000,,,6.896932603031662,0.9421151459628742,1.1337868480725624,0.1819256833583481,0.1754283375241214,14.212944012370947,7.744836234398249,13.231844791402713,16.503258418935864,20713073220.000004,25704073220.000004,17.856097603448276,9.756511172868583,59.34978,369.87630750000005,5.085458684016696,5.085458684016696,12.107429684408856,40.09995822152887,73.65063959885389,459.00130750000005,0.0140008195268669,0.002703606529326,1.2386447336115884,0.3923932488138757,7.786271450858035,0.8195121951219512,12.628571428571428,1.203448275862069,0.0059382786269125,0.4241379310344828,0.124823363165332,0.0084785680640602,0.1548572761919577,0.839541547277937,0.1380122468205369,1.4723618090452262,0.0042392840320301,16.74763360023545,0.027748893363265,0.0266887539112829,-23.004665094308976,-481000000.0,2384000000.0,-6298000000.0,9382000000.0,1558500000.0,753500000.0,434500000.0,64.14036740461611,51.74058577405857,31.93305439330544,1.403172504957039,1.7394468704512374,2.818396226415094,0.0712005892462558,0.9518611647142142,2009-04-29,0.92,bmo,2099923913.0,2025-04-25,2009-03-31,0.0108695652173913,62.601639344262296,3283930.4918032787
2008-12-31,LIN,USD,1707925,2008-12-31,2008-12-30 19:00:00,2008,Q4,2403000000.0,1418000000.0,985000000.0,0.4099042863,25000000,0.0,0.0,295000000.0,334000000.0,654000000.0,2072000000.0,0.0,0.0,206000000.0,537000000.0,0.2234706617,314000000.0,0.1306699958,-49000000.0,265000000.0,0.1102788181,67000000.0,200000000.0,0.0832292967,0.64,0.64,307636000,313749000,,,7.811179445838588,0.6501189717718342,2.080380709669869,0.5135939876997491,0.1040190354834934,14.013314436541886,7.414606873057769,13.031634789166418,16.334239165767336,18261272960.0,23254272960.0,22.826591200000003,7.599364527673742,28.533239,115.57767696202532,4.555069333998503,4.555069333998503,9.677183920099877,43.30404648044693,36.3348015,147.17894278481012,0.0109521390123287,0.0086521898197397,1.2534297829882763,0.3849394821510648,9.297951582867784,0.7724068479355488,0.0,3.2,0.006297479932089,0.575,0.0,0.0104036620890553,0.1555078903018232,0.753125,0.2005826050769871,2.3398058252427183,0.0,13.806612282412948,0.0205962005754294,0.0181422351233671,-23.682208844218493,-678000000.0,2281000000.0,-6442000000.0,9274000000.0,1718000000.0,832000000.0,470000000.0,60.0749063670412,52.04513399153738,28.24400564174894,1.4981296758104738,1.7292682926829268,3.1865168539325843,0.0498877525567473,1.5667867219701206,2009-01-28,0.96,bmo,2277843750.0,2025-04-25,2008-12-31,0.0520833333333333,59.873125,3303538.1875
2008-09-30,LIN,USD,1707925,2008-09-30,2008-09-29 20:00:00,2008,Q3,2852000000.0,1734000000.0,1118000000.0,0.3920056101,24000000,0.0,0.0,341000000.0,209000000.0,574000000.0,2308000000.0,0.0,50000000.0,218000000.0,762000000.0,0.2671809257,544000000.0,0.190743338,-50000000.0,494000000.0,0.1732117812,139000000.0,355000000.0,0.1244740533,1.13,1.11,313749000,319505000,,,9.090068812968328,1.1314777098891151,2.0079745274088525,0.7171337597888758,0.0764942677108134,16.56738348170034,9.753019133128712,15.588894307232852,15.917182206158426,22508353260.0,27428353260.0,15.850953,7.892129474053296,35.72754485714285,100.0371256,4.601994123901043,4.601994123901043,9.61723466339411,35.995214251968505,43.53706866666667,121.90379226666668,0.0157719223569712,0.0099962888177986,1.0108362298098548,0.3562472978815391,6.456692913385827,0.8367280956999676,10.88,1.7746478873239435,0.0051980701852553,0.3295774647887324,0.0,0.0084151472650771,0.1540567805159244,0.6428571428571429,0.1420056100981767,1.8577981651376148,0.0042075736325385,19.92149453944543,0.0323431102911449,0.0302385008517887,-22.42078859215487,-505000000.0,3060000000.0,-6092000000.0,9834000000.0,1907000000.0,877500000.0,501000000.0,57.81206171107995,43.80622837370242,25.692041522491348,1.556768558951965,2.0545023696682465,3.503030303030303,0.072582294009405,1.2908407676199765,2008-10-29,1.06,bmo,2717471698.0,2025-04-25,2008-09-30,0.0471698113207547,88.3096875,2453702.265625
2008-06-30,LIN,USD,1707925,2008-06-30,2008-06-29 20:00:00,2008,Q2,2878000000.0,1748000000.0,1130000000.0,0.3926337735,24000000,0.0,0.0,341000000.0,222000000.0,587000000.0,2335000000.0,0.0,52000000.0,216000000.0,759000000.0,0.2637248089,543000000.0,0.1886726894,-52000000.0,491000000.0,0.1706045865,137000000.0,349000000.0,0.1212647672,1.11,1.08,315312000,322088000,,,9.127467397371491,1.1068402090627696,1.2336986857461816,0.0285431572537676,0.085629471761303,18.990713959506778,11.962754351245753,17.985360531790736,14.740954990612472,29715002880.0,34284002880.0,21.285818681948424,10.324879388464211,76.38818221079691,3301.6669866666666,5.239817118673955,5.239817118673955,11.912440194579569,45.16996426877471,88.13368349614396,3809.333653333333,0.0117449088398001,0.0003028773053243,0.8104390760007053,0.3185472691987801,6.019762845849803,1.0103016924208976,10.442307692307692,1.1146131805157593,0.0040047110370665,0.3409742120343839,0.0,0.0083391243919388,0.1535902411976712,0.9768637532133676,0.1320361362056984,1.7592592592592593,0.0038220986796386,21.16378285536927,0.0309919913735394,0.0285784474287585,-21.163165372710203,28000000.0,3772000000.0,-5694000000.0,10703000000.0,1944500000.0,899500000.0,495000000.0,61.98054204308548,46.90503432494279,26.10411899313501,1.4520686175580222,1.9187705817782656,3.447731755424063,0.06154117439605,1.2051555284924138,2008-07-23,1.06,bmo,2823698113.0,2025-04-25,2008-06-30,0.0188679245283019,93.2753125,1767708.3125
2008-03-31,LIN,USD,1707925,2008-03-31,2008-03-30 20:00:00,2008,Q1,2663000000.0,1595000000.0,1068000000.0,0.4010514457,24000000,352000000.0,-17000000.0,335000000.0,227000000.0,586000000.0,2181000000.0,0.0,47000000.0,210000000.0,692000000.0,0.2598573038,482000000.0,0.1809988735,-47000000.0,435000000.0,0.1633496057,122000000.0,307000000.0,0.1152835148,0.98,0.96,313936000,320409000,,,8.482620661536108,0.9779063248560216,1.207252433617043,0.1114876917588298,0.0668926150552979,17.68831863819377,10.744228122929515,16.59255389633556,14.719560674787218,26442829280.0,30995829280.0,21.533248599348536,9.92971433721367,69.76999810026386,755.509408,5.076373445958917,5.076373445958917,11.639440210289148,44.79166080924856,81.78319071240105,885.5951222857143,0.0116099528060788,0.0013236102547646,0.8780956037627183,0.3267142857142857,6.579479768786127,0.9154782608695652,10.25531914893617,1.234527687296417,0.0044246399944991,0.3811074918566775,0.1321817499061209,0.0090123920390536,0.1557142857142857,0.907651715039578,0.1291776192264363,1.638095238095238,0.0041306796845662,19.10717604767046,0.028622463547462,0.0259729272419627,-21.514735487487897,-243000000.0,3373000000.0,-5815000000.0,10158000000.0,1815000000.0,853000000.0,478500000.0,64.44986856928277,50.10658307210031,27.253918495297803,1.3964341898269532,1.7961711711711712,3.3022774327122155,0.0589364561336148,1.095764741858213,2008-04-23,0.95,bmo,2550873684.0,2025-04-25,2008-03-31,0.0421052631578947,82.4788524590164,2481348.5901639345
2007-12-31,LIN,USD,1707925,2007-12-31,2007-12-30 19:00:00,2007,Q4,2523000000.0,1493000000.0,1030000000.0,0.4082441538,26000000,0.0,0.0,314000000.0,206000000.0,546000000.0,2039000000.0,0.0,0.0,207000000.0,691000000.0,0.2738803012,484000000.0,0.1918351169,-50000000.0,434000000.0,0.1720174396,115000000.0,316000000.0,0.125247721,0.99,0.99,316498000,318513000,,,7.971614354593078,0.998426530341424,1.8546720674380248,0.5845218611176058,0.0537128196702664,17.260772579921515,10.622499984202111,16.24654816144178,13.24494941516218,28076537580.0,32251537580.0,22.212450617088606,11.128235267538644,47.83055805792164,151.765068,5.460236791131854,5.460236791131854,12.783011327784385,46.67371574529667,54.9429941737649,174.33263556756754,0.0112549490513067,0.0065891315648473,0.8152469856087126,0.3132566133612315,6.041968162083936,0.9086792452830188,0.0,1.8575949367088609,0.0033479911734899,0.2974683544303797,0.0,0.0103051922314704,0.1570019429083844,0.6848381601362862,0.159334126040428,1.9420289855072463,0.0,19.104244449707924,0.0307743211136447,0.0280117010903288,-20.13519832668769,-242000000.0,3362000000.0,-5511000000.0,9822000000.0,1715000000.0,797500000.0,461000000.0,61.46254458977408,49.31011386470195,28.57334226389819,1.4643064422518863,1.8251833740831296,3.149789029535865,0.0614546868922598,1.270150206320419,2008-01-23,0.97,bmo,2496989690.0,2025-04-25,2007-12-31,0.0103092783505154,84.68640625,1618710.546875
2007-09-30,LIN,USD,1707925,2007-09-30,2007-09-29 20:00:00,2007,Q3,2372000000.0,1394000000.0,978000000.0,0.4123102867,24000000,0.0,0.0,294000000.0,200000000.0,518000000.0,1912000000.0,0.0,0.0,196000000.0,656000000.0,0.2765598651,460000000.0,0.1939291737,-44000000.0,416000000.0,0.1753794266,106000000.0,305000000.0,0.1285834739,0.96,0.94,318513000,324920000,,,7.447105769623218,0.9575747300738118,1.858636853126874,0.728384712711883,0.0816293212521937,16.065278340287524,9.808076907378975,15.26468307416024,12.567775883558912,26780573040.0,30757573040.0,21.95128937704918,11.290292175379427,45.23745445945946,115.43350448275862,5.508139251336898,5.508139251336898,12.966936357504215,46.88654426829268,51.95535986486487,132.57574586206897,0.0113888526412204,0.0086629961074201,0.8233237350884409,0.3139361618696573,6.0625,0.9536633663366336,0.0,1.940983606557377,0.0035473475439866,0.3114754098360656,0.0,0.0101180438448566,0.156301466551643,0.6081081081081081,0.1517706576728499,1.836734693877551,0.0,18.13516425136615,0.0314860348616204,0.0283509946086633,-19.163268061272223,-117000000.0,3124000000.0,-5226000000.0,9474000000.0,1674000000.0,763000000.0,438500000.0,64.7681281618887,50.16499282639885,28.923959827833578,1.3895723491505565,1.794079794079794,3.111607142857143,0.062731386260798,1.130252140414991,2007-10-24,0.91,bmo,2293802197.0,2025-04-25,2007-09-30,0.0329670329670328,76.27952380952381,2087816.7301587304
2007-06-30,LIN,USD,1707925,2007-06-30,2007-06-29 20:00:00,2007,Q2,2332000000.0,1388000000.0,944000000.0,0.4048027444,24000000,0.0,0.0,296000000.0,185000000.0,505000000.0,1893000000.0,0.0,0.0,189000000.0,628000000.0,0.269296741,439000000.0,0.1882504288,-41000000.0,398000000.0,0.1706689537,103000000.0,291000000.0,0.1247855918,0.91,0.89,320213000,326301000,,,7.282652484440044,0.9087700999022524,1.5021251479483968,0.4746840384369154,0.0687042687211325,15.87693191719262,9.809095820594417,15.14616833170421,11.554808830372284,23052133870.0,26730133870.0,19.80423871993127,9.885134592624356,47.92543424116424,151.65877546052633,4.753017292783505,4.753017292783505,11.462321556603774,42.56390743630573,55.572003887733885,175.85614388157896,0.0126235602153389,0.006593749665744,0.7628865979381443,0.3020161619459636,5.856687898089172,1.212152959664746,0.0,1.6529209621993126,0.0041644734731015,0.3298969072164948,0.0,0.0102915951972555,0.1585992980164884,0.683991683991684,0.1410806174957118,1.7407407407407407,0.0,17.598257312263375,0.0305960928289779,0.0282305005820721,-17.799870711057952,405000000.0,3141000000.0,-4853000000.0,9613000000.0,1594500000.0,706500000.0,418000000.0,63.33190394511149,48.56628242074928,27.81700288184438,1.421084704448507,1.8531375166889184,3.235431235431236,0.06,1.0274411095114817,2007-07-25,0.87,bmo,2278390804.0,2025-04-25,2007-06-30,0.0229885057471264,67.55031746031746,1575444.619047619
2007-03-31,LIN,USD,1707925,2007-03-31,2007-03-30 20:00:00,2007,Q1,2175000000.0,1282000000.0,893000000.0,0.4105747126,24000000,0.0,0.0,286000000.0,180000000.0,490000000.0,1772000000.0,0.0,0.0,182000000.0,585000000.0,0.2689655172,403000000.0,0.1852873563,-38000000.0,365000000.0,0.167816092,95000000.0,265000000.0,0.1218390805,0.83,0.81,320763000,326787000,,,6.780707251148044,0.8261551363467732,0.9290348325710884,0.0405283651792756,0.0810567303585513,14.643210095927524,8.713598513544268,13.926169788909569,11.647228639213376,20195238480.0,23905238480.0,19.052111773584905,9.28516711724138,67.7692566442953,1553.479883076923,4.520984660846206,4.520984660846206,10.99091424367816,40.86365552136752,80.2189210738255,1838.8644984615385,0.0131219049610351,0.0006437160924281,0.836355495858518,0.3180115764385427,6.3418803418803416,1.1858836206896552,0.0,1.1245283018867924,0.0047535957594693,0.3622641509433962,0.0,0.0110344827586206,0.161899897854954,0.9563758389261744,0.1310344827586207,1.565934065934066,0.0,16.08932800855151,0.0291435711253393,0.0269144830387974,-17.6469854690223,345000000.0,2795000000.0,-4850000000.0,9211000000.0,1502000000.0,673000000.0,394000000.0,64.0551724137931,46.614664586583466,28.57254290171607,1.4050387596899223,1.930722891566265,3.14987714987715,0.0593239310499216,0.8885064673918126,2007-04-25,0.8,bmo,2147812500.0,2025-04-25,2007-03-31,0.0125,62.23213114754098,1528343.0983606558
2006-12-31,LIN,USD,1707925,2006-12-31,2006-12-30 19:00:00,2006,Q4,2123000000.0,1264000000.0,859000000.0,0.4046161093,23000000,0.0,0.0,270000000.0,173000000.0,466000000.0,1730000000.0,0.0,0.0,178000000.0,571000000.0,0.2689590203,393000000.0,0.1851154027,-38000000.0,355000000.0,0.1672162035,81000000.0,269000000.0,0.1267074894,0.83,0.83,323075000,323582000,,,6.571229590652325,0.8326240037143078,1.742629420413217,0.8140524645980035,0.1114292346978255,14.782945136578194,9.570533157935465,14.095798189274936,9.802677396889267,19168039750.0,22299039750.0,17.81416333643123,9.028751648610458,34.046251776198936,72.88228041825096,4.209055720245938,4.209055720245938,10.503551460197832,39.05260901926445,39.607530639431616,84.78722338403041,0.0140337772410973,0.0137207561873926,0.6954325867369345,0.2852639164114574,5.483362521891419,1.171217292377702,0.0,2.092936802973978,0.0042257842250144,0.3011152416356877,0.0,0.0108337258596325,0.1516843811925779,0.5328596802841918,0.1413094677343382,1.6853932584269662,0.0,16.25026917585728,0.0318289168378582,0.028562327458059,-15.4994970208156,301000000.0,3092000000.0,-4267000000.0,8679000000.0,1462500000.0,642500000.0,390500000.0,61.723975506358926,48.560126582278485,27.128164556962027,1.4581043956043955,1.8533724340175952,3.3175853018372705,0.0590689503732982,0.9285769558152132,2007-01-24,0.78,bmo,2014128205.0,2025-04-25,2006-12-31,0.0512820512820511,60.91444444444445,1306468.2698412698
2006-09-30,LIN,USD,1707925,2006-09-30,2006-09-29 20:00:00,2006,Q3,2099000000.0,1259000000.0,840000000.0,0.4001905669,21000000,0.0,0.0,272000000.0,155000000.0,448000000.0,1707000000.0,0.0,0.0,173000000.0,565000000.0,0.269175798,392000000.0,0.1867555979,-38000000.0,354000000.0,0.1686517389,101000000.0,247000000.0,0.1176750834,0.76,0.75,323582000,329498000,,,6.486763787849757,0.763330469556403,1.712085344673066,0.8653138926145459,0.0679889487054286,14.534182989165034,9.376294107830471,13.88828797646346,9.808951054137744,19143111120.0,22295111120.0,19.37561854251012,9.120110109575988,34.554352202166065,68.368254,4.259704299065421,4.259704299065421,10.621777570271558,39.460373663716815,40.243882888086645,79.62539685714286,0.012902813887025,0.0146266716128219,0.7062750333778371,0.2905263157894737,5.578761061946903,1.1114632857897515,0.0,2.242914979757085,0.0042312871451377,0.3279352226720647,0.0,0.0100047641734159,0.1527688787185354,0.4945848375451263,0.130538351595998,1.583815028901734,0.0,15.4444310709132,0.0298612440940519,0.0266853932584269,-15.137584908925712,211000000.0,3034000000.0,-4118000000.0,8396000000.0,1461000000.0,589500000.0,398000000.0,62.98713673177704,43.10563939634631,28.59412231930104,1.428863172226004,2.087893864013267,3.1475,0.0549621717846016,0.8467714520585199,2006-10-25,0.73,bmo,2041493150.0,2025-04-25,2006-09-30,0.0273972602739726,55.78777777777778,1283774.603174603
2006-06-30,LIN,USD,1707925,2006-06-30,2006-06-29 20:00:00,2006,Q2,2076000000.0,1238000000.0,838000000.0,0.4036608863,22000000,0.0,0.0,271000000.0,163000000.0,456000000.0,1694000000.0,0.0,0.0,174000000.0,556000000.0,0.267822736,382000000.0,0.1840077071,-41000000.0,341000000.0,0.1642581888,90000000.0,247000000.0,0.1189788054,0.76,0.75,323519000,329880000,,,6.416933781323508,0.7634791156006293,1.2116753575524155,0.3771030449525375,0.0649111798688794,13.822990303506131,8.679552051038733,13.19551556477363,10.676343584148071,17470026000.0,20903026000.0,17.68221255060729,8.415234104046244,44.56639285714286,143.19693442622952,4.09229936753338,4.09229936753338,10.068894990366088,37.59537050359712,53.32404591836735,171.3362786885246,0.0141385021407523,0.0069833897213432,0.8090887795736706,0.3186640834025279,6.174460431654676,0.894127732533219,0.0,1.5870445344129556,0.0045792719484218,0.3238866396761133,0.0,0.0105973025048169,0.153519697389058,0.6887755102040817,0.130057803468208,1.5517241379310345,0.0,15.055771732095751,0.0299732315990297,0.0269209809264305,-15.635094074845682,-247000000.0,2808000000.0,-4281000000.0,7834000000.0,1429000000.0,578500000.0,393500000.0,62.99132947976878,41.87399030694669,28.788368336025847,1.4287680660701996,2.149305555555556,3.1262626262626263,0.0578589833684703,0.8345723125998782,2006-07-26,0.71,bmo,1959042253.0,2025-04-25,2006-06-30,0.0563380281690141,54.19174603174603,1539228.5714285714
2006-03-31,LIN,USD,1707925,2006-03-31,2006-03-30 19:00:00,2006,Q1,2026000000.0,1207000000.0,819000000.0,0.4042448174,21000000,0.0,0.0,273000000.0,173000000.0,467000000.0,1674000000.0,0.0,0.0,171000000.0,523000000.0,0.2581441264,352000000.0,0.1737413623,-38000000.0,314000000.0,0.1549851925,83000000.0,225000000.0,0.1110562685,0.69,0.68,323804000,330043000,,,6.256871440748107,0.694864794752381,0.7504539783325715,-0.0401477436968042,0.0988252152536719,13.378463514965844,8.29822979333177,12.739187903793653,10.524885424516066,17857790600.0,21233790600.0,19.84198955555556,8.814309279368214,73.48885020576131,-1373.6762,4.3291613575757575,4.3291613575757575,10.48064689042448,40.59998202676864,87.38185432098766,-1633.3685076923075,0.0125995429692181,-0.000727973593777,0.8261818181818181,0.321024868123587,6.455066921606119,0.9898746383799422,0.0,1.08,0.0045358354689185,0.36,0.0,0.0103652517275419,0.1549547852298417,1.0534979423868314,0.1263573543928924,1.4970760233918128,0.0,14.11277069649457,0.0282301770427056,0.0250808159625459,-15.449932675322108,-21000000.0,2687000000.0,-4231000000.0,7895000000.0,1395500000.0,610000000.0,382000000.0,62.41362290227048,43.32228666114333,29.154929577464788,1.4419928825622776,2.0774526678141134,3.0869565217391304,0.0545454545454545,0.7906017220293758,2006-04-26,0.65,bmo,1932492307.0,2025-04-25,2006-03-31,0.0461538461538461,53.76241935483871,1345248.3870967743
2005-12-31,LIN,USD,1707925,2005-12-31,2005-12-30 19:00:00,2005,Q4,2020000000.0,1221000000.0,799000000.0,0.3955445545,22000000,0.0,0.0,252000000.0,180000000.0,454000000.0,1675000000.0,0.0,0.0,175000000.0,520000000.0,0.2574257426,345000000.0,0.1707920792,-40000000.0,305000000.0,0.150990099,80000000.0,214000000.0,0.1059405941,0.66,0.66,323207000,324137000,,,6.2498646378327205,0.6621143725228723,1.1633411405074767,0.3001172623117692,0.5352606843292379,12.697744788943307,7.666913154727466,12.072758325160036,10.66499178545019,17117042720.0,20391042720.0,19.996545233644863,8.473783524752475,45.52404978723404,176.46435793814433,4.386735704766787,4.386735704766787,10.094575603960395,39.213543692307695,54.23149659574468,210.216935257732,0.0125021596020179,0.0056668667354941,0.8833931317273194,0.3285673434372319,6.296153846153846,1.065967016491754,0.0,1.7570093457943925,0.0034468570865376,0.2757009345794392,0.0,0.0108910891089108,0.1549899914212182,0.7420212765957447,0.1381188118811881,1.5942857142857143,0.0,13.410995603212369,0.0282441678749652,0.0241398759165256,-15.432834066093866,132000000.0,2478000000.0,-4254000000.0,7866000000.0,1360000000.0,584500000.0,371000000.0,61.75247524752476,47.10073710073711,27.493857493857497,1.4574314574314575,1.9107981220657275,3.2734584450402147,0.0548436699128652,0.8632238781957075,2006-01-25,0.64,bmo,1925312500.0,2025-04-25,2005-12-31,0.046875,50.2731746031746,1213320.634920635
2005-09-30,LIN,USD,1707925,2005-09-30,2005-09-29 20:00:00,2005,Q3,1890000000.0,1144000000.0,746000000.0,0.3947089947,19000000,0.0,0.0,243000000.0,167000000.0,429000000.0,1573000000.0,0.0,0.0,165000000.0,482000000.0,0.255026455,317000000.0,0.1677248677,-40000000.0,277000000.0,0.1465608466,163000000.0,108000000.0,0.0571428571,0.33,0.33,324137000,329993000,,,5.83086781206712,0.3331924464038354,1.2957484026815822,0.5707463202287921,0.0586171896451191,12.642802271878866,7.644915575821335,11.948651341870876,10.09449707993842,15535886410.0,18788886410.0,35.962700023148145,8.220045719576719,36.990205738095234,83.97776437837838,4.011331373612187,4.011331373612187,9.94120974074074,38.98109213692946,44.735443833333335,101.56154816216215,0.0069516471187948,0.0119079140460837,0.8448231345210431,0.3213514044392064,6.74896265560166,1.0228136882129275,0.0,3.888888888888889,0.0037332919712046,0.5370370370370371,0.0,0.01005291005291,0.159104301708898,0.5595238095238095,0.1243386243386243,1.4242424242424243,0.0,9.46451310771186,0.0148286080771557,0.012613875262789,-15.055362393062191,42000000.0,2478000000.0,-4201000000.0,7724000000.0,1309500000.0,517000000.0,360000000.0,63.523809523809526,41.69580419580419,29.02972027972028,1.416791604197901,2.158490566037736,3.100271002710027,0.0278853601859024,0.7250020824527901,2005-10-26,0.6,bmo,1858500000.0,2025-04-25,2005-09-30,0.0166666666666666,48.68,1228331.25
2005-06-30,LIN,USD,1707925,2005-06-30,2005-06-29 20:00:00,2005,Q2,1919000000.0,1167000000.0,752000000.0,0.391870766,19000000,0.0,0.0,247000000.0,164000000.0,430000000.0,1597000000.0,0.0,0.0,163000000.0,485000000.0,0.2527357999,322000000.0,0.1677957269,-41000000.0,281000000.0,0.1464304325,64000000.0,209000000.0,0.1089108911,0.65,0.63,323898000,329818000,,,5.924704690982964,0.6452648673347783,1.2040827667969547,0.59277920826927,0.0864469678726018,12.49158685759097,7.533235771755305,11.79692372290042,10.271752218290944,15093646800.0,18392646800.0,18.0546014354067,7.865370922355393,38.70165846153846,78.61274375,3.950182360638576,3.950182360638576,9.584495466388743,37.922983092783504,47.16063282051282,95.79503541666666,0.0138468855651239,0.0127205838684392,0.8707144726511384,0.3348092985810607,6.802061855670103,1.0614136732329085,0.0,1.8660287081339717,0.0038426763769243,0.277511961722488,0.0,0.0099009900990099,0.1616181946261447,0.5076923076923077,0.1031787389265242,1.2147239263803682,0.0,13.087137176359708,0.0284901376842558,0.0250870243668227,-14.584066588864395,106000000.0,2440000000.0,-4059000000.0,7645000000.0,1274500000.0,522500000.0,345500000.0,60.2657634184471,38.868894601542415,27.069408740359897,1.493385214007782,2.3154761904761907,3.324786324786325,0.0546977231091337,0.6113035585276846,2005-07-27,0.62,bmo,1888048387.0,2025-04-25,2005-06-30,0.0161290322580645,46.9134375,1349373.4375
2005-03-31,LIN,USD,1707925,2005-03-31,2005-03-30 19:00:00,2005,Q1,1827000000.0,1109000000.0,718000000.0,0.3929939792,20000000,0.0,0.0,245000000.0,144000000.0,409000000.0,1518000000.0,0.0,0.0,162000000.0,471000000.0,0.2577996716,309000000.0,0.1691297209,-42000000.0,267000000.0,0.1461412151,69000000.0,195000000.0,0.1067323481,0.6,0.59,323818000,329669000,,,5.64205819318259,0.602190119140999,0.8924766381115318,0.3829311526845326,0.0802920158854665,11.957334058020246,6.973052764207055,11.27485192299378,10.651044722652848,15497929480.0,18920929480.0,19.86914035897436,8.482720021893815,53.62605356401384,124.98330225806453,4.244845105450561,4.244845105450561,10.35628324028462,40.171824798301486,65.47034422145329,152.58814096774194,0.0125823259327413,0.008001068798256,0.9446726924130376,0.350793327908869,7.267515923566879,0.9704433497536946,0.0,1.482051282051282,0.0037424354056358,0.2974358974358974,0.0,0.0109469074986316,0.1641578519121236,0.5709342560553633,0.090311986863711,1.0185185185185186,0.0,12.359858393731976,0.0266046751904946,0.0237284010708201,-14.872551865554108,-54000000.0,2258000000.0,-4187000000.0,7446000000.0,1247500000.0,521500000.0,334000000.0,62.26600985221675,43.904418394950405,27.59242560865645,1.4454113924050631,2.049907578558225,3.261764705882353,0.0534100246507806,0.5095454854269991,2005-04-27,0.58,bmo,1795500000.0,2025-04-25,2005-03-31,0.0172413793103448,44.846065573770495,1390421.31147541
2004-12-31,LIN,USD,1707925,2004-12-31,2004-12-30 19:00:00,2004,Q4,1786000000.0,1094000000.0,692000000.0,0.3874580067,20000000,0.0,0.0,240000000.0,143000000.0,403000000.0,1497000000.0,0.0,0.0,154000000.0,443000000.0,0.2480403135,289000000.0,0.1618141097,-40000000.0,249000000.0,0.1394176932,60000000.0,181000000.0,0.101343785,0.55,0.55,324937000,326447000,,,5.496450081092642,0.5570310552507102,1.317178406891182,0.5693411338197866,0.0769379910567279,11.796132788817523,6.752078095138442,11.103690869306972,10.848256738998638,14345968550.0,17845968550.0,19.814873687845303,8.032457194848824,33.518618107476634,77.54577594594595,3.97615536308204,3.97615536308204,9.992143645016798,40.28435338600451,41.69618820093458,96.46469486486488,0.0126167849433909,0.0128956089200404,0.9769955654101996,0.3568536140919214,7.900677200902934,0.9301333333333334,0.0,2.3646408839779007,0.0034155937139566,0.2707182320441988,0.0,0.0111982082866741,0.165924276169265,0.5677570093457944,0.1360582306830907,1.577922077922078,0.0,11.796811622104682,0.0253538425546847,0.0219686855200873,-15.180635015402986,-131000000.0,2194000000.0,-4301000000.0,7454000000.0,1183500000.0,460000000.0,318000000.0,62.03247480403136,41.29798903107861,26.983546617915906,1.4508529650690496,2.1792828685258963,3.3353658536585367,0.0501662971175166,0.7478372730713954,2005-01-26,0.54,bmo,1752925925.0,2025-04-25,2004-12-31,0.0185185185185185,43.595,1085153.125
2004-09-30,LIN,USD,1707925,2004-09-30,2004-09-29 20:00:00,2004,Q3,1674000000.0,1019000000.0,655000000.0,0.3912783751,19000000,0.0,0.0,218000000.0,138000000.0,375000000.0,1394000000.0,0.0,0.0,145000000.0,425000000.0,0.2538829152,280000000.0,0.1672640382,-39000000.0,241000000.0,0.1439665472,61000000.0,177000000.0,0.105734767,0.54,0.53,326447000,331919000,,,5.127938072642726,0.5422013374299657,1.1701746378432027,0.6769858506893921,0.0673922566297132,10.951241702328405,6.932212579683685,10.320205117522908,8.843702040453733,13952344780.0,16817344780.0,19.706701666666667,8.33473403823178,36.52446277486912,63.13278180995475,4.141390555060849,4.141390555060849,10.04620357228196,39.5702230117647,44.02446277486911,76.09658271493213,0.0126860397152542,0.0158396315088767,0.8569308400118729,0.3326420094480931,6.741176470588235,0.9704615384615384,0.0,2.15819209039548,0.0035119544974432,0.2768361581920904,0.0,0.0113500597371565,0.1511694895725314,0.4214659685863874,0.0961768219832736,1.110344827586207,0.0,11.220590576642174,0.0272196577776121,0.0240260621691326,-12.48594718285051,-48000000.0,2263000000.0,-3527000000.0,6547000000.0,1120000000.0,412500000.0,315000000.0,61.075268817204304,36.91854759568204,27.203140333660453,1.4735915492957747,2.437799043062201,3.3084415584415585,0.0525378450578806,0.4931887871538106,2004-10-27,0.53,bmo,1674000000.0,2025-04-25,2004-09-30,0.0,40.15546875,1121901.5625
2004-06-30,LIN,USD,1707925,2004-06-30,2004-06-29 20:00:00,2004,Q2,1603000000.0,966000000.0,637000000.0,0.3973799127,19000000,0.0,0.0,207000000.0,137000000.0,363000000.0,1329000000.0,0.0,0.0,140000000.0,414000000.0,0.2582657517,274000000.0,0.1709295072,-39000000.0,235000000.0,0.1466001248,55000000.0,175000000.0,0.1091703057,0.54,0.53,325786000,330897000,,,4.9204078751082,0.5371624317803712,0.7735139017637345,0.3437839563394375,0.0705984910339916,10.387186680827291,6.418323684872892,9.76407825996206,9.272958322334294,13002119259.999998,16000119259.999998,18.574456085714285,8.111116194635057,51.59571134920635,116.09035053571426,4.087431392643823,4.087431392643823,9.981359488459136,38.64763106280193,63.49253674603174,142.8582076785714,0.0134593443192275,0.0086139803643056,0.949701351776171,0.353829936753338,7.241545893719807,1.4322344322344325,0.0,1.44,0.0036917058704166,0.2742857142857143,0.0,0.0118527760449157,0.151440618411806,0.5555555555555556,0.0873362445414847,1.0,0.0,10.86324815604611,0.0275784941426454,0.0241545893719806,-12.713867385338842,472000000.0,2091000000.0,-3590000000.0,6953000000.0,1058500000.0,404000000.0,315000000.0,61.983780411728006,37.91925465838509,30.0,1.4519927536231885,2.373464373464373,3.0,0.0550141464948129,0.4297299454242969,2004-07-28,0.52,bmo,1572173076.0,2025-04-25,2004-06-30,0.0192307692307692,37.3,1186604.838709677
2004-03-31,LIN,USD,1707925,2004-03-31,2004-03-30 19:00:00,2004,Q1,1531000000.0,908000000.0,623000000.0,0.4069235794,19000000,0.0,0.0,204000000.0,140000000.0,363000000.0,1271000000.0,0.0,0.0,139000000.0,399000000.0,0.2606139778,260000000.0,0.1698236447,-37000000.0,223000000.0,0.1456564337,56000000.0,164000000.0,0.1071195297,0.5,0.49,326394000,331573000,,,4.690649950673113,0.5024602167932009,0.5545445075583497,0.1746355631537344,0.1133599269594416,10.214648553588608,6.758702672230495,9.60801975526511,8.71033168501872,12115745280.0,14921745280.0,18.469123902439023,7.913615467015023,66.93781922651934,212.5569347368421,3.863439183673469,3.863439183673469,9.746404493794904,37.39785784461153,82.44058165745857,261.7850049122807,0.0135361049782651,0.0047046218522018,0.9065688775510204,0.3414194788038909,7.032581453634085,1.3911819887429644,0.0,1.103658536585366,0.004044324048384,0.298780487804878,0.0,0.0124101894186806,0.1354629518434009,0.6850828729281768,0.0809928151534944,0.8920863309352518,0.0,10.422191372577888,0.0262729078639012,0.0227809417974718,-12.384572020319,417000000.0,2206000000.0,-3510000000.0,6769000000.0,987500000.0,407000000.0,305000000.0,59.54931417374265,39.74669603524229,30.528634361233483,1.5113524185587364,2.264339152119701,2.948051948051948,0.0522959183673469,0.3799089444046152,2004-04-28,0.46,bmo,1431152173.0,2025-04-25,2004-03-31,0.0652173913043477,36.46048387096774,1433553.2258064516
2003-12-31,LIN,USD,1707925,2003-12-31,2003-12-30 19:00:00,2003,Q4,1461000000.0,859000000.0,602000000.0,0.4120465435,21000000,0.0,0.0,198000000.0,139000000.0,358000000.0,1217000000.0,0.0,0.0,135000000.0,379000000.0,0.2594113621,244000000.0,0.167008898,-28000000.0,216000000.0,0.1478439425,49000000.0,155000000.0,0.106091718,0.47,0.47,326430000,326430000,,,4.475691572465766,0.4748338081671415,1.1855527984560243,0.5759274576478878,0.1531721961829488,10.057286401372425,6.59253132371412,9.459914836258925,8.62665808902368,12469626000.0,15235626000.0,20.1123,8.534993839835728,32.22125581395349,66.32779787234043,4.038091321243523,4.038091321243523,10.428217659137577,40.19954089709763,39.36854263565891,81.04056382978723,0.0124302044022811,0.0150766350169604,0.911917098445596,0.3390728476821192,7.298153034300792,1.297224709042077,0.0,2.496774193548387,0.0035285741529056,0.2838709677419355,0.0,0.0143737166324435,0.1361830222757375,0.5142118863049095,0.136208076659822,1.474074074074074,0.0,10.053231629647629,0.0256908822209108,0.0216057987175913,-12.558588365039975,332000000.0,2152000000.0,-3573000000.0,6715000000.0,963500000.0,403000000.0,302000000.0,59.26078028747433,43.27124563445867,31.64144353899884,1.5187110187110189,2.079903147699758,2.8443708609271523,0.0501943005181347,0.6096253408081365,2004-01-27,0.47,bmo,1461000000.0,2025-04-25,2003-12-31,0.0,35.07203125,1521115.625
2003-09-30,LIN,USD,1707925,2003-09-30,2003-09-29 20:00:00,2003,Q3,1414000000.0,832000000.0,582000000.0,0.4115983027,18000000,0.0,0.0,191000000.0,133000000.0,342000000.0,1174000000.0,0.0,0.0,133000000.0,373000000.0,0.2637906648,240000000.0,0.1697312588,-41000000.0,199000000.0,0.1407355021,49000000.0,150000000.0,0.1060820368,0.46,0.46,326430000,330990000,,,4.331709708053794,0.4595165885488466,0.92822350886867,0.4135649296939619,0.1409184204883129,9.358821186778176,5.998223202524278,8.8043378365959,9.061667126183256,10112801400.0,13024801400.0,16.854668999999998,7.151910466760961,33.375582178217826,74.90964,3.518720041753654,3.518720041753654,9.21131640735502,34.91903860589812,42.98614323432344,96.48001037037037,0.0148326852339847,0.0133494167105862,1.0292275574112737,0.3666790628486426,7.806970509383378,1.346553352219075,0.0,2.02,0.0034609598879297,0.2333333333333333,0.0,0.0127298444130127,0.1359861162761869,0.5544554455445545,0.1188118811881188,1.263157894736842,0.0,9.540918926384494,0.025213173883354,0.0215208034433285,-12.533314952669793,367000000.0,1958000000.0,-3586000000.0,6587000000.0,965000000.0,381000000.0,298000000.0,61.42149929278642,42.51201923076923,32.66826923076923,1.4652849740932643,2.1170483460559795,2.7549668874172184,0.0521920668058455,0.5146585791747083,2003-10-29,0.45,bmo,1382577777.0,2025-04-25,2003-09-30,0.0222222222222222,31.49046875,1894075.0
2003-06-30,LIN,USD,1707925,2003-06-30,2003-06-29 20:00:00,2003,Q2,1401000000.0,833000000.0,568000000.0,0.4054246966,19000000,0.0,0.0,192000000.0,134000000.0,345000000.0,1178000000.0,0.0,0.0,127000000.0,350000000.0,0.249821556,223000000.0,0.15917202,-35000000.0,188000000.0,0.1341898644,35000000.0,150000000.0,0.1070663812,0.46,0.46,326688000,330850000,,,4.288495445195416,0.4591536879224214,0.8448427857772554,-0.6642423351944363,0.1652953276520717,9.330002938583602,5.981242041336076,8.81575080811049,9.036144578313252,9816974400.0,12714974400.0,16.361624,7.00711948608137,35.568747826086955,-45.2395133640553,3.408671666666667,3.408671666666667,9.075641970021412,36.32849828571428,46.06874782608696,-58.59435207373272,0.0152796568360206,-0.0221045702227765,1.025,0.3679421662719681,8.28,1.3820981713185756,0.0,1.84,0.0035652532617381,0.2333333333333333,0.0,0.0135617416131334,0.1363579708338526,1.786231884057971,0.3518915060670949,3.881889763779528,0.0,9.5433301915711,0.0253469333174848,0.0216481454755375,-12.397914830051915,397000000.0,1954000000.0,-3539000000.0,6559000000.0,951000000.0,364500000.0,289500000.0,61.9914346895075,39.867947178871546,31.76470588235294,1.4518134715025908,2.257452574525745,2.833333333333333,0.0520833333333333,1.5090851209716916,2003-07-23,0.43,bmo,1368418604.0,2025-04-25,2003-06-30,0.0232558139534883,29.416031746031745,1934492.0634920637
2003-03-31,LIN,USD,1707925,2003-03-31,2003-03-30 19:00:00,2003,Q1,1337000000.0,804000000.0,533000000.0,0.3986537023,17000000,0.0,0.0,185000000.0,116000000.0,318000000.0,1122000000.0,0.0,0.0,122000000.0,337000000.0,0.2520568437,215000000.0,0.1608077786,-42000000.0,173000000.0,0.129394166,41000000.0,130000000.0,0.0972326103,0.4,0.4,325762000,329270000,,,4.104223328687815,0.3990643475911862,0.524923103369945,0.1473468360336687,0.178044093540683,8.094866804599677,4.825608880102652,7.603710684487448,8.417188008423327,9179973160.0,11863973160.0,17.65379453846154,6.866098100224383,53.68405356725146,191.24944083333327,3.706085248284215,3.706085248284215,8.873577531787584,35.2046681305638,69.37996,247.1661075,0.0141612614475225,0.0052287734575467,1.1069842551473557,0.3626504430630869,7.964391691394659,1.2966023875114785,0.0,1.3153846153846154,0.0038126473127945,0.2692307692307692,0.0,0.012715033657442,0.1408543843406956,0.7192982456140351,0.0919970082273747,1.0081967213114753,0.0,8.262767180580916,0.02453578264651,0.0200123152709359,-12.342599812132784,323000000.0,1572000000.0,-3512000000.0,6072000000.0,898500000.0,369000000.0,281000000.0,63.07404637247569,40.298507462686565,31.902985074626866,1.4268943436499466,2.2333333333333334,2.8210526315789477,0.0524828421477593,0.3775762673362762,2003-04-21,0.39,bmo,1302717948.0,2025-04-25,2003-03-31,0.0256410256410256,27.44377049180328,1974373.7704918035
2002-12-31,LIN,USD,1707925,2002-12-31,2002-12-30 19:00:00,2002,Q4,1297000000.0,747000000.0,550000000.0,0.4240555127,20000000,0.0,0.0,189000000.0,114000000.0,323000000.0,1070000000.0,0.0,0.0,122000000.0,349000000.0,0.2690824981,227000000.0,0.1750192753,-45000000.0,182000000.0,0.1403238242,40000000.0,140000000.0,0.1079414032,0.43,0.43,325110000,325762000,,,3.989418965888469,0.4306234812832579,1.0396481190981517,0.5536587616499031,0.119959398357479,7.7020085509519856,4.518470671465042,7.19756390144874,8.452523761188521,9392427900.0,12101427900.0,16.77219267857143,7.241656052428682,27.78824822485207,52.180155,4.013858076923077,4.013858076923077,9.330322205088668,34.67457851002865,35.80304112426035,67.230155,0.0149056241357998,0.0191643738888855,1.1743589743589744,0.371301175516822,7.762177650429799,1.1690909090909092,0.0,2.414285714285714,0.0031940623148142,0.2142857142857142,0.0,0.015420200462606,0.1398459667612484,0.4674556213017751,0.1218195836545875,1.2950819672131149,0.0,8.350892200239008,0.0270851644150313,0.0219918316054037,-12.53268124634739,186000000.0,1469000000.0,-3611000000.0,5887000000.0,864500000.0,353000000.0,282500000.0,59.67617579028527,45.54216867469879,33.373493975903614,1.508139534883721,1.9761904761904765,2.696750902527076,0.0598290598290598,0.4859893574482483,2003-01-29,0.42,bmo,1266119047.0,2025-04-25,2002-12-31,0.0238095238095238,27.604375,2162403.125
2002-09-30,LIN,USD,1707925,2002-09-30,2002-09-29 20:00:00,2002,Q3,1292000000.0,749000000.0,543000000.0,0.4202786378,16000000,0.0,0.0,187000000.0,105000000.0,308000000.0,1057000000.0,0.0,0.0,120000000.0,355000000.0,0.2747678019,235000000.0,0.1818885449,-63000000.0,172000000.0,0.133126935,38000000.0,131000000.0,0.1013931889,0.41,0.4,324592000,327912000,,,3.9803815251146055,0.4035835756888647,0.7886824074530487,0.4220683196135456,0.1355547887809927,7.258342781091339,4.186794498940208,6.790062601666092,8.857273130576232,8296571520.0,11127571520.0,15.83315175572519,6.421494984520124,32.4084825,60.55891620437957,3.7643246460980033,3.7643246460980033,8.612671455108359,31.345271887323943,43.46707625,81.2231497810219,0.0157896547609102,0.016512845055303,1.3044464609800364,0.3961146321300633,7.974647887323943,1.1922382671480145,0.0,1.954198473282443,0.0037364831876963,0.2366412213740458,0.0,0.0123839009287925,0.1373656654725819,0.46484375,0.0921052631578947,0.9916666666666668,0.0,7.852263956239744,0.0286154103389867,0.0209231752116275,-12.51494183467245,213000000.0,1359000000.0,-3581000000.0,5761000000.0,896000000.0,345500000.0,297500000.0,60.534055727554176,39.41255006675568,34.606141522029375,1.4867663981588033,2.283536585365854,2.6006944444444446,0.0594373865698729,0.3666140878395031,2002-10-23,0.43,bmo,1292000000.0,2025-04-25,2002-09-30,0.0,26.614375,2342109.375
2002-06-30,LIN,USD,1707925,2002-06-30,2002-06-29 20:00:00,2002,Q2,1307000000.0,755000000.0,552000000.0,0.4223412395,16000000,0.0,0.0,191000000.0,101000000.0,308000000.0,1063000000.0,0.0,0.0,120000000.0,364000000.0,0.2785003826,244000000.0,0.1866870696,-47000000.0,197000000.0,0.1507268554,43000000.0,150000000.0,0.1147666412,0.46,0.46,325394000,329670000,,,4.0166690227846855,0.4609796124083419,0.7990313281744593,0.4486868227441194,0.0983423173137796,7.633822381482141,4.394672304959526,7.157476781993521,9.287202591320062,9029683500.0,12019683500.0,15.0494725,6.908709640397857,34.72955192307692,61.84714726027397,3.877064620008587,3.877064620008587,9.196391354246366,33.021108516483515,46.229551923076926,82.32659931506849,0.0166118779246249,0.0161688945133016,1.2975525976814084,0.3962758982428534,8.214285714285714,1.1371428571428572,0.0,23.63636363636364,0.0034331214377558,0.2066666666666666,0.0,0.0122417750573833,0.1382113821138211,0.4384615384615384,0.0872226472838561,0.95,0.0,8.616127009141886,0.0284433517374394,0.022824102251978,-13.104882081415148,168000000.0,1430000000.0,-3749000000.0,5948000000.0,911000000.0,363500000.0,299500000.0,63.55776587605203,43.27152317880795,36.59602649006623,1.4160346695557964,2.0798898071625342,2.45928338762215,0.064405324173465,0.3503445054303398,2002-07-24,0.4,bmo,1241650000.0,2025-04-25,2002-06-30,0.0499999999999999,28.53046875,1652884.375
2002-03-31,LIN,USD,1707925,2002-03-31,2002-03-30 19:00:00,2002,Q1,1232000000.0,699000000.0,533000000.0,0.4326298701,17000000,0.0,0.0,184000000.0,115000000.0,316000000.0,1015000000.0,0.0,0.0,121000000.0,338000000.0,0.2743506494,217000000.0,0.1761363636,-51000000.0,166000000.0,0.1347402597,37000000.0,127000000.0,0.1030844156,0.39,0.39,327048000,331872000,,,3.767031139160001,0.388322203468604,0.4494753063770456,0.1223062058168831,0.1161908955260389,8.301533719820943,4.577309752696852,7.849000758298476,9.200484332575035,9585776880.0,12556776880.0,18.86963952755905,7.780663051948052,65.20936653061224,239.644422,3.734233299571484,3.734233299571484,10.192189025974026,37.150227455621305,85.42025088435373,313.919422,0.0132487957512318,0.004172849055506,1.1721854304635762,0.3864132528573263,8.789940828402367,1.1579846285226305,0.0,1.15748031496063,0.0032339580180172,0.2440944881889764,0.0,0.0137987012987012,0.1564145370489277,0.7278911564625851,0.0868506493506493,0.8842975206611571,0.0,8.281224460398787,0.024390010141811,0.0193332318465519,-12.884194369022284,185000000.0,1497000000.0,-3716000000.0,6203000000.0,878000000.0,388500000.0,289500000.0,65.6737012987013,46.86695278969957,37.59656652360515,1.3704115684093436,1.9203296703296704,2.393835616438356,0.0494740942734709,0.3271691005601624,2002-04-22,0.37,bmo,1165405405.0,2025-04-25,2002-03-31,0.0540540540540541,28.27983333333333,2022550.0
2001-12-31,LIN,USD,1707925,2001-12-31,2001-12-30 19:00:00,2001,Q4,1238000000.0,715000000.0,523000000.0,0.4224555735,18000000,0.0,0.0,175000000.0,122000000.0,315000000.0,1030000000.0,0.0,0.0,125000000.0,333000000.0,0.2689822294,208000000.0,0.1680129241,-54000000.0,154000000.0,0.1243941842,35000000.0,118000000.0,0.0953150242,0.36,0.36,323468000,323468000,,,3.827271940346495,0.3647965177390035,1.1005725450430954,0.5502862725215477,0.1205683406086537,8.093536300345011,8.093536300345011,7.657635376606032,9.240481284083742,8937420840.0,11887420840.0,18.93521364406779,7.2192413893376415,25.105114719101124,50.21022943820225,3.608163439644731,3.608163439644731,9.602116995153471,35.69796048048048,33.391631573033706,66.78326314606741,0.0132029141418387,0.019916260315655,1.2067016552280985,0.3874270900842514,8.85885885885886,1.068676716917923,0.0,3.016949152542373,0.0030210057782173,0.2288135593220339,0.0,0.0145395799676898,0.0,0.5,0.1437802907915993,1.424,0.0,7.928005498785296,0.0236886179406444,0.0152948801036941,-13.206097666538884,82000000.0,2618000000.0,-3821000000.0,4899000000.0,887500000.0,403000000.0,297500000.0,62.30210016155089,51.98601398601399,36.12587412587413,1.444574095682614,1.7312348668280872,2.491289198606272,0.0476382721033508,0.5502862725215477,2002-01-23,0.34,bmo,1165176470.0,2025-04-25,2001-12-31,0.0588235294117645,24.904375,1488528.125
2001-09-30,LIN,USD,1707925,2001-09-30,2001-09-29 20:00:00,2001,Q3,1271000000.0,752000000.0,519000000.0,0.4083398899,16000000,0.0,0.0,180000000.0,175000000.0,371000000.0,1123000000.0,0.0,0.0,127000000.0,275000000.0,0.2163650669,148000000.0,0.1164437451,-59000000.0,89000000.0,0.0700236035,24000000.0,62000000.0,0.0487804878,0.19,0.19,323468000,326550000,,,3.929291305476894,0.1916727466086289,0.7017695722606254,0.2906006158259859,0.092744877391272,7.62981191338865,7.62981191338865,7.175362014171418,9.81549952390963,6792828000.0,9937828000.0,27.390435483870966,5.344475216365067,29.924352422907493,72.26412765957447,2.926681602757432,2.926681602757432,7.818904799370574,36.13755636363637,43.77897797356828,105.72157446808512,0.0091272736480299,0.0138381245631421,1.3679448513571737,0.412551975051975,11.436363636363636,1.1607142857142858,0.0,3.661290322580645,0.0041219945507232,0.4516129032258064,0.0,0.012588512981904,0.0,0.5859030837004405,0.1046420141620771,1.047244094488189,0.0,5.562798779954911,0.0159354102374243,0.008056133056133,-13.465010449256186,189000000.0,2468000000.0,-3863000000.0,4915000000.0,925000000.0,399000000.0,313500000.0,65.00393391030684,47.034574468085104,36.86170212765957,1.3845315904139432,1.9134860050890583,2.441558441558441,0.0267126238690219,0.4111689564346396,2001-10-24,0.36,bmo,1235694444.0,2025-04-25,2001-09-30,0.0277777777777778,22.71898305084746,1509037.2881355933
2001-06-30,LIN,USD,1707925,2001-06-30,2001-06-29 20:00:00,2001,Q2,1314000000.0,784000000.0,530000000.0,0.403348554,16000000,0.0,0.0,176000000.0,118000000.0,310000000.0,1094000000.0,0.0,0.0,125000000.0,345000000.0,0.2625570776,220000000.0,0.1674277017,-55000000.0,165000000.0,0.1255707763,37000000.0,126000000.0,0.095890411,0.39,0.39,323086000,327604000,,,4.067028593006197,0.3899890431649777,0.7768829351937255,0.346656927257758,0.1423769522665791,7.963823873519744,7.963823873519744,7.533597865583776,9.861151520028724,7592521000.0,10732521000.0,15.064525793650796,5.778174277016743,30.24908764940239,67.79036607142856,3.119359490550534,3.119359490550534,8.167824200913241,31.10875652173913,42.75904780876494,95.82608035714286,0.0165952784325522,0.0147513586067131,1.3089564502875923,0.4063775510204082,9.101449275362318,1.2241086587436332,0.0,1.992063492063492,0.0036878396516782,0.2222222222222222,0.0,0.0121765601217656,0.0,0.5537848605577689,0.1057838660578386,1.112,0.0,8.13052667554486,0.0246201192537026,0.0160714285714285,-13.502596831803295,264000000.0,2573000000.0,-3825000000.0,4956000000.0,932500000.0,409000000.0,317500000.0,63.83561643835616,46.49234693877551,36.61989795918367,1.409871244635193,1.9358024691358025,2.457680250783699,0.0517666392769104,0.4302260079359675,2001-07-23,0.39,bmo,1314000000.0,2025-04-25,2001-06-30,0.0,24.352063492063493,1902396.825396825
2001-03-31,LIN,USD,1707925,2001-03-31,2001-03-30 19:00:00,2001,Q1,1335000000.0,809000000.0,526000000.0,0.3940074906,16000000,0.0,0.0,168000000.0,118000000.0,302000000.0,1111000000.0,0.0,0.0,122000000.0,346000000.0,0.25917603,224000000.0,0.1677902622,-56000000.0,168000000.0,0.1258426966,39000000.0,124000000.0,0.0928838951,0.39,0.38,321546000,325322000,,,4.151816536358717,0.3856368917666523,0.5784553376499786,0.1275089722776834,0.1337289221448875,7.781157283872292,7.781157283872292,7.348870768101609,10.020339236065755,7176906720.0,10355906720.0,14.46957,5.3759600898876405,38.58552,175.04650536585365,3.0372013203554804,3.0372013203554804,7.7572334981273405,29.930366242774568,55.67691784946236,252.58309073170733,0.0172776385200113,0.005712767575165,1.3635209479475243,0.4115993868165559,9.1878612716763,1.0153524075366365,0.0,1.5,0.0037620664519379,0.2177419354838709,0.0,0.0119850187265917,0.0,0.7795698924731183,0.1086142322097378,1.1885245901639343,0.0,7.98529290775386,0.0249167028828045,0.0158405723045477,-13.762416574922408,22000000.0,2502000000.0,-3871000000.0,4710000000.0,904500000.0,411000000.0,306500000.0,62.89887640449438,45.94561186650186,35.15451174289246,1.4308681672025725,1.9588377723970944,2.560126582278481,0.052475666525603,0.4509463653722951,2001-04-23,0.37,bmo,1262837837.0,2025-04-25,2001-03-31,0.0540540540540541,22.18403225806452,1908970.9677419355
2000-12-31,LIN,USD,1707925,2000-12-31,2000-12-30 19:00:00,2000,Q4,1273000000.0,816000000.0,457000000.0,0.3589945012,16000000,0.0,0.0,193000000.0,191000000.0,400000000.0,1216000000.0,0.0,0.0,118000000.0,175000000.0,0.137470542,57000000.0,0.0447761194,-57000000.0,-14000000.0,-0.0109976434,-8000000.0,5000000.0,0.0039277298,0.0157,0.0157,317824000,317824000,,,4.005361457913814,0.0157319774466371,0.9596506242448652,0.3712746677406363,0.0975382601691502,7.913184655658478,7.913184655658478,7.478982078131293,9.882828231977449,6842750720.0,9952750720.0,342.13753600000007,5.375295145326001,22.435248262295083,57.98941288135593,2.878734000841397,2.878734000841397,7.818343063629222,56.87286125714286,32.63196957377049,84.34534508474576,0.0007307002994257,0.0172445270664485,1.3214135464871688,0.4046637464570987,17.771428571428572,0.9457956914523976,0.0,61.0,0.0036535014971289,5.0,0.0,0.0125687352710133,0.0,0.6131147540983607,0.1468970934799685,1.5847457627118644,0.0,1.6270622271387496,0.0035803270450786,0.0006441638752898,-13.877177305678616,-78000000.0,2515000000.0,-3886000000.0,4693000000.0,890500000.0,394500000.0,305000000.0,61.93244304791831,45.110294117647065,32.75735294117647,1.4531963470319635,1.9951100244498776,2.7474747474747474,0.0021034917963819,0.5883759565042288,2001-01-23,0.38,bmo,1273000000.0,2025-04-25,2000-12-31,0.0,18.597142857142856,1698409.5238095238
2000-09-30,LIN,USD,1707925,2000-09-30,2000-09-29 20:00:00,2000,Q3,1275000000.0,776000000.0,499000000.0,0.391372549,17000000,0.0,0.0,161000000.0,103000000.0,281000000.0,1057000000.0,0.0,0.0,117000000.0,335000000.0,0.262745098,218000000.0,0.1709803922,-58000000.0,160000000.0,0.1254901961,37000000.0,122000000.0,0.0956862745,0.39,0.38,317824000,321708000,,,4.0116542488924685,0.383860249697946,0.8495267821184052,0.3209323399113975,0.0975382601691502,8.073650825614177,8.073650825614177,7.623716270640355,10.203760571888845,5940130560.0,9152130560.0,12.172398688524591,4.658925929411764,22.00048355555556,58.23657411764706,2.45156028064383,2.45156028064383,7.1781416156862745,27.31979271641791,33.89677985185185,89.72677019607843,0.0205382691117146,0.0171713397491384,1.3384234420140322,0.4152368758002561,9.588059701492538,1.0117733627667402,0.0,2.2131147540983607,0.0040403152350913,0.1967213114754098,0.0,0.0133333333333333,0.0,0.6222222222222222,0.1317647058823529,1.435897435897436,0.0,8.114489306399495,0.0240613783201722,0.0156209987195902,-13.774132853403142,16000000.0,2566000000.0,-3869000000.0,4766000000.0,911000000.0,356000000.0,311000000.0,63.88235294117647,44.07216494845361,36.30154639175258,1.408839779005525,2.042105263157895,2.4792332268370605,0.0503508047874535,0.5285944422070077,2000-10-19,0.38,bmo,1275000000.0,2025-04-25,2000-09-30,0.0,20.19015873015873,2010400.0
2000-06-30,LIN,USD,1707925,2000-06-30,2000-06-29 20:00:00,2000,Q2,1265000000.0,761000000.0,504000000.0,0.3984189723,16000000,0.0,0.0,162000000.0,107000000.0,285000000.0,1046000000.0,0.0,0.0,118000000.0,326000000.0,0.2577075099,219000000.0,0.1731225296,-49000000.0,162000000.0,0.1280632411,37000000.0,122000000.0,0.0964426877,0.39,0.38,317030000,323258000,,,3.990158660063716,0.3848216257136548,0.5519982336056525,-0.0473141343090559,0.0788568905150932,7.9897801469892435,7.9897801469892435,7.472478945210232,10.72769138567328,5934801600.0,9310801600.0,12.16147868852459,4.691542766798419,33.913152,-395.65344,2.505192739552553,2.505192739552553,7.3603174703557315,28.56074110429448,53.20458057142857,-620.7201066666667,0.020556710775302,-0.0025274644395863,1.4356268467707891,0.4320376016260163,10.355828220858896,1.044241037376049,0.0,1.4344262295081966,0.0042124407326438,0.2049180327868852,0.0,0.0126482213438735,0.0,1.0857142857142856,0.150197628458498,1.6101694915254237,0.0,8.043653315232719,0.0238708124708972,0.0154979674796747,-14.105132006434722,58000000.0,2533000000.0,-3970000000.0,4854000000.0,904000000.0,342500000.0,312500000.0,65.2411067193676,39.26412614980289,36.54402102496714,1.3794983642311889,2.2921686746987957,2.4627831715210355,0.0514985225833685,0.5993123679147084,2000-07-24,0.38,bmo,1265000000.0,2025-04-25,2000-06-30,0.0,20.97857142857143,1547276.1904761903
2000-03-31,LIN,USD,1707925,2000-03-31,2000-03-30 19:00:00,2000,Q1,1230000000.0,722000000.0,508000000.0,0.4130081301,16000000,0.0,0.0,167000000.0,112000000.0,295000000.0,1017000000.0,0.0,0.0,118000000.0,331000000.0,0.2691056911,213000000.0,0.1731707317,-52000000.0,161000000.0,0.1308943089,37000000.0,114000000.0,0.0926829268,0.36,0.36,318866000,323150000,,,3.857419731172342,0.3575169506940219,0.4672809267842918,-0.0313611360257914,0.0784028400644785,8.661945770323584,8.661945770323584,7.498447623766723,9.646685441533434,6635601460.0,9686601460.0,14.551757587719298,5.39479793495935,44.534237986577175,-663.560146,2.775241095775826,2.775241095775826,7.875285739837398,29.264656978851963,65.01074805369127,-968.660146,0.0171800552952437,-0.0015070223943196,1.286491007946466,0.3944095396845749,9.217522658610273,0.7495788882650196,0.0,1.3070175438596492,0.0036168537463671,0.2105263157894736,0.0,0.0130081300813008,0.0,1.0671140939597314,0.1292682926829268,1.347457627118644,0.0,7.766498433092487,0.0234792742866743,0.0146172586229003,-13.126987511995637,-446000000.0,2762000000.0,-3702000000.0,4334000000.0,869500000.0,357000000.0,313000000.0,65.19512195121952,44.0027700831025,39.390581717451525,1.3804713804713804,2.045325779036827,2.2848101265822787,0.0476787954830614,0.4986420628100832,2000-04-20,0.34,bmo,1157647058.0,2025-04-25,2000-03-31,0.0588235294117645,20.586349206349208,2067755.5555555555
1999-12-31,LIN,USD,1707925,1999-12-31,1999-12-30 19:00:00,1999,Q4,1203000000.0,716000000.0,487000000.0,0.4048212801,18000000,0.0,0.0,161000000.0,97000000.0,276000000.0,992000000.0,0.0,0.0,110000000.0,321000000.0,0.2668329177,211000000.0,0.1753948462,-50000000.0,161000000.0,0.1338320865,40000000.0,114000000.0,0.0947630923,0.36,0.36,319408000,319408000,,,3.766342734058007,0.356910284025447,1.0175073886690378,0.425787707258428,0.237940189350298,8.528277313029104,5.043705855833292,7.404322997545459,9.376721935580823,8036305280.0,10955305280.0,17.62347649122807,6.680220515378221,24.727093169230766,59.09048,3.398014917547569,3.398014917547569,9.106654430590192,34.1286768847352,33.70863163076923,80.55371529411765,0.0141856233714406,0.0169231998115432,1.266384778012685,0.3878528878528878,9.093457943925234,0.7739130434782608,0.0,2.8508771929824563,0.0027375764401025,0.1929824561403508,0.0,0.0149625935162094,0.1441336441336441,0.5815384615384616,0.1571072319201995,1.7181818181818185,0.0,7.711049088261418,0.0230457258758251,0.0172492056286881,-12.933301607974752,-390000000.0,1611000000.0,-3663000000.0,5443000000.0,856500000.0,333000000.0,298000000.0,63.44139650872818,45.37709497206704,38.96648044692737,1.418632075471698,1.9833795013850417,2.3096774193548386,0.0482029598308668,0.5917196814106096,2000-01-25,0.35,bmo,1203000000.0,2025-04-25,1999-12-31,0.0,23.10546875,963800.0
1999-09-30,LIN,USD,1707925,1999-09-30,1999-09-29 20:00:00,1999,Q3,1169000000.0,691000000.0,478000000.0,0.4088964927,16000000,0.0,0.0,155000000.0,99000000.0,270000000.0,961000000.0,0.0,0.0,111000000.0,319000000.0,0.2728828058,208000000.0,0.1779298546,-47000000.0,161000000.0,0.1377245509,40000000.0,112000000.0,0.0958083832,0.35,0.35,319408000,325128000,,,3.6598958072434,0.350648700095176,0.6543355207133197,0.156539598256775,0.1095777187797425,8.03674297450283,8.03674297450283,6.981666082252167,9.24835946501027,7346384000.0,10265384000.0,16.398178571428573,6.284331907613344,35.15016267942583,146.92768,3.294342600896861,3.294342600896861,8.781337895637296,32.17988714733542,49.11666985645933,205.30768,0.015245595656312,0.006806069489425,1.3246636771300448,0.3987580993520518,9.150470219435736,1.2817182817182815,0.0,1.8660714285714288,0.0031307919651355,0.2053571428571428,0.0,0.0136869118905047,0.0,0.7607655502392344,0.1360136869118905,1.4324324324324325,0.0,7.4217601056223055,0.023628020158171,0.0151187904967602,-12.567781646045184,282000000.0,2567000000.0,-3558000000.0,4845000000.0,867000000.0,310000000.0,287000000.0,66.59538066723695,39.72503617945007,37.25036179450072,1.3514450867052024,2.265573770491803,2.4160839160839163,0.0502242152466367,0.4977959224565446,1999-10-20,0.34,bmo,1134617647.0,2025-04-25,1999-09-30,0.0294117647058822,23.82359375,1255881.25
1999-06-30,LIN,USD,1707925,1999-06-30,1999-06-29 20:00:00,1999,Q2,1149000000.0,673000000.0,476000000.0,0.4142732811,17000000,0.0,0.0,170000000.0,88000000.0,275000000.0,948000000.0,0.0,0.0,111000000.0,312000000.0,0.27154047,201000000.0,0.1749347258,-50000000.0,151000000.0,0.1314186249,37000000.0,107000000.0,0.093124456,0.34,0.33,318726000,325282000,,,3.6049773159390814,0.3357115516148667,0.7937852575566474,0.279236711156291,0.1411871011464392,8.104139605805614,8.104139605805614,7.021705163682912,9.308936202255229,7799225220.0,10721225220.0,18.2224888317757,6.787837441253264,30.8269771541502,87.63174404494382,3.4849084986595176,3.4849084986595176,9.330918381201045,34.36290134615385,42.3763842687747,120.46320471910111,0.0137193114677101,0.0114113899123944,1.3257372654155497,0.3989511899959661,9.365384615384617,1.2327992459943449,0.0,2.364485981308411,0.0028207930120525,0.205607476635514,0.0,0.0147954743255004,0.0,0.6482213438735178,0.1427328111401218,1.4774774774774777,0.0,7.282754942214349,0.0228743359015467,0.0143875218502084,-12.591536303909942,247000000.0,2583000000.0,-3546000000.0,4799000000.0,893500000.0,326000000.0,288500000.0,68.06788511749347,42.12481426448737,38.51411589895988,1.3222094361334868,2.1365079365079365,2.336805555555556,0.0478105451295799,0.5145485464003564,1999-07-20,0.32,bmo,1113093750.0,2025-04-25,1999-06-30,0.03125,24.406031746031744,1638460.3174603174
1999-03-31,LIN,USD,1707925,1999-03-31,1999-03-30 19:00:00,1999,Q1,1118000000.0,652000000.0,466000000.0,0.4168157424,16000000,0.0,0.0,155000000.0,141000000.0,312000000.0,964000000.0,0.0,0.0,113000000.0,295000000.0,0.2638640429,154000000.0,0.137745975,-39000000.0,154000000.0,0.137745975,35000000.0,98000000.0,0.0876565295,0.31,0.31,316276000,323638000,,,3.534887250376254,0.309855948601854,0.5248580353868141,0.0790448848474117,0.0885302710291011,7.834928986075453,7.834928986075453,6.725138802817792,9.776271357927886,5702456280.0,8766456280.0,14.547082346938778,5.100587012522362,34.35214626506024,228.0982512,2.680985557122708,2.680985557122708,7.8411952415026835,29.716800949152542,52.80997759036145,350.6582512,0.0171855767388715,0.0043840756986917,1.4536906440996709,0.4149778553214334,10.3864406779661,1.1720524017467249,0.0,1.537037037037037,0.0038579866148487,0.2244897959183673,0.0,0.0143112701252236,0.0,0.8493975903614458,0.1261180679785331,1.247787610619469,0.0,6.847338601426871,0.0179378956888754,0.01315259696685,-13.001302659702285,197000000.0,2478000000.0,-3631000000.0,4732000000.0,918500000.0,357500000.0,304000000.0,73.89982110912344,46.518404907975466,39.89263803680982,1.2178649237472767,1.934718100890208,2.2560553633217992,0.0460742830277386,0.4458131505394023,1999-04-21,0.29,bmo,1079448275.0,2025-04-25,1999-03-31,0.0344827586206896,17.51688524590164,1112632.786885246
1998-12-31,LIN,USD,1707925,1998-12-31,1998-12-30 19:00:00,1998,Q4,1197000000.0,702000000.0,495000000.0,0.4135338346,17000000,0.0,0.0,159000000.0,129000000.0,305000000.0,1007000000.0,0.0,0.0,115000000.0,305000000.0,0.2548036759,190000000.0,0.1587301587,-64000000.0,126000000.0,0.1052631579,9000000.0,107000000.0,0.089390142,0.34,0.34,316594000,317786000,,,3.780867609619892,0.3379722925892467,1.0518203124506469,0.2874343796787052,0.1073930649349008,9.141044997694207,5.1232809213061525,7.602797273479599,10.34132042931957,5581552220.0,8821552220.0,13.041009859813084,4.66295089390142,16.761418078078076,61.33573868131868,2.3188833485666804,2.3188833485666804,7.369717811194653,28.923122032786885,26.49114780780781,96.94013428571428,0.0191702945314377,0.0163037084332788,1.3601994183631076,0.404397233201581,10.62295081967213,1.0814584949573314,0.0,3.1121495327102804,0.0035832326226986,0.1869158878504672,0.0,0.0142021720969089,0.1571146245059288,0.7267267267267268,0.202172096908939,2.1043478260869564,0.0,7.603586887364833,0.0245517076855791,0.0156799531066823,-13.642867521178545,105000000.0,1622000000.0,-3808000000.0,6252000000.0,929500000.0,353000000.0,317000000.0,69.09774436090225,48.46153846153846,40.8974358974359,1.3025027203482045,1.8571428571428568,2.200626959247649,0.0444536767760697,0.7643859327719413,1999-01-21,0.33,bmo,1197000000.0,2025-04-25,1998-12-31,0.0,18.3878125,1229631.25
1998-09-30,LIN,USD,1707925,1998-09-30,1998-09-29 20:00:00,1998,Q3,1201000000.0,697000000.0,504000000.0,0.4196502914,18000000,0.0,0.0,153000000.0,108000000.0,279000000.0,976000000.0,0.0,0.0,118000000.0,343000000.0,0.2855953372,225000000.0,0.1873438801,-64000000.0,161000000.0,0.1340549542,40000000.0,108000000.0,0.0899250624,0.34,0.33,317786000,326834000,,,3.779272843989351,0.3398513465036219,0.7331978123642955,0.1793659884324671,0.1258708690754155,8.873896269816795,8.873896269816795,7.344565210550496,10.547978828519822,5192623240.0,8504623240.0,12.019961203703703,4.32358304746045,22.285936652360515,91.09865333333332,2.2247743101970863,2.2247743101970863,7.081284962531224,24.794819941690964,36.50052892703863,149.20391649122806,0.0207987360161335,0.0109771106751815,1.4361610968294771,0.4170710464103521,9.65597667638484,1.2510860121633365,0.0,2.157407407407407,0.0036590368917271,0.1759259259259259,0.0,0.0149875104079933,0.0,0.7553648068669528,0.1465445462114904,1.4915254237288136,0.0,7.494088234502445,0.0233079777921416,0.0134378499440089,-13.576746615647007,289000000.0,2820000000.0,-3777000000.0,5038000000.0,962500000.0,352000000.0,317000000.0,70.4412989175687,42.35294117647059,40.674318507890966,1.2776595744680852,2.125,2.212698412698413,0.0462724935732647,0.5538318239318283,1998-11-03,0.33,bmo,1201000000.0,2025-04-25,1998-09-30,0.0,20.9325,1381896.875
1998-06-30,LIN,USD,1707925,1998-06-30,1998-06-29 20:00:00,1998,Q2,1234000000.0,711000000.0,523000000.0,0.4238249595,18000000,0.0,0.0,165000000.0,113000000.0,296000000.0,1007000000.0,0.0,0.0,119000000.0,346000000.0,0.2803889789,227000000.0,0.1839546191,-67000000.0,160000000.0,0.1296596434,40000000.0,108000000.0,0.0875202593,0.34,0.33,317246000,328114000,,,3.88972595399154,0.3404298241743,0.7249894403711946,0.1197808640613278,0.0977159680500305,8.687264772447879,8.687264772447879,7.167939075669985,11.073425669669597,7426728860.0,10908728860.0,17.19150199074074,6.018418849270664,32.29012547826087,195.4402331578947,3.2659317766051013,3.2659317766051013,8.840136839546192,31.52811809248555,47.42925591304348,287.0718121052632,0.014542068525173,0.0051166537403386,1.5448548812664908,0.434831043445971,10.063583815028904,1.204983922829582,0.0,2.1296296296296298,0.0026929756528098,0.1851851851851851,0.0,0.0145867098865478,0.0,0.8347826086956521,0.1555915721231766,1.6134453781512603,0.0,7.409727078813675,0.0236556898707794,0.0133679910880059,-13.849662407091028,255000000.0,2756000000.0,-3824000000.0,5010000000.0,989000000.0,376000000.0,320000000.0,71.83954619124798,47.59493670886076,40.37974683544304,1.2527918781725889,1.8909574468085104,2.2288401253918497,0.0474934036939313,0.6052085763098668,1998-07-21,0.33,bmo,1196606060.0,2025-04-25,1998-06-30,0.0303030303030303,24.738253968253968,938777.7777777778
1998-03-31,LIN,USD,1707925,1998-03-31,1998-03-30 19:00:00,1998,Q1,1201000000.0,697000000.0,504000000.0,0.4196502914,19000000,0.0,0.0,167000000.0,104000000.0,290000000.0,987000000.0,0.0,0.0,115000000.0,329000000.0,0.2739383847,214000000.0,0.178184846,-65000000.0,149000000.0,0.1240632806,38000000.0,102000000.0,0.0849292256,0.33,0.31,316116000,326472000,,,3.799238254311709,0.3226663629806779,0.442875400169558,-0.0980652671804021,0.1138822457578863,8.544331827556972,8.544331827556972,7.016411696971997,10.91055182274861,8130503520.0,11543503520.0,19.927704705882352,6.769778118234805,58.07502514285714,-262.2743070967742,3.6656913976555456,3.6656913976555456,9.611576619483763,35.086636838905775,82.45359657142858,-372.3710812903226,0.012545348482919,-0.0038128019899067,1.555004508566276,0.4315025647441511,10.37386018237082,1.1310498883097544,0.0,1.3725490196078431,0.0024598722515527,0.196078431372549,0.0,0.015820149875104,0.0,1.2214285714285715,0.1423813488759367,1.4869565217391305,0.0,7.137163370508862,0.0224982809472122,0.0127611660202677,-13.76314390919789,176000000.0,2701000000.0,-3773000000.0,4862000000.0,982000000.0,379500000.0,325000000.0,74.41298917568693,48.550932568149214,41.44906743185079,1.2094662638469285,1.8537234042553192,2.1713395638629285,0.0459873760144274,0.5409406673499602,1998-04-21,0.31,bmo,1201000000.0,2025-04-25,1998-03-31,0.0,22.701311475409835,1441019.6721311477
1997-12-31,LIN,USD,1707925,1997-12-31,1997-12-30 19:00:00,1997,Q4,1209000000.0,719000000.0,490000000.0,0.4052936311,21000000,0.0,0.0,168000000.0,94000000.0,283000000.0,1002000000.0,0.0,0.0,113000000.0,320000000.0,0.264681555,207000000.0,0.1712158809,-59000000.0,148000000.0,0.1224152192,33000000.0,89000000.0,0.0736145575,0.28,0.28,316392000,316392000,,,3.821209132974285,0.2812966193835495,0.929227034817568,0.0853371766669195,0.1359073554325014,8.59060911780323,4.756757440137551,6.943917671748969,10.44590255126552,7118820000.0,10380820000.0,19.996685393258428,5.88818858560794,24.213673469387757,263.66,3.2402457897132457,3.2402457897132457,8.586286186931348,32.4400625,35.30891156462585,384.4748148148148,0.0125020719726022,0.0037927634074186,1.5043240782885754,0.4231754161331626,10.19375,1.095900439238653,0.0,2.94,0.0023880362194858,0.1910112359550561,0.0,0.0173697270471464,0.1553137003841229,0.9081632653061223,0.2208436724565756,2.3628318584070795,0.0,6.629424012888687,0.0233955773955773,0.0134909807488252,-13.13639409340312,131000000.0,1505000000.0,-3595000000.0,5951000000.0,979500000.0,370500000.0,317500000.0,72.28287841191067,47.941585535465926,41.18219749652295,1.2451081359423275,1.877284595300261,2.185410334346505,0.0405097860719162,0.8438898581506485,1998-01-22,0.33,bmo,1209000000.0,2025-04-25,1997-12-31,0.0,22.4846875,2340893.8125
1997-09-30,LIN,USD,1707925,1997-09-30,1997-09-29 20:00:00,1997,Q3,1190000000.0,699000000.0,491000000.0,0.412605042,19000000,0.0,0.0,162000000.0,99000000.0,280000000.0,979000000.0,0.0,0.0,111000000.0,310000000.0,0.2605042017,211000000.0,0.1773109244,-53000000.0,157000000.0,0.1319327731,39000000.0,107000000.0,0.0899159664,0.34,0.33,314705882,329230769,,,3.781308415455673,0.3400000003813084,0.5973831782400559,-0.0953271029106472,0.1684112151421434,8.506355149726753,8.506355149726753,6.892149540439794,10.470093469686086,8053323520.38,11295323520.38,18.816176449485983,6.7674987566218485,42.83682723606383,-268.444117346,3.712920018616874,3.712920018616874,9.49186850452101,36.436527485096775,60.08150808712767,-376.5107840126667,0.0132864400305317,-0.0037251701020182,1.5191332411249423,0.4257105943152455,10.458064516129031,0.7051460361613352,0.0,1.7570093457943925,0.002110929724477,0.1588785046728972,0.0,0.0159663865546218,0.0,1.1595744680851063,0.1831932773109243,1.963963963963964,0.0,7.261194395104376,0.0231377279342203,0.0138242894056847,-13.078878519340796,-636000000.0,2677000000.0,-3542000000.0,3895000000.0,950500000.0,342500000.0,307000000.0,74.72268907563026,46.09442060085837,39.39914163090128,1.2044534412955463,1.952513966480447,2.284313725490196,0.049331489165514,0.6927102811507031,1997-10-21,0.33,bmo,1190000000.0,2025-04-25,1997-09-30,0.0,26.90609375,1369296.875
1997-06-30,LIN,USD,1707925,1997-06-30,1997-06-29 20:00:00,1997,Q2,1178000000.0,681000000.0,497000000.0,0.421901528,20000000,0.0,0.0,165000000.0,99000000.0,284000000.0,965000000.0,0.0,0.0,110000000.0,323000000.0,0.2741935484,213000000.0,0.1808149406,-52000000.0,161000000.0,0.136672326,40000000.0,107000000.0,0.0908319185,0.34,0.33,316552000,329084000,,,3.721347519522858,0.3380171346255907,0.6633981146857388,-0.0221132704895246,0.1516338547853117,8.617857413631883,8.617857413631883,6.728752306098208,9.906745179307034,8863456000.0,11951456000.0,20.709009345794392,7.524156196943973,42.20693333333333,-1266.208,4.161246948356808,4.161246948356808,10.145548387096774,37.001411764705885,56.91169523809524,-1707.3508571428572,0.0120720405223425,-0.0007897596603401,1.4723004694835682,0.4159702878365831,9.560371517027864,0.6660633484162896,0.0,1.9626168224299063,0.0019179877465404,0.1588785046728972,0.0,0.0169779286926994,0.0,1.0333333333333334,0.1842105263157894,1.9727272727272729,0.0,7.153653291677943,0.0238570410345178,0.0141928637750364,-12.396857388359576,-738000000.0,2728000000.0,-3339000000.0,3680000000.0,912500000.0,331000000.0,304500000.0,69.75382003395586,43.215859030837,40.70484581497797,1.290251916757941,2.0825688073394497,2.211038961038961,0.0502347417840375,0.6855113851752634,1997-07-22,0.33,bmo,1178000000.0,2025-04-25,1997-06-30,0.0,25.43484375,767690.625
1997-03-31,LIN,USD,1707925,1997-03-31,1997-03-30 19:00:00,1997,Q1,1158000000.0,665000000.0,493000000.0,0.4257340242,19000000,0.0,0.0,167000000.0,100000000.0,286000000.0,951000000.0,0.0,0.0,110000000.0,317000000.0,0.2737478411,207000000.0,0.1787564767,-51000000.0,156000000.0,0.1347150259,39000000.0,102000000.0,0.0880829016,0.33,0.31,315344000,328664000,,,3.6721802222334974,0.3234562890050231,0.1902684052970724,-0.4439596123598356,0.2219798061799178,8.302044751128927,8.302044751128927,6.453270079659039,10.702597797960324,7076319360.0,10381319360.0,17.34392,6.110811191709844,117.938656,-50.54513828571429,3.477306810810811,3.477306810810811,8.964869913644215,32.74864151419558,173.02198933333332,-74.15228114285715,0.014414273128566,-0.019784296450973,1.6584766584766584,0.4418695993715632,10.425867507886435,0.6667982629293328,0.0,0.5882352941176471,0.0025436952579822,0.1764705882352941,0.0,0.0164075993091537,0.0,3.333333333333333,0.1727115716753022,1.818181818181818,0.0,6.853130147462355,0.0228476821192053,0.0133542812254516,-13.050827033335024,-844000000.0,2618000000.0,-3331000000.0,3473000000.0,913000000.0,371500000.0,306500000.0,70.88082901554405,45.338345864661655,40.73684210526316,1.269736842105263,1.985074626865672,2.2093023255813957,0.0501228501228501,0.6342280176569081,1997-04-22,0.3,bmo,1119400000.0,2025-04-25,1997-03-31,0.0333333333333333,23.79786885245902,903140.9836065574
1996-12-31,LIN,USD,1707925,1996-12-31,1996-12-30 19:00:00,1996,Q4,1151000000.0,667000000.0,484000000.0,0.4205039096,19000000,0.0,0.0,170000000.0,107000000.0,296000000.0,963000000.0,0.0,0.0,107000000.0,295000000.0,0.2562988705,188000000.0,0.1633362294,-55000000.0,133000000.0,0.1155516942,37000000.0,96000000.0,0.0834057341,0.31,0.31,312168000,312168000,,,3.6871171933061686,0.3075267163834858,0.6887317085671818,-0.083288485687194,0.2018144076266625,7.982881012787986,4.225288946977269,6.40360318802696,10.45911176033418,7198594080.0,10400594080.0,18.74633875,6.254208583840139,33.48183293023256,-276.8690030769231,3.601097588794397,3.601097588794397,9.036137341442224,35.256251118644066,48.374856186046514,-400.0228492307692,0.0133359373973757,-0.0036118163784559,1.6333166583291645,0.4331387635977713,10.854237288135591,0.6533333333333333,0.0,2.239583333333333,0.0020837402183399,0.15625,0.0,0.0165073848827106,0.155611568055187,1.1209302325581396,0.209383145091225,2.2523364485981308,0.0,6.6564839729640255,0.0207174424611146,0.015082482325216,-13.266894748981318,-884000000.0,1319000000.0,-3380000000.0,4558000000.0,902500000.0,374000000.0,305000000.0,71.46828844483059,55.05247376311844,42.09895052473763,1.2592997811816191,1.6348039215686274,2.1378205128205128,0.048024012006003,0.7720201942543758,1997-01-23,0.29,bmo,1111310344.0,2025-04-25,1996-12-31,0.0344827586206896,22.96765625,686315.625
1996-09-30,LIN,USD,1707925,1996-09-30,1996-09-29 20:00:00,1996,Q3,1115000000.0,637000000.0,478000000.0,0.4286995516,18000000,0.0,0.0,170000000.0,107000000.0,295000000.0,932000000.0,0.0,0.0,107000000.0,290000000.0,0.2600896861,183000000.0,0.1641255605,-59000000.0,124000000.0,0.1112107623,36000000.0,88000000.0,0.0789237668,0.28,0.27,312168000,324632000,,,3.571794674662361,0.2818994900181953,0.5189513338971323,-0.1697803746700494,0.2626790702442275,7.585659004125984,7.585659004125984,5.750108915712053,10.926808641500733,6711612000.0,10040612000.0,19.067079545454547,6.019382959641256,41.4297037037037,-126.63418867924528,3.739059610027855,3.739059610027855,9.005033183856503,34.6228,61.97908641975309,-189.44550943396223,0.0131116041868928,-0.0078967616125604,1.9002785515320333,0.4572999061536399,11.479310344827589,0.7015825169555389,0.0,1.8409090909090908,0.0020859370297329,0.1590909090909091,0.0,0.0161434977578475,0.0,1.3271604938271604,0.1928251121076233,2.0093457943925235,0.0,6.039158662014676,0.0198427758200054,0.0117978281270947,-13.4278657645883,-792000000.0,2368000000.0,-3229000000.0,3327000000.0,869000000.0,327500000.0,309000000.0,71.91928251121077,48.037676609105176,42.10361067503924,1.2514029180695847,1.873529411764706,2.137583892617449,0.049025069637883,0.6887317085671818,1996-10-23,0.26,bmo,1072115384.0,2025-04-25,1996-09-30,0.0384615384615384,20.09296875,726281.25
1996-06-30,LIN,USD,1707925,1996-06-30,1996-06-29 20:00:00,1996,Q2,1093000000.0,631000000.0,462000000.0,0.4226898445,18000000,0.0,0.0,168000000.0,105000000.0,291000000.0,922000000.0,0.0,0.0,105000000.0,276000000.0,0.252516011,171000000.0,0.1564501372,-55000000.0,116000000.0,0.1061299177,35000000.0,81000000.0,0.0741079597,0.25,0.25,324000000,324000000,,,3.373456790123457,0.25,0.3796296296296296,-0.2808641975308642,0.1728395061728395,7.0,7.0,5.219135802469136,10.166666666666666,6742440000.0,9980440000.0,20.81,6.168746569075938,54.816585365853655,-74.09274725274726,3.987250147841513,3.987250147841513,9.131235132662397,36.16101449275362,81.14178861788618,-109.67516483516484,0.012013455069678,-0.0134965976708728,1.94795978710822,0.455916955017301,11.731884057971014,0.642933428266287,0.0,1.5185185185185186,0.0023730281619117,0.1975308641975308,0.0,0.0164684354986276,0.0,1.7398373983739837,0.1957913998170173,2.038095238095238,0.0,5.418268993773647,0.0189081824883282,0.0112110726643598,-12.672067901234568,-1003000000.0,2268000000.0,-3151000000.0,3010000000.0,829500000.0,320000000.0,311000000.0,69.74382433668802,44.92868462757528,45.64183835182251,1.2904368358913814,2.003174603174603,1.971875,0.0479006505026611,0.6604938271604939,1996-07-24,0.25,bmo,,2025-04-25,1996-06-30,0.0,19.86174603174603,809301.5873015873
1996-03-31,LIN,USD,1707925,1996-03-31,1996-03-30 19:00:00,1996,Q1,1090000000.0,629000000.0,461000000.0,0.4229357798,17000000,0.0,0.0,180000000.0,101000000.0,298000000.0,927000000.0,0.0,0.0,101000000.0,264000000.0,0.2422018349,163000000.0,0.1495412844,-144000000.0,19000000.0,0.0174311927,2000000.0,17000000.0,0.0155963303,0.06,0.055,284322000,296876000,,,3.8336815300961584,0.0597913633134263,0.3728167359543053,-0.4115052651571106,0.1688226728849684,7.646260226081696,7.646260226081696,5.648525263609569,11.448287505011924,5811541680.0,9018541680.0,85.46384823529412,5.331689614678899,54.82586490566038,-49.67129641025641,3.618643636363637,3.618643636363637,8.273891449541285,34.161142727272725,85.08058188679246,-77.08155282051283,0.0029252134693457,-0.0201323515243204,2.026774595267746,0.4585152838427948,12.147727272727272,0.6858540255831452,0.0,6.235294117647059,0.0022369279471467,0.7647058823529411,0.0,0.0155963302752293,0.0,2.10377358490566,0.2045871559633027,2.207920792079208,0.0,2.7566271220433145,0.0234209258492304,0.0023947034793632,-14.480061338904482,-835000000.0,2174000000.0,-3102000000.0,3037000000.0,714500000.0,298500000.0,265000000.0,67.04587155963303,46.50238473767885,43.211446740858506,1.3423645320197044,1.935384615384616,2.0827814569536423,0.010585305105853,0.7843220011114159,1996-04-24,0.23,bmo,,2025-04-25,1996-03-31,0.0434782608695651,17.943968253968254,1122552.380952381
1995-12-31,LIN,USD,1707925,1995-12-31,1995-12-30 19:00:00,1995,Q4,807000000.0,460000000.0,347000000.0,0.4299876084,17000000,0.0,0.0,136000000.0,68000000.0,221000000.0,681000000.0,0.0,0.0,68000000.0,194000000.0,0.2403965304,126000000.0,0.156133829,-26000000.0,100000000.0,0.1239157373,34000000.0,66000000.0,0.0817843866,0.23,0.23,289664000,289664000,,,2.7859865223155102,0.2278501988510826,0.8319984533804684,0.210588820150243,0.0517841361025187,5.278529606716748,4.67783362792753,3.870001104728237,4.550099425541317,4869251840.0,6172251840.0,18.44413575757576,6.033769318463444,20.2043644813278,79.8238006557377,4.343668010704728,4.343668010704728,7.648391375464684,31.81573113402062,25.611003485477177,101.18445639344262,0.0135544437151149,0.0125275919185153,1.175735950044603,0.3188195452346395,6.716494845360825,0.9037900874635568,0.0,3.651515151515152,0.002464444311839,0.1818181818181818,0.0,0.0210656753407682,0.0420899854862119,0.7468879668049793,0.2230483271375464,2.647058823529412,0.0,4.454218419486224,0.0238280802292263,0.0166666666666666,-6.950294133893062,-99000000.0,1355000000.0,-1675000000.0,2812000000.0,613500000.0,246500000.0,215000000.0,68.81040892193309,53.21739130434783,44.60869565217392,1.3079416531604535,1.6911764705882353,2.017543859649123,0.0588760035682426,0.6214096332302254,1996-01-18,0.22,bmo,,2025-04-25,1995-12-31,0.0454545454545455,14.393492063492063,1037228.5714285716
1995-09-30,LIN,USD,1707925,1995-09-30,1995-09-29 20:00:00,1995,Q3,795000000.0,456000000.0,339000000.0,0.4264150943,15000000,0.0,0.0,121000000.0,70000000.0,206000000.0,662000000.0,0.0,0.0,70000000.0,203000000.0,0.2553459119,133000000.0,0.1672955975,-40000000.0,93000000.0,0.1169811321,29000000.0,64000000.0,0.0805031447,0.22,0.22,289664000,289664000,,,2.7445592134334955,0.2209456473707468,0.5834346000883782,-0.0276182059213433,0.041427308882015,4.933302032699956,4.933302032699956,3.617984975695979,4.878065620857269,3875704320.0,5276704320.0,15.13947,4.875099773584906,22.93316165680473,-484.46304,3.698191145038168,3.698191145038168,6.637363924528302,25.99361733990148,31.2231024852071,-659.58804,0.0165131276061843,-0.002064140950773,1.3482824427480915,0.3596334945278697,6.901477832512315,0.8759842519685039,0.0,2.640625,0.0028381938073129,0.171875,0.0,0.0188679245283018,0.0,1.047337278106509,0.2226415094339622,2.5285714285714285,0.0,4.240991126404019,0.0269990801535192,0.0162891320946805,-6.661166040653999,-126000000.0,1429000000.0,-1610000000.0,2479000000.0,611500000.0,221500000.0,197500000.0,69.0566037735849,43.618421052631575,39.868421052631575,1.3032786885245902,2.063348416289593,2.257425742574257,0.0610687022900763,0.6110528060097216,1995-10-19,0.22,bmo,,2025-04-25,1995-09-30,0.0,13.532222222222222,701238.0952380953
1995-06-30,LIN,USD,1707925,1995-06-30,1995-06-29 20:00:00,1995,Q2,788000000.0,439000000.0,349000000.0,0.442893401,15000000,0.0,0.0,123000000.0,71000000.0,209000000.0,648000000.0,0.0,0.0,71000000.0,211000000.0,0.2677664975,140000000.0,0.1776649746,-43000000.0,97000000.0,0.1230964467,30000000.0,67000000.0,0.0850253807,0.24,0.24,285034000,285034000,,,2.7645824708631253,0.235059677091154,0.4666110007928878,-0.0561336542307233,0.1227923686297073,4.739785429106703,4.739785429106703,3.4276612614635447,5.01343699348148,3545822960.0,4939822960.0,13.230682686567162,4.499775329949238,26.66032300751879,-221.613935,3.629296786079836,3.629296786079836,6.268810862944163,23.411483222748817,37.14152601503759,-308.738935,0.0188954724349802,-0.0045123516262639,1.4626407369498464,0.3711688311688311,6.606635071090047,0.965042372881356,0.0,1.985074626865672,0.0031022417430564,0.1641791044776119,0.0,0.0190355329949238,0.0,1.1203007518796992,0.1890862944162436,2.0985915492957745,0.0,4.257741344796941,0.0291180460487308,0.0174025974025974,-6.6930611786664045,-33000000.0,1351000000.0,-1588000000.0,2488000000.0,594500000.0,210500000.0,181500000.0,70.01269035532995,45.512528473804096,39.56719817767654,1.2854812398042414,1.9774774774774777,2.2746113989637307,0.0685772773797338,0.5227446550236112,1995-07-21,0.23,bmo,,2025-04-25,1995-06-30,0.0869565217391303,11.914126984126984,844787.3015873015
1995-03-31,LIN,USD,1707925,1995-03-31,1995-03-30 19:00:00,1995,Q1,756000000.0,422000000.0,334000000.0,0.4417989418,14000000,0.0,0.0,116000000.0,70000000.0,200000000.0,622000000.0,0.0,0.0,70000000.0,204000000.0,0.2698412698,134000000.0,0.1772486772,-40000000.0,94000000.0,0.1243386243,29000000.0,65000000.0,0.085978836,0.23,0.23,283882000,283882000,,,2.663078321274332,0.2289683741836397,0.2395361452998076,-0.0915873496734558,0.1338584341381278,4.375057242093546,4.375057242093546,3.089311756293108,4.847084351949049,3301547660.0,4639547660.0,12.69826023076923,4.367126534391534,48.55217147058824,-126.9826023076923,3.764592542759408,3.764592542759408,6.136967804232804,22.74288068627451,68.22864205882352,-178.44414076923076,0.0196877363872433,-0.0078750945548973,1.5689851767388825,0.3806362378976486,6.5588235294117645,0.8612538540596094,0.0,1.0461538461538462,0.0033317707732257,0.1692307692307692,0.0,0.0185185185185185,0.0,1.3823529411764706,0.1243386243386243,1.3428571428571427,0.0,3.9894210769432257,0.02938774959343,0.0179806362378976,-6.404069296397799,-135000000.0,1242000000.0,-1535000000.0,2262000000.0,562500000.0,207000000.0,166500000.0,68.57142857142857,42.44075829383886,36.25592417061611,1.3125,2.120603015075377,2.4823529411764707,0.0741163055872291,0.3311234949732635,1995-04-19,0.2,bmo,,2025-04-25,1995-03-31,0.15,10.626190476190477,922266.6666666666
1994-12-31,LIN,USD,1707925,1994-12-31,1994-12-30 19:00:00,1994,Q4,722000000.0,401000000.0,321000000.0,0.444598338,16000000,0.0,0.0,121000000.0,68000000.0,205000000.0,606000000.0,0.0,0.0,68000000.0,184000000.0,0.2548476454,116000000.0,0.1606648199,-39000000.0,77000000.0,0.1066481994,22000000.0,55000000.0,0.0761772853,0.2,0.2,281958000,281958000,,,2.5606650635910317,0.1950645131544414,0.6986856198440903,0.2234375332496329,0.2234375332496329,4.291419289397712,3.972222813326808,2.975620482483207,4.486483802552153,2890069500.0,4092069500.0,13.136679545454545,4.002866343490305,14.670403553299492,45.87411904761905,3.4446597139451725,3.4446597139451725,5.6676862880886425,22.23950815217391,20.771926395939087,64.95348412698412,0.0190306842101894,0.0217987837316715,1.5077473182359953,0.359375,6.532608695652174,0.9448818897637796,0.0,3.581818181818182,0.0031141119616673,0.1636363636363636,0.0,0.0221606648199446,0.0255681818181818,0.6802030456852792,0.185595567867036,1.9705882352941173,0.0,3.613842016030771,0.0275914561628847,0.0160349854227405,-6.219897998992757,-49000000.0,1120000000.0,-1470000000.0,2391000000.0,530000000.0,196500000.0,156500000.0,68.43490304709141,48.25436408977556,36.583541147132166,1.3151183970856102,1.8651162790697675,2.460122699386503,0.0655542312276519,0.4752480865944573,1995-01-19,0.18,bmo,,2025-04-25,1994-12-31,0.1111111111111112,10.761269841269842,876400.0
1994-09-30,LIN,USD,1707925,1994-09-30,1994-09-29 20:00:00,1994,Q3,733000000.0,400000000.0,333000000.0,0.4542974079,16000000,0.0,0.0,105000000.0,70000000.0,191000000.0,591000000.0,0.0,0.0,70000000.0,212000000.0,0.2892223738,142000000.0,0.1937244202,-67000000.0,75000000.0,0.102319236,24000000.0,51000000.0,0.0695770805,0.18,0.18,281958000,281958000,,,2.59967796622192,0.1808780031068457,0.4433284389873669,0.1844246306187446,0.2553571808567233,4.209846856624036,4.209846856624036,2.8975946772214303,4.475843920016456,3437068020.0,4627068020.0,16.848372647058824,4.689042319236016,27.49654416,66.09746192307692,4.206937600979192,4.206937600979192,6.312507530695771,21.82579254716981,37.01654416,88.98207730769231,0.0148382283106518,0.0151291739638018,1.5446756425948591,0.3686824423020742,5.613207547169812,1.07095046854083,0.0,2.450980392156863,0.0029094565315003,0.196078431372549,0.0,0.0218281036834924,0.0,0.584,0.0995907230559345,1.042857142857143,0.0,3.4340210581982227,0.0324571428571428,0.0148992112182296,-6.0496598784216085,53000000.0,1187000000.0,-1436000000.0,2340000000.0,486500000.0,171500000.0,146500000.0,62.74215552523875,40.05,33.75,1.4344422700587085,2.247191011235955,2.6666666666666665,0.0624235006119951,0.2589038083686222,1994-10-19,0.17,bmo,,2025-04-25,1994-09-30,0.1176470588235293,10.89390625,883681.25
1994-06-30,LIN,USD,1707925,1994-06-30,1994-06-29 20:00:00,1994,Q2,645000000.0,364000000.0,281000000.0,0.4356589147,13000000,0.0,0.0,93000000.0,68000000.0,174000000.0,538000000.0,0.0,0.0,68000000.0,175000000.0,0.2713178295,107000000.0,0.1658914729,-38000000.0,69000000.0,0.1069767442,14000000.0,55000000.0,0.0852713178,0.2,0.2,278462000,278462000,,,2.316294503379276,0.1975134847842793,0.4453031293318298,0.2693365701603809,0.1292815536769828,3.982590084104833,3.982590084104833,2.671818775990979,4.53203668723201,2715004500.0,3941004500.0,12.340929545454546,4.209309302325582,21.89519758064516,36.20006,3.6491995967741935,3.6491995967741935,6.110084496124031,22.520025714285715,31.782294354838708,52.546726666666665,0.0202577933112081,0.0276242636061929,1.696236559139785,0.3830045523520485,7.005714285714285,0.9640883977900552,0.0,2.2545454545454544,0.0033149116327431,0.1636363636363636,0.0,0.0201550387596899,0.0,0.3951612903225806,0.075968992248062,0.7205882352941176,0.0,3.4458243333135887,0.0295734587629902,0.0166919575113808,-6.219879193570398,-26000000.0,1109000000.0,-1488000000.0,2240000000.0,470000000.0,156500000.0,139000000.0,64.46511627906976,40.7967032967033,35.357142857142854,1.396103896103896,2.206060606060606,2.5454545454545454,0.0739247311827957,0.1759665591714488,1994-07-19,0.16,bmo,,2025-04-25,1994-06-30,0.1249999999999999,9.622903225806452,985793.5483870968
1994-03-31,LIN,USD,1707925,1994-03-31,1994-03-30 19:00:00,1994,Q1,611000000.0,342000000.0,269000000.0,0.4402618658,13000000,0.0,0.0,90000000.0,67000000.0,170000000.0,512000000.0,0.0,0.0,67000000.0,166000000.0,0.271685761,99000000.0,0.1620294599,-35000000.0,64000000.0,0.1047463175,22000000.0,42000000.0,0.0687397709,0.15,0.15,275918000,275918000,,,2.214426025123406,0.1522191375698577,0.3696750483839401,0.1159764857675106,0.12322501612798,3.732993135641749,3.732993135641749,2.453627527018897,4.823896954892396,2397727420.0,3694727420.0,14.272187023809522,3.924267463175122,23.50713156862745,74.928981875,3.5416948596750366,3.5416948596750366,6.04701705400982,22.257394096385543,36.22281784313726,115.460231875,0.0175165866018248,0.0133459707442474,1.96602658788774,0.4080318822808093,7.813253012048193,0.8793969849246231,0.0,2.4285714285714284,0.0037535542718196,0.2142857142857142,0.0,0.0212765957446808,0.0,0.6862745098039216,0.1145662847790507,1.044776119402985,0.0,2.8988797813656886,0.0228602216748768,0.0128755364806866,-6.4221978993759015,-96000000.0,1030000000.0,-1532000000.0,2168000000.0,468500000.0,150500000.0,136000000.0,70.40916530278233,38.94736842105263,35.526315789473685,1.2782426778242677,2.310810810810811,2.533333333333333,0.0620384047267356,0.2536985626164295,1994-04-20,0.14,bmo,,2025-04-25,1994-03-31,0.0714285714285712,9.144920634920634,908390.4761904762
1993-12-31,LIN,USD,1707925,1993-12-31,1993-12-30 19:00:00,1993,Q4,613000000.0,348000000.0,265000000.0,0.4323001631,0,0.0,0.0,115000000.0,66000000.0,181000000.0,529000000.0,0.0,0.0,66000000.0,150000000.0,0.2446982055,84000000.0,0.1370309951,-31000000.0,53000000.0,0.0864600326,13000000.0,15000000.0,0.0244698206,0.0562,0.0562,259569378,266666667,,,2.361603686548881,0.0577880184310492,0.4314838709518347,0.2157419354759173,0.1309861751103783,3.7754838708285536,3.7754838708285536,2.44635944691442,5.239447004415136,2157021531.1800003,3483021531.1800003,35.950358853000004,3.518795320032627,19.259120814107145,38.51824162821429,3.3968843010708665,3.3968843010708665,5.681927457063623,23.2201435412,31.09840652839286,62.19681305678572,0.0069540335055414,0.0259617250873546,2.141732283464567,0.4178187403993855,8.84,0.8315282791817088,0.0,2.8,0.003708817869622,0.5333333333333333,0.0,0.0,0.0,0.5,0.0913539967373572,0.8484848484848485,0.0,1.7834884238938575,0.0224809313528703,0.0046082949308755,-7.043396313104391,-140000000.0,980000000.0,-1584000000.0,2133000000.0,465500000.0,160500000.0,137000000.0,67.38988580750409,39.56896551724138,35.43103448275862,1.3355119825708062,2.2745098039215685,2.54014598540146,0.0236220472440944,0.2157419354759173,1994-01-25,0.14,bmo,,2025-04-25,1993-12-31,0.0,8.08078125,616081.25
1993-09-30,LIN,USD,1707925,1993-09-30,1993-09-29 20:00:00,1993,Q3,608000000.0,351000000.0,257000000.0,0.4226973684,0,0.0,0.0,108000000.0,65000000.0,173000000.0,524000000.0,0.0,0.0,65000000.0,149000000.0,0.2450657895,84000000.0,0.1381578947,-39000000.0,45000000.0,0.0740131579,13000000.0,32000000.0,0.0526315789,0.12,0.12,266666667,266666667,,,2.27999999715,0.11999999985,0.4012499994984375,0.1312499998359375,0.142499999821875,3.64499999544375,3.64499999544375,2.339999997075,5.381249993273437,2066666669.25,3463666669.25,16.145833353515627,3.399122811266448,19.31464176869159,59.047619121428575,3.311965816105769,3.311965816105769,5.6968201796875,23.24608502852349,32.37071653504673,98.96190483571428,0.015483870948387,0.0169354838497983,2.2996794871794872,0.431578947368421,9.375838926174495,0.7556512378902045,0.0,3.34375,0.0038709677370967,0.25,0.0,0.0,0.0,0.6728971962616822,0.1184210526315789,1.1076923076923078,0.0,2.513563204736456,0.020647540039175,0.0096240601503759,-7.096874991128907,-227000000.0,972000000.0,-1651000000.0,2068000000.0,476000000.0,167500000.0,141500000.0,69.86842105263158,43.07692307692308,35.12820512820513,1.2881355932203389,2.0892857142857144,2.562043795620438,0.0512820512820512,0.2699999996625,1993-10-26,0.13,bmo,,2025-04-25,1993-09-30,0.0769230769230769,7.80921875,694209.375
1993-06-30,LIN,USD,1707925,1993-06-30,1993-06-29 20:00:00,1993,Q2,623000000.0,351000000.0,272000000.0,0.4365971108,0,0.0,0.0,116000000.0,65000000.0,181000000.0,532000000.0,0.0,0.0,65000000.0,156000000.0,0.2504012841,91000000.0,0.1460674157,-41000000.0,50000000.0,0.0802568218,12000000.0,38000000.0,0.0609951846,0.14,0.14,271428571,271428571,,,2.2952631615188364,0.1400000002210526,0.4752631586451523,0.2689473688457063,0.1621052634138504,3.7321052690506926,3.7321052690506926,2.2363157930047093,5.098947376472022,2103571425.25,3443571425.25,13.83928569243421,3.3765191416532905,16.306755234496123,28.81604692123288,3.4655212936573307,3.4655212936573307,5.527401966693419,22.07417580288461,26.69435213372093,47.17221130479452,0.0180645161575551,0.0347028863026717,2.28006589785832,0.416993070201868,8.58974358974359,0.8348729792147807,0.0,3.3947368421052637,0.0038030560331695,0.2105263157894736,0.0,0.0,0.0,0.4341085271317829,0.0898876404494382,0.8615384615384616,0.0,2.6541278716534293,0.023939079266182,0.011449231696294,-6.738421063271191,-143000000.0,1013000000.0,-1583000000.0,2124000000.0,482000000.0,166000000.0,146500000.0,69.34189406099519,42.82051282051282,37.43589743589744,1.2979166666666666,2.1017964071856285,2.404109589041096,0.0626029654036243,0.2063157897994459,1993-07-28,0.14,bmo,,2025-04-25,1993-06-30,0.0,7.875396825396825,876292.0634920635
1993-03-31,LIN,USD,1707925,1993-03-31,1993-03-30 19:00:00,1993,Q1,594000000.0,337000000.0,257000000.0,0.4326599327,0,0.0,0.0,111000000.0,66000000.0,177000000.0,514000000.0,0.0,0.0,66000000.0,146000000.0,0.2457912458,80000000.0,0.1346801347,-37000000.0,43000000.0,0.0723905724,10000000.0,33000000.0,0.0555555556,0.13,0.13,264000000,264000000,,,2.25,0.125,0.2537878787878788,0.0416666666666666,0.106060606060606,3.734848484848485,3.734848484848485,2.212121212121212,5.454545454545454,2325840000.0,3737840000.0,17.62,3.915555555555556,34.71402985074627,211.44,3.982602739726028,3.982602739726028,6.292659932659933,25.60164383561644,55.78865671641791,339.8036363636364,0.014188422247446,0.004729474082482,2.4657534246575343,0.4307508226144181,9.67123287671233,0.7933701657458564,0.0,2.0303030303030303,0.0034396175145323,0.2424242424242424,0.0,0.0,0.0,0.835820895522388,0.0942760942760942,0.8484848484848485,0.0,2.494311710490673,0.021047428466647,0.009871373018247,-7.168560606060606,-187000000.0,986000000.0,-1639000000.0,2109000000.0,487500000.0,173000000.0,147000000.0,73.33333333333333,44.06528189910979,39.25816023738872,1.2272727272727273,2.0424242424242425,2.292517006802721,0.0565068493150684,0.2121212121212121,1993-04-27,0.13,bmo,,2025-04-25,1993-03-31,0.0,8.57983870967742,1076106.4516129033
1992-12-31,LIN,USD,1707925,1992-12-31,1992-12-30 19:00:00,1992,Q4,637000000.0,371000000.0,266000000.0,0.4175824176,0,0.0,0.0,128000000.0,67000000.0,195000000.0,566000000.0,0.0,0.0,67000000.0,138000000.0,0.2166405024,71000000.0,0.1114599686,-103000000.0,-32000000.0,-0.0502354788,-15000000.0,-161000000.0,-0.2527472527,-0.63,-0.62,256465274,261538462,,,2.4837670615788707,-0.6277653012781762,0.4601012767131974,0.1559665344790499,0.0935799206874299,3.684709377067555,3.684709377067555,2.12114486891508,5.6615852015895145,2149178996.1200004,3577178996.1200004,-3.337234466024845,3.3739073722448985,18.21338132305085,53.72947490300001,3.9506966840441184,3.9506966840441184,5.615665614003141,25.9215869284058,30.31507623830509,89.42947490300001,-0.0749123271215007,0.018611758291056,2.669117647058824,0.4342105263157895,10.347826086956522,0.5710743801652892,0.0,-6.941176470588236,0.0037223516582112,-0.0496894409937888,0.0,0.0,0.0,0.6610169491525424,0.1224489795918367,1.164179104477612,0.0,,0.0129306650668495,-0.048145933014354,-7.538057569540585,-519000000.0,945000000.0,-1708000000.0,1796000000.0,509500000.0,177000000.0,147500000.0,69.37205651491365,43.90835579514825,35.66037735849057,1.2973523421588595,2.0497237569060776,2.523809523809524,-0.2959558823529412,0.3041347422341474,1992-12-30,,bmo,,2025-04-25,1992-12-31,,8.0796875,1034093.75
1992-09-30,LIN,USD,1707925,1992-09-30,1992-09-29 20:00:00,1992,Q3,652000000.0,367000000.0,285000000.0,0.4371165644,0,0.0,0.0,115000000.0,63000000.0,178000000.0,545000000.0,0.0,0.0,63000000.0,170000000.0,0.2607361963,107000000.0,0.1641104294,-64000000.0,43000000.0,0.0659509202,9000000.0,34000000.0,0.0521472393,0.13,0.13,261538462,261538462,,,2.4929411720712804,0.1299999997705882,0.1605882350107266,-0.1873529408458477,0.0267647058351211,4.496470580300346,4.496470580300346,2.8905882301930794,5.7773529309811416,2092307696.0,3596307696.0,15.384615411764706,3.209060883435583,49.81684990476191,-42.70015706122449,2.7676027724867724,2.7676027724867724,5.515809349693251,21.154751152941177,85.62637371428572,-73.3940346122449,0.0162499999713235,-0.0234191176057309,1.9986772486772488,0.4292613636363636,8.847058823529412,0.6058917197452229,0.0,1.2352941176470589,0.00390625,0.2403846158088235,0.0,0.0,0.0,2.1666666666666665,0.1395705521472392,1.4444444444444444,0.0,2.9077432070927824,0.0274423130596142,0.0096590909090909,-7.138529399167301,-495000000.0,1176000000.0,-1583000000.0,1896000000.0,522000000.0,204000000.0,169500000.0,72.88343558282209,42.42506811989101,36.294277929155314,1.2348484848484849,2.121387283236994,2.47972972972973,0.0449735449735449,0.3479411758565744,1993-01-27,0.12,bmo,,2025-04-25,1992-09-30,0.0,7.737656250000001,1118625.0
1992-06-30,LIN,USD,1707925,1992-06-30,1992-06-29 20:00:00,1992,Q2,662000000.0,361000000.0,301000000.0,0.4546827795,0,0.0,0.0,114000000.0,64000000.0,178000000.0,539000000.0,0.0,0.0,64000000.0,187000000.0,0.2824773414,123000000.0,0.1858006042,-70000000.0,53000000.0,0.080060423,19000000.0,34000000.0,0.0513595166,0.13,0.13,261538462,261538462,,,2.5311764661214533,0.1299999997705882,,,0.0688235292903114,4.4199999922,4.4199999922,2.8026470538776818,5.704705872285813,2108000003.72,3582000003.7200003,15.50000002735294,3.184290035830816,0.0,0.0,2.8758526653751706,2.8758526653751706,5.410876138549849,19.15508023379679,0.0,0.0,0.0161290322296015,,2.035470668485676,0.4229024943310657,7.882352941176471,0.5958395245170877,0.0,0.0,,,0.0,0.0,0.0,0.0,,0.0,,2.8631700295521423,0.0258537550384529,0.0096371882086167,-7.155735281489879,-544000000.0,1156000000.0,-1570000000.0,1838000000.0,,,,70.15105740181268,58.58725761772853,47.61772853185596,1.2829457364341086,1.5361702127659576,1.8900523560209423,0.0463847203274215,,1992-06-29,,bmo,,2025-04-25,1992-06-30,,7.781999999999999,607640.0
1992-03-31,LIN,USD,1707925,1992-03-31,1992-03-30 19:00:00,1992,Q1,653000000.0,0.0,653000000.0,1.0,0,0.0,0.0,0.0,0.0,0.0,0.0,0.0,0.0,0.0,653000000.0,1.0,653000000.0,1.0,-653000000.0,0.0,0.0,-33000000.0,33000000.0,0.0505359877,0.13,0.12,253846154,286956522,,,2.5724242408651974,0.1299999999212121,,,,,,,,2015538462.76,,15.26923077848485,3.0865826382235837,0.0,0.0,0.0,0.0,,,0.0,0.0,0.0163727959598503,,0.0,0.0,,0.0,0.0,0.0,,,0.0,0.0,0.0,0.0,,0.0,,,0.0,0.0,,,,,,,,,,0.0,0.0,0.0,0.0,0.0,0.0,,1992-03-30,,bmo,,2025-04-25,1992-03-31,,,
1991-12-31,LIN,USD,1707925,1991-12-31,1991-12-30 19:00:00,1991,Q4,617000000.0,0.0,617000000.0,1.0,0,0.0,0.0,0.0,-2093000000.0,-2093000000.0,-2093000000.0,0.0,0.0,0.0,-1476000000.0,-2.3922204214,-1476000000.0,-2.3922204214,1476000000.0,0.0,0.0,-29000000.0,29000000.0,0.0470016207,0.11,0.11,255555556,255555556,,,2.4143478218880907,0.1134782606722117,,,0.3208695646593573,4.038260862542155,4.038260862542155,2.5434782564461247,2.222608691786768,2029111114.64,2515111114.6400003,17.492337195172414,3.288672795202593,0.0,0.0,3.1217094071384617,3.1217094071384617,4.076355129076176,-1.7040048202168023,0.0,0.0,0.0142919723768528,,0.8738461538461538,0.1645899739206027,-0.3292682926829268,0.4425349087003222,0.0,0.0,,,0.0,0.0,0.0,0.0,,0.0,,2.548364866631083,,0.0084033613445378,-7.4034782479939505,-1038000000.0,1032000000.0,-1595000000.0,1300000000.0,,,,69.14100486223663,0.0,0.0,1.30168776371308,0.0,0.0,0.0446153846153846,,1991-12-30,,bmo,,2025-04-25,1991-12-31,,,
1991-09-30,LIN,USD,1707925,1991-09-30,1991-09-29 20:00:00,1991,Q3,625000000.0,0.0,625000000.0,1.0,0,0.0,0.0,0.0,0.0,0.0,0.0,0.0,0.0,0.0,625000000.0,1.0,625000000.0,1.0,-625000000.0,0.0,0.0,-23000000.0,23000000.0,0.0368,0.09,0.09,255555556,255555556,,,2.4456521696597355,0.0899999998434782,,,,,,,,2029111114.64,,22.055555593913045,3.246577783424,0.0,0.0,0.0,0.0,,,0.0,0.0,0.0113350125747453,,0.0,0.0,,0.0,0.0,0.0,,,0.0,0.0,0.0,0.0,,0.0,,,0.0,0.0,,,,,,,,,,0.0,0.0,0.0,0.0,0.0,0.0,,1991-09-29,,bmo,,2025-04-25,1991-09-30,,,
1991-06-30,LIN,USD,1707925,1991-06-30,1991-06-29 20:00:00,1991,Q2,614000000.0,0.0,614000000.0,1.0,0,0.0,0.0,0.0,0.0,0.0,0.0,0.0,0.0,0.0,614000000.0,1.0,614000000.0,1.0,-614000000.0,0.0,0.0,-28000000.0,28000000.0,0.0456026059,0.12,0.12,243478261,243478261,,,2.521785712934758,0.1149999999383928,,,,,,,,1933217392.34,,17.260869574464287,3.1485625282410425,0.0,0.0,0.0,0.0,,,0.0,0.0,0.0144836271962711,,0.0,0.0,,0.0,0.0,0.0,,,0.0,0.0,0.0,0.0,,0.0,,,0.0,0.0,,,,,,,,,,0.0,0.0,0.0,0.0,0.0,0.0,,1991-06-29,,bmo,,2025-04-25,1991-06-30,,,
1991-03-31,LIN,USD,1707925,1991-03-31,1991-03-30 19:00:00,1991,Q1,613000000.0,0.0,613000000.0,1.0,0,0.0,0.0,0.0,0.0,0.0,0.0,0.0,0.0,0.0,613000000.0,1.0,613000000.0,1.0,-613000000.0,0.0,0.0,-27000000.0,27000000.0,0.044045677,0.11,0.11,245454545,245454545,,,2.497407412032236,0.1100000002037037,,,,,,,,1948909087.3,,18.04545451203704,3.179297042903752,0.0,0.0,0.0,0.0,,,0.0,0.0,0.0138539043077712,,0.0,0.0,,0.0,0.0,0.0,,,0.0,0.0,0.0,0.0,,0.0,,,0.0,0.0,,,,,,,,,,0.0,0.0,0.0,0.0,0.0,0.0,,1991-03-30,,bmo,,2025-04-25,1991-03-31,,,
