date,symbol,reportedCurrency,cik,fillingDate,acceptedDate,calendarYear,period,revenue,costOfRevenue,grossProfit,grossProfitRatio,researchAndDevelopmentExpenses,generalAndAdministrativeExpenses,sellingAndMarketingExpenses,sellingGeneralAndAdministrativeExpenses,otherExpenses,operatingExpenses,costAndExpenses,interestIncome,interestExpense,depreciationAndAmortization,ebitda,ebitdaratio,operatingIncome,operatingIncomeRatio,totalOtherIncomeExpensesNet,incomeBeforeTax,incomeBeforeTaxRatio,incomeTaxExpense,netIncome,netIncomeRatio,eps,epsdiluted,weightedAverageShsOut,weightedAverageShsOutDil,link,finalLink,revenuePerShare,netIncomePerShare,operatingCashFlowPerShare,freeCashFlowPerShare,cashPerShare,bookValuePerShare,tangibleBookValuePerShare,shareholdersEquityPerShare,interestDebtPerShare,marketCap,enterpriseValue,peRatio,priceToSalesRatio,pocfratio,pfcfRatio,pbRatio,ptbRatio,evToSales,enterpriseValueOverEBITDA,evToOperatingCashFlow,evToFreeCashFlow,earningsYield,freeCashFlowYield,debtToEquity,debtToAssets,netDebtToEBITDA,currentRatio,interestCoverage,incomeQuality,dividendYield,payoutRatio,salesGeneralAndAdministrativeToRevenue,researchAndDdevelopementToRevenue,intangiblesToTotalAssets,capexToOperatingCashFlow,capexToRevenue,capexToDepreciation,stockBasedCompensationToRevenue,grahamNumber,roic,returnOnTangibleAssets,grahamNetNet,workingCapital,tangibleAssetValue,netCurrentAssetValue,investedCapital,averageReceivables,averagePayables,averageInventory,daysSalesOutstanding,daysPayablesOutstanding,daysOfInventoryOnHand,receivablesTurnover,payablesTurnover,inventoryTurnover,roe,capexPerShare,report_date,epsEstimated,time,revenueEstimated,updatedFromDate,fiscalDateEnding,surprise(%),QuarterAvgPrice,QuarterAvgVolume
2025-03-31,LLY,USD,59478,2025-05-01,2025-05-01 11:30:18,2025,Q1,12728500000.0,2224200000.0,10504300000.0,0.8252582787,2733700000,0.0,0.0,2362200000.0,0.0,5095900000.0,7320100000.0,0.0,0.0,0.0,4162600000.0,0.3270298935,5408400000.0,0.4249047413,-1952300000.0,3456100000.0,0.2715245316,696800000.0,2759300000.0,0.216781239,3.07,3.06,898700000,900604000,https://www.sec.gov/Archives/edgar/data/59478/000005947825000132/0000059478-25-000132-index.htm,https://www.sec.gov/Archives/edgar/data/59478/000005947825000132/lly-20250331.htm,14.163235785022811,3.0703238010459555,1.853343718704796,0.1736953377100256,3.583732057416268,17.633025481250694,4.5221987315010574,17.54178257483031,42.85734950484032,742245317000.0,777667917000.0,67.24942168303555,58.31365180500452,445.63239493275694,4754.934766175528,47.08244424287019,47.08244424287019,61.096587736182585,186.82263897564025,466.8995659221902,4981.857251761691,0.003717504087668,0.0002103078273783,2.443158175175073,0.4308806024915873,8.509729495988084,1.3722583069764966,0.0,0.6036313557786395,0.0018138208071712,0.4879136012756858,0.0,0.2147700043210119,0.131814052767237,0.9062800192122958,0.1185921357583375,3.261668107173725,0.0120752641709549,34.811297482659,0.0681747023492355,0.0355551947591748,-61.38132858573495,11193100000.0,4064100000.0,-32280800000.0,41449900000.0,7001600000.0,3335300000.0,4655500000.0,99.01308088148642,139.2770434313461,376.7601834367414,0.9089708066727604,0.6461940732132481,0.2388787455697562,0.175029178930275,1.6796483809947702,2025-05-01,3.26,bmo,12667381362.0,2025-05-11,2025-03-31,0.0245398773006135,832.1544416666667,3629405.316666667
2024-12-31,LLY,USD,59478,2025-02-19,2025-02-19 10:10:59,2024,Q4,13532800000.0,2403800000.0,11129000000.0,0.8223723102,3022500000,1962800000.0,461700000.0,2424500000.0,0.0,5677500000.0,8081300000.0,44300000.0,224700000.0,484800000.0,6148800000.0,0.4543627335,6143700000.0,0.4539858714,-1105000000.0,5038700000.0,0.3723324072,628900000.0,4409800000.0,0.3258601324,4.88,4.88,900605000,903158000,https://www.sec.gov/Archives/edgar/data/59478/000005947825000067/0000059478-25-000067-index.htm,https://www.sec.gov/Archives/edgar/data/59478/000005947825000067/lly-20241231.htm,15.026343402490548,4.896486250909111,2.746820193092421,1.61358198100166,3.801000438594056,15.84668084232266,2.5927015728315967,15.758406848729464,37.60683096363,695267060000.0,725642860000.0,39.41602000090708,51.37643798770395,281.0522515967337,478.4386595100468,48.98972386045758,48.98972386045758,53.6210436864507,118.0137360135311,293.33125555825046,499.3413570052298,0.0063425987706076,0.002090132099743,2.370628730068137,0.4274184430139656,4.940118397085611,1.1537569687700429,27.341789052069423,0.2804889110617261,0.0016839378238341,0.2654965077781305,0.1450401986285173,0.223346240245921,0.1516434626735217,0.7062818336162988,0.1291085362969969,0.0,0.0,41.66675540041851,0.09695864778156,0.066036422011342,-67.75456498686994,4363100000.0,2335000000.0,-31703600000.0,33402100000.0,6025850000.0,3057550000.0,3729900000.0,0.0,120.88110491721442,0.0,0.0,0.7445332342191662,0.0,0.3107221623297468,1.9400292025915915,2025-02-06,5.03,bmo,,2025-04-30,2024-12-31,0.0576540755467196,828.005625,3680689.796875
2024-09-30,LLY,USD,59478,2024-10-30,2024-10-30 11:54:10,2024,Q3,11439100000.0,2170800000.0,9268300000.0,0.8102298258,2734100000,2099800000.0,0.0,2099800000.0,0.0,4833900000.0,7004700000.0,47800000.0,192700000.0,466800000.0,2247900000.0,0.196510215,4434400000.0,0.3876528748,-2846000000.0,1588400000.0,0.1388570779,618100000.0,970300000.0,0.0848231067,1.08,1.07,901000000,905000000,https://www.sec.gov/Archives/edgar/data/59478/000005947824000245/0000059478-24-000245-index.htm,https://www.sec.gov/Archives/edgar/data/59478/000005947824000245/lly-20240930.htm,12.696004439511654,1.0769145394006658,4.119755826859046,-0.5093229744728079,3.904994450610433,15.894228634850167,2.2364039955604884,15.804661487236404,34.752941176470586,798231940000.0,825982640000.0,205.66627331753068,69.78100899546293,215.0467253966971,-1739.4463717585531,56.05561376404495,56.05561376404495,72.20696033778881,367.4463454780017,222.52286968937744,-1799.918587927653,0.0012155614820424,-0.0005748955623098,2.185372191011236,0.4115986768403413,12.34516659993772,1.2732014541563823,23.011935651271408,3.825517881067711,0.0014663657783475,1.2063279398124291,0.1835633922249128,0.2390135587589932,0.1627589545398634,1.1236294081198308,0.3646091038630661,8.934875749785775,0.0116442727137624,19.569263381205467,0.0511030679739015,0.0153283034128894,-49.94353496115427,6741000000.0,2015000000.0,-29871100000.0,35218500000.0,12565350000.0,2905650000.0,6970650000.0,94.81978477327762,119.67247097844113,309.2786069651741,0.949168996905001,0.7520526589294994,0.2909997587066677,0.0681390449438202,4.629078801331853,2024-10-30,1.47,bmo,12097779593.0,2025-04-25,2024-09-30,-0.1972789115646258,899.0490625,3275258.96875
2024-06-30,LLY,USD,59478,2024-08-08,2024-08-08 11:28:54,2024,Q2,11302800000.0,2170200000.0,9132600000.0,0.8079944792,2711200000,2002900000.0,0.0,2002900000.0,0.0,4828500000.0,6998700000.0,37300000.0,183600000.0,414400000.0,4115200000.0,0.364086775,4304100000.0,0.3807994479,-786900000.0,3517200000.0,0.3111795307,550200000.0,2967000000.0,0.2625013271,3.29,3.28,900900000,904200000,https://www.sec.gov/Archives/edgar/data/59478/000005947824000187/0000059478-24-000187-index.htm,https://www.sec.gov/Archives/edgar/data/59478/000005947824000187/lly-20240630.htm,12.546120546120546,3.293373293373293,1.6274836274836275,0.0703740703740703,3.734043734043734,15.135420135420135,1.3666333666333663,15.053835053835051,32.27394827394827,823755933000.0,849424333000.0,69.4098359453994,72.8806961991719,561.8305367616969,12992.995788643531,60.74000390797818,60.74000390797818,75.1516733021906,206.4114339521773,579.3372889101078,13397.860141955836,0.0036017949991505,7.696454430271156e-05,2.1303642530600206,0.4019767707179706,6.237461119751166,1.113678598292111,23.44281045751634,0.4941691944725311,0.0014232370936987,0.3951466127401415,0.1772038786849276,0.2398697667834519,0.1725820454456916,0.9567589687627882,0.1241108397919099,3.385135135135135,0.0186767880525179,33.39914239027417,0.0727394510629433,0.049890281736323,-46.42612942612943,3083100000.0,1231200000.0,-28035000000.0,30316800000.0,11546250000.0,2699250000.0,6291650000.0,104.1432211487419,121.29388996405862,268.79319878352226,0.8641945102836608,0.7419994529540481,0.3348299004859986,0.218773042324141,1.557109557109557,2024-08-08,2.6,bmo,9981495293.0,2025-04-25,2024-06-30,0.5076923076923077,799.9187301587301,2647590.984126984
2024-03-31,LLY,USD,59478,2024-04-30,2024-04-30 12:04:51,2024,Q1,8768000000.0,1673500000.0,7094500000.0,0.8091354927,2522800000,1836100000.0,116100000.0,1836100000.0,0.0,4358900000.0,6142900000.0,45800000.0,179600000.0,400600000.0,3116300000.0,0.355417427,2735600000.0,0.3119981752,-199500000.0,2536100000.0,0.2892449818,293200000.0,2242900000.0,0.2558052007,2.49,2.48,900800000,903802000,https://www.sec.gov/Archives/edgar/data/59478/000005947824000118/0000059478-24-000118-index.htm,https://www.sec.gov/Archives/edgar/data/59478/000005947824000118/lly-20240331.htm,9.733570159857903,2.489897868561279,1.294404973357016,0.1994893428063943,2.8711145648312613,14.317717584369449,1.3272646536412078,14.223134991119004,29.29729129662522,685103440000.0,708854640000.0,76.36357394444691,78.13679744525547,587.5672727272727,3812.4843628269336,53.472740044644944,53.472740044644944,80.84564781021898,227.46675223823124,607.9370840480275,3944.655759599332,0.0032738121998044,0.0002622961577889,2.045815706904357,0.4099150030886642,7.621602541475467,1.3543749092649249,15.231625835189307,0.519862677783227,0.0017066036042674,0.5212894021133354,0.2094092153284671,0.287728102189781,0.1830021816134556,0.8458833619210978,0.1124885948905109,2.4620569146280578,0.0181797445255474,28.22797289426833,0.0514786228167349,0.0429331357899915,-42.07235235346359,6590700000.0,1195600000.0,-25857300000.0,31916500000.0,10674850000.0,2536250000.0,5937300000.0,102.78455748175182,133.03435912757695,328.1517777113833,0.8756179158136516,0.6765169584023932,0.2742633321315021,0.1750597087151308,1.0949156305506216,2024-04-30,2.46,bmo,8935782453.0,2025-04-25,2024-03-31,0.048780487804878,711.6686885245902,3236386.2622950817
2023-12-31,LLY,USD,59478,2024-02-21,2024-02-21 11:44:37,2023,Q4,9353400000.0,1788000000.0,7565400000.0,0.8088395664,2562700000,1809600000.0,461900000.0,1924600000.0,0.0,4487300000.0,6782900000.0,44500000.0,138200000.0,387700000.0,3034700000.0,0.3244488635,3078100000.0,0.3290888875,-569300000.0,2508800000.0,0.2682233199,319100000.0,2189700000.0,0.2341073834,2.43,2.31,905274629,949379000,https://www.sec.gov/Archives/edgar/data/59478/000005947824000065/0000059478-24-000065-index.htm,https://www.sec.gov/Archives/edgar/data/59478/000005947824000065/lly-20231231.htm,10.332113261952468,2.4188240008657087,-0.344536331858252,-2.168402755491339,3.234046228859905,12.00044677271078,-1.0854164786275038,11.899041080935891,28.017464742182675,527702686736.68,550109386736.6799,60.248285922350085,56.4182742892082,-1691.897039873934,-268.8245984394702,48.98882153906739,48.98882153906739,58.81384167646844,181.27307039795693,-1763.7364114673933,-280.23911703345897,0.0041494956441119,-0.0037198976797696,2.341768861575024,0.3941065176396698,7.383497545062115,0.9426157431155012,22.272793053545588,-0.1424461088783339,0.0019293060762982,0.4649495364661826,0.1934697543139393,0.2739859302499626,0.185080218665975,-5.29368387303623,0.1765240447323967,4.258705184420944,0.0128509419034789,25.447749182623845,0.061594159999522,0.041980444785276,-42.8890292030928,-1566200000.0,-982600000.0,-27415600000.0,23193700000.0,10850000000.0,2516950000.0,5337100000.0,109.078837641927,130.81208053691273,290.5771812080537,0.8250913004357722,0.6880098507003233,0.3097283813747228,0.2032789015865353,1.8238664236330877,2024-02-06,2.22,bmo,8932340000.0,2025-04-25,2023-12-31,0.1216216216216216,583.7014285714287,3244149.587301587
2023-09-30,LLY,USD,59478,2023-11-02,2023-11-02 11:21:53,2023,Q3,9498600000.0,1860100000.0,7638500000.0,0.804171141,2409100000,1803900000.0,0.0,1803900000.0,0.0,4213000000.0,8932700000.0,48900000.0,124600000.0,411000000.0,962800000.0,0.101362306,450400000.0,0.0474175142,-23200000.0,427200000.0,0.044975049,484600000.0,-57400000.0,-0.0060429958,-0.0638,-0.0638,899800000,899800000,https://www.sec.gov/Archives/edgar/data/59478/000005947823000284/0000059478-23-000284-index.htm,https://www.sec.gov/Archives/edgar/data/59478/000005947823000284/lly-20230930.htm,10.556345854634364,-0.0637919537675038,2.4333185152256056,-2.013447432762836,2.7716159146476995,12.566570348966437,0.4895532340520115,12.469882196043566,22.552678372971773,483309574000.0,501097074000.0,-2105.0068554006966,50.88219042806308,220.7397003882165,-266.7713054037644,43.07418398631065,43.07418398631065,52.75483481776262,520.4581159119235,228.86370130166705,-276.58943202516974,-0.0001187644588228,-0.0037485290949357,1.7974671134718905,0.3482366551268658,18.474761113419195,1.045858297497068,3.6147672552166936,-38.14459930313589,0.0021025861159539,-17.70383275261324,0.1899121975870128,0.2536268502726718,0.1876337077293643,1.8274491893126288,0.4212410249931569,9.735279805352798,0.0226980818225843,,-0.0015857981359577,-0.0012200150482692,-37.664647699488775,1008800000.0,440500000.0,-23601100000.0,23738900000.0,9767600000.0,2454650000.0,4850050000.0,98.19783968163728,117.82108488790928,237.1517660340842,0.9165171076246164,0.7638700669377028,0.379503815236463,-0.0051156821503689,4.446765947988442,2023-11-02,-0.08,bmo,8954140000.0,2025-04-25,2023-09-30,-2.25,515.2939682539683,2793781.031746032
2023-06-30,LLY,USD,59478,2023-08-08,2023-08-08 13:23:19,2023,Q2,8312100000.0,1807400000.0,6504700000.0,0.7825579577,2356500000,1925400000.0,0.0,1925400000.0,0.0,4281900000.0,6089300000.0,46000000.0,120300000.0,366300000.0,2575500000.0,0.3098494965,2222800000.0,0.2674173795,-133900000.0,2088900000.0,0.2513083336,325700000.0,1763200000.0,0.2121244932,1.96,1.95,899700000,902700000,https://www.sec.gov/Archives/edgar/data/59478/000005947823000221/0000059478-23-000221-index.htm,https://www.sec.gov/Archives/edgar/data/59478/000005947823000221/lly-20230630.htm,9.238746248749584,1.9597643658997443,0.7023452261865066,-0.227186840057797,3.144492608647327,12.392241858397243,0.1855062798710681,12.297210181171502,21.05179504279204,421941306000.0,438066806000.0,59.82606992967333,50.76229905799978,667.7343028960279,-2064.2921037181995,38.13710533451436,38.13710533451436,52.70230218596985,170.09000427101537,693.2533723690458,-2143.183982387476,0.0041787802590723,-0.0004844275663307,1.7010430412697264,0.3433429415842668,6.261114346728791,1.1277610362146444,18.47714048212801,0.3583824863883847,0.0024121838405647,0.5772459165154264,0.2316382141697044,0.2835023640235319,0.2003575728828401,1.3234689033074851,0.1006123602940291,2.283101283101283,0.019429506382262,23.286085373960727,0.0513181510850951,0.0402266857700836,-35.0758030454596,2416600000.0,166900000.0,-22333100000.0,24676400000.0,9096750000.0,2245050000.0,4671750000.0,99.30414696647055,123.20349673564236,238.9526391501604,0.9063065617026844,0.7304987470697599,0.3766436743284639,0.1593665829100309,0.9295320662443036,2023-08-08,1.98,bmo,7582400000.0,2025-04-25,2023-06-30,0.0656565656565656,419.37,3041076.4032258065
2023-03-31,LLY,USD,59478,2023-04-27,2023-04-27 11:56:56,2023,Q1,6960000000.0,1626700000.0,5333300000.0,0.7662787356,1985100000,1749200000.0,0.0,1749200000.0,0.0,3734300000.0,5361000000.0,34200000.0,102800000.0,362300000.0,1994800000.0,0.2866091954,1599000000.0,0.2297413793,-69300000.0,1529700000.0,0.2197844828,184800000.0,1344900000.0,0.1932327586,1.49,1.49,901000000,903300000,https://www.sec.gov/Archives/edgar/data/59478/000005947823000162/0000059478-23-000162-index.htm,https://www.sec.gov/Archives/edgar/data/59478/000005947823000162/lly-20230331.htm,7.724750277469479,1.4926748057713652,1.920754716981132,0.9179800221975584,4.072475027746948,12.535960044395116,0.1495005549389567,12.419977802441732,21.07258601553829,309421420000.0,324759120000.0,57.51755149081716,44.45710057471264,178.79430255402752,374.1040019344698,27.650613025450387,27.650613025450387,46.66079310344828,162.80284740324845,187.65695134635388,392.6479506710192,0.0043464993470717,0.0026730534686318,1.6874821275378895,0.3552019261516468,7.688840986565069,1.2999000624609618,15.554474708171206,1.286787121719087,0.0032874259319215,0.7563387612461893,0.2513218390804598,0.2852155172413793,0.2099241953990557,0.3862822142609499,0.0960488505747126,1.8451559481093016,0.0188505747126436,20.42369283366132,0.037835725641046,0.0320192939518317,-32.363845726970034,4801400000.0,134700000.0,-21056700000.0,26507800000.0,8790500000.0,1973250000.0,4427250000.0,116.66508620689656,111.53316530398968,251.44894571832543,0.771439021957194,0.8069348678009822,0.357925541277944,0.1201833714612525,0.741953385127636,2023-04-27,1.73,bmo,7550980000.0,2025-04-25,2023-03-31,-0.0635838150289016,337.25903225806456,3185708.5
2022-12-31,LLY,USD,59478,2023-02-22,2023-02-22 10:26:53,2022,Q4,7301800000.0,1548100000.0,5753700000.0,0.7879837848,1995900000,1550300000.0,0.0,1550300000.0,0.0,3639100000.0,5334400000.0,25500000.0,84000000.0,375000000.0,2555400000.0,0.3499685009,1967400000.0,0.269440412,129000000.0,2096400000.0,0.2871072886,158700000.0,1937700000.0,0.2653729217,2.04,2.04,950182000,950182000,https://www.sec.gov/Archives/edgar/data/59478/000005947823000082/0000059478-23-000082-index.htm,https://www.sec.gov/Archives/edgar/data/59478/000005947823000082/lly-20221231.htm,7.684633049247408,2.039293524819456,1.6625236007417523,1.077793517452446,2.327764575628669,11.340353742756651,-0.5306351835753571,11.208168540342797,17.178393192041103,347614582880.0,361786182880.0,44.84886500490271,47.606697373250434,220.05101150851428,339.43421822087686,32.64047990384796,32.64047990384796,49.54753387931743,141.57712408233544,229.02208196493004,353.27231996875304,0.0055742770741839,0.0029460789346502,1.5247798080715131,0.3281201378869989,5.545746262815998,1.0522983743917098,23.42142857142857,0.8152448779480828,0.0025441970606431,0.4564174020746245,0.2123175107507738,0.2733435591224081,0.2279176719243157,0.3517123504462873,0.0760908269193897,1.4816,0.0127228902462406,22.67767127400076,0.0537169990891665,0.0507115900989788,-29.39286894510736,896300000.0,-504200000.0,-20679900000.0,22319900000.0,8441850000.0,1806900000.0,4070400000.0,105.4946725464954,112.23693559847554,250.5477682320264,0.853123649067053,0.8018750647467109,0.359212938255563,0.1819470788183815,0.5847300832893066,2023-02-02,1.78,bmo,7332491349.0,2025-04-25,2022-12-31,0.1741573033707864,354.5571428571428,2834860.936507937
2022-09-30,LLY,USD,59478,2022-11-01,2022-11-01 11:16:21,2022,Q3,6941600000.0,1579100000.0,5362500000.0,0.7725164227,1802900000,1614200000.0,0.0,1614200000.0,0.0,3417100000.0,4996200000.0,20100000.0,81500000.0,362900000.0,2009900000.0,0.2895441973,1945400000.0,0.2802523914,-379900000.0,1565500000.0,0.2255243748,113800000.0,1451700000.0,0.2091304598,1.61,1.61,900700000,903800000,https://www.sec.gov/Archives/edgar/data/59478/000005947822000250/0000059478-22-000250-index.htm,https://www.sec.gov/Archives/edgar/data/59478/000005947822000250/lly-20220930.htm,7.706894637504163,1.6117464194515376,2.4256689241700897,1.7370933718219164,3.04440990340846,11.28666592650161,-0.9434883979127344,11.180304207838349,17.73054291106917,291241345000.0,304512345000.0,50.15522232554936,41.95593883254581,133.30343509703408,186.14428288380412,28.921395517422862,28.921395517422862,43.86774590872422,151.50621672720035,139.37767530208714,194.6263230218586,0.0049845258062518,0.0053721768109538,1.577779763855374,0.3347639665834413,6.602816060500523,1.1269485331697844,23.86993865030675,1.5049941447957569,0.003029102890594,0.6077013156988359,0.2325400484038262,0.2597239829434136,0.2320975948927025,0.2984712559502014,0.093940878183704,1.7969137503444474,0.0122594214590296,20.13568582630485,0.0537647309099364,0.0398317501605123,-29.30426335072721,1987100000.0,-849800000.0,-19655700000.0,22314100000.0,7998600000.0,1671250000.0,3865250000.0,107.93361760977297,95.93312646444176,218.3515926793743,0.8338458581587546,0.9381535171102662,0.4121792696614549,0.144159442309411,0.7239924503164206,2022-11-01,1.92,bmo,6887838354.0,2025-04-25,2022-09-30,0.03125,316.8346875,2715878.4375
2022-06-30,LLY,USD,59478,2022-08-04,2022-08-04 11:31:24,2022,Q2,6488000000.0,1430500000.0,5057500000.0,0.7795160296,1781900000,1530800000.0,94300000.0,1625100000.0,0.0,3407000000.0,4837500000.0,10200000.0,81200000.0,348900000.0,1521000000.0,0.234432799,1744800000.0,0.2689272503,-653900000.0,1090900000.0,0.1681411837,138400000.0,952500000.0,0.1468094945,1.06,1.05,900300000,902900000,https://www.sec.gov/Archives/edgar/data/59478/000005947822000196/0000059478-22-000196-index.htm,https://www.sec.gov/Archives/edgar/data/59478/000005947822000196/lly-20220630.htm,7.2064867266466734,1.0579806731089636,0.9115850272131512,0.4106408974786182,3.0397645229367987,9.618127290903033,-3.032655781406198,9.490947461957123,18.765966899922248,291904269000.0,306095169000.0,76.61529370078742,44.991410141800245,355.67718898501283,789.5706491750068,34.16202663639449,34.16202663639449,47.17866353267571,201.24600197238652,372.9684038016328,827.9555558560995,0.0032630560808961,0.0012665111108738,1.967746088218428,0.3572569884156758,9.329980276134124,1.0956813438664328,21.48768472906404,0.8616272965879265,0.0030273623713259,0.9277690288713912,0.2359432799013563,0.2746454993834772,0.2420023117653558,0.991348848543926,0.1254007398273736,2.3319002579535684,0.014195437731196,15.030897416504184,0.0453880611635789,0.0267000428882578,-31.06042430301011,1494600000.0,-2730300000.0,-21289200000.0,22012300000.0,7739050000.0,1546300000.0,3896200000.0,106.42971639950676,104.39496679482698,245.33100314575324,0.8456284865231218,0.8621105285361297,0.3668513104580191,0.1114726087516238,0.9036987670776409,2022-08-04,1.69,bmo,6848884427.0,2025-04-25,2022-06-30,-0.2603550295857988,300.1693548387097,3097561.2580645164
2022-03-31,LLY,USD,59478,2022-04-29,2022-04-29 11:57:54,2022,Q1,7810000000.0,2072100000.0,5737900000.0,0.7346862996,1610100000,1557900000.0,0.0,1557900000.0,0.0,3168000000.0,5240100000.0,7000000.0,84900000.0,435700000.0,2574200000.0,0.329603073,2663200000.0,0.3409987196,-609600000.0,2053600000.0,0.2629449424,150700000.0,1902900000.0,0.2436491677,2.11,2.1,903700000,906400000,https://www.sec.gov/Archives/edgar/data/59478/000005947822000133/0000059478-22-000133-index.htm,https://www.sec.gov/Archives/edgar/data/59478/000005947822000133/lly-20220331.htm,8.642248533805466,2.105676662609273,2.765519530817749,1.816974659732212,2.841982958946553,10.470288812659067,-2.116189000774593,10.325107889786434,18.361956401460663,258792569000.0,272842169000.0,33.99975944610857,33.136052368758,103.55016365236877,157.6081419001218,27.735303403781025,27.735303403781025,34.93497682458387,105.99105314272396,109.1718025768246,166.1645365408039,0.007352993199739,0.0063448498785913,1.769280233206156,0.3518552067059824,5.457850982829617,1.267346481398476,31.36866902237927,1.313363813127332,0.0034216592981075,0.465342372168795,0.1994750320102432,0.2061587708066581,0.2424247591076593,0.3429897567221511,0.1097567221510883,1.9674087675005736,0.0129321382842509,22.11741669488186,0.0707315021255267,0.0535351063021699,-29.974798052451035,3578700000.0,-1912400000.0,-20492600000.0,24055800000.0,7966450000.0,1551950000.0,3889500000.0,89.9504481434059,62.25423483422615,169.0893296655567,1.0005508794855045,1.445684783367055,0.5322630362188544,0.2039374973207013,0.9485448710855372,2022-04-28,2.32,bmo,7287116783.0,2025-04-25,2022-03-31,0.1293103448275863,257.3582258064516,2941828.306451613
2021-12-31,LLY,USD,59478,2022-02-23,2022-02-23 11:00:57,2021,Q4,7999900000.0,2050200000.0,5949700000.0,0.7437217965,1959400000,319400000.0,1200000000.0,1519400000.0,-3300000.0,3551400000.0,6001000000.0,7400000.0,81400000.0,445700000.0,2367000000.0,0.2958786985,1998900000.0,0.2498656233,-159000000.0,1839900000.0,0.2299903749,113800000.0,1726100000.0,0.2157651971,1.81,1.81,908473684,909555000,https://www.sec.gov/Archives/edgar/data/59478/000005947822000068/0000059478-22-000068-index.htm,https://www.sec.gov/Archives/edgar/data/59478/000005947822000068/lly-20211231.htm,8.805868723435692,1.900000000440299,2.373761659781881,1.9398470545020208,4.302381091316234,10.077121837686605,-2.6738253873295466,9.88383060306676,18.675389610955424,250938600994.48,264004800994.48,36.34473683368287,31.367717220775265,116.36383074170185,142.39266923593033,27.946654601131502,27.946654601131502,33.001012636967964,111.53561512229828,122.42281520727104,149.80695738210295,0.0068785750504681,0.0070228334461734,1.8804236457590875,0.3459554153177888,5.520152091254753,1.2258531691988812,24.556511056511056,1.2493482417009445,0.0030816303148873,0.448004171253114,0.0399254990687383,0.24492806160077,0.2373458181371142,0.1827961975423139,0.0492756159451993,0.8844514247251515,0.0094126176577207,20.555625954444206,0.0531363174573337,0.0463729880904086,-30.49532472753498,3399700000.0,-2429100000.0,-21198800000.0,23968700000.0,7576100000.0,1618700000.0,3896700000.0,91.43214290178628,73.33625987708517,170.58823529411765,0.9843365488729204,1.2272237519454088,0.5275862068965518,0.1922331610833927,0.4339146052798597,2022-02-03,2.51,bmo,7687478579.0,2025-04-25,2021-12-31,-0.0079681274900396,253.50203125,2956526.84375
2021-09-30,LLY,USD,59478,2021-10-27,2021-10-27 09:06:59,2021,Q3,6772800000.0,1430800000.0,5342000000.0,0.7887432081,1708900000,1577900000.0,0.0,1577900000.0,0.0,3286800000.0,4717600000.0,7000000.0,83600000.0,382300000.0,1711200000.0,0.2526576894,2131400000.0,0.3146999764,-886100000.0,1245300000.0,0.1838678242,135200000.0,1110100000.0,0.1639056225,1.22,1.22,906700000,910800000,https://www.sec.gov/Archives/edgar/data/59478/000005947821000216/0000059478-21-000216-index.htm,https://www.sec.gov/Archives/edgar/data/59478/000005947821000216/lly-20210930.htm,7.469725377743465,1.224329987868093,1.7991617955222234,1.2966802691077537,4.218925774787691,8.772581890371677,-4.210543730009926,8.555200176464101,18.93570089334951,209493035000.0,222790235000.0,47.17886564273489,30.931525366170565,128.4209127689573,178.18579144339543,27.00696596622405,27.00696596622405,32.89484924994094,130.19532207234417,136.57220315086127,189.4958195117802,0.0052989828516255,0.0056121197537665,2.2025783163594173,0.3545645090999647,7.770687241567723,1.301586025434878,25.495215311004785,1.4695072515989551,0.0036774492288013,0.6939915322943879,0.2329760217339948,0.252318095913064,0.2442941042189802,0.2792864586526083,0.0672690763052208,1.191734240125556,0.0133032128514056,15.351668732937034,0.0526782106954821,0.0304845229464619,-32.18832028234256,4126300000.0,-3817700000.0,-22424600000.0,24818500000.0,6963900000.0,1582300000.0,3866150000.0,93.35134656272147,98.55465473860777,245.78277886497065,0.964099644128114,0.9131988766913454,0.3661769974919384,0.1431094495294572,0.5024815264144701,2021-10-26,1.98,bmo,6570710000.0,2025-04-25,2021-09-30,-0.0202020202020202,246.810625,2588893.84375
2021-06-30,LLY,USD,59478,2021-08-03,2021-08-03 12:04:04,2021,Q2,6740100000.0,1953200000.0,4786900000.0,0.7102120147,1672800000,1614600000.0,71100000.0,1685700000.0,0.0,3358500000.0,5311700000.0,5400000.0,86900000.0,369300000.0,2050100000.0,0.3041646266,1428400000.0,0.2119256391,165500000.0,1593900000.0,0.2364801709,203700000.0,1390200000.0,0.2062580674,1.53,1.53,907300000,910400000,https://www.sec.gov/Archives/edgar/data/59478/000005947821000171/0000059478-21-000171-index.htm,https://www.sec.gov/Archives/edgar/data/59478/000005947821000171/lly-20210630.htm,7.428744626915023,1.5322385098644329,1.9569051030530145,1.3713215033616224,3.6054226826848894,7.344318307064918,-5.738013887358095,7.102832580182961,18.298247547668907,208243496000.0,221538596000.0,37.4484779168465,30.896202726962507,117.28724077724586,167.37140009644753,32.31386878530197,32.31386878530197,32.86874022640614,108.06233647139165,124.77532863981978,178.0570615656647,0.006675838749845,0.0059747364210597,2.5627056048662404,0.3454391432575456,6.485098287888396,1.1459133914610553,16.43728423475259,1.2771543662782334,0.0036894309534642,0.5526542943461372,0.23955134196822,0.2481862286909689,0.2482712459997071,0.2992396508025908,0.0788267236391151,1.4386677497969131,0.0136348125398732,15.648410660214408,0.0361175862791819,0.0386817809980133,-33.930067232447925,2202300000.0,-5206100000.0,-23850000000.0,22927400000.0,6780700000.0,1618700000.0,3742850000.0,92.17251969555348,73.6237968462011,176.24462420643047,0.976429854551776,1.2224308424083117,0.5106538733038772,0.2157221773943268,0.5855835996913921,2021-08-03,1.89,bmo,6740100000.0,2025-04-25,2021-06-30,-0.0105820105820104,200.8715873015873,3485123.3492063493
2021-03-31,LLY,USD,59478,2021-04-30,2021-04-30 09:23:35,2021,Q1,6805600000.0,1878600000.0,4927000000.0,0.723962619,1684800000,1576000000.0,0.0,1576000000.0,0.0,3260800000.0,5139400000.0,5500000.0,87800000.0,350300000.0,1914500000.0,0.2813124486,1752300000.0,0.2574791348,-275900000.0,1476400000.0,0.2169389914,121100000.0,1355300000.0,0.1991448219,1.49,1.49,908800000,912400000,https://www.sec.gov/Archives/edgar/data/59478/000005947821000122/0000059478-21-000122-index.htm,https://www.sec.gov/Archives/edgar/data/59478/000005947821000122/lly-20210331.htm,7.488556338028169,1.4913072183098592,1.867737676056338,1.3262544014084507,3.3576144366197185,7.811729753521127,-5.354203345070423,7.59099911971831,17.927266725352112,169782016000.0,182984116000.0,31.31816129270272,24.94739861290702,100.02475315187934,140.8628689952709,24.610726078826445,24.610726078826445,26.887286352415657,95.57801828153563,107.80258984328974,151.81624159960177,0.0079825886859536,0.0070991028873164,2.348920811167321,0.3459668689939643,6.895847479759729,1.4174676887879667,19.95785876993166,1.2524164391647603,0.0045634986452275,0.5716815465210654,0.2315739978840954,0.2475608322557893,0.2554576062752064,0.2899139860963827,0.0723080992124133,1.404795889237796,0.012563183260844,15.959684053324592,0.0457903618677913,0.0388637660546381,-32.86009022887324,4890300000.0,-4865900000.0,-23134500000.0,25485600000.0,6793800000.0,1623150000.0,3820550000.0,88.0560126954273,78.54998403066114,175.38166719897796,1.0220767128225152,1.145767260307392,0.5131665209790209,0.1964573035499442,0.5414832746478874,2021-04-27,2.13,bmo,7636330516.0,2025-04-25,2021-03-31,-0.1220657276995304,195.6096721311476,4479669.426229509
2020-12-31,LLY,USD,59478,2021-02-17,2021-02-17 10:59:12,2020,Q4,7440000000.0,1719800000.0,5720200000.0,0.768844086,1838000000,1553900000.0,0.0,1553900000.0,0.0,3391900000.0,5420700000.0,5800000.0,89200000.0,367500000.0,2925800000.0,0.3932526882,2328300000.0,0.3129435484,140800000.0,2469100000.0,0.3318682796,352300000.0,2116800000.0,0.284516129,2.21,2.21,907892191,912591000,https://www.sec.gov/Archives/edgar/data/59478/000005947821000083/0000059478-21-000083-index.htm,https://www.sec.gov/Archives/edgar/data/59478/000005947821000083/lly-20201231.htm,8.194805587880643,2.3315543640357186,1.999356331064643,1.0967161187974137,4.054776587454975,6.416180310554076,-5.938260129830767,6.2139536565305695,18.37718196653153,153288517528.44,166226717528.44,18.10380261815476,20.603295366725806,84.44717801258264,153.95050469864418,27.171107049142087,27.171107049142087,22.34230074306989,56.81410811690478,91.57487743964302,166.94457921908204,0.0138092535183352,0.0064955941648745,2.9415945830969936,0.3558695433072217,4.4221067742156,1.3990273682861172,26.10201793721973,0.8575207860922147,0.0043708427141367,0.3165154950869236,0.2088575268817204,0.2470430107526881,0.2405265787605799,0.4514654032613486,0.1101478494623656,2.229931972789116,0.0118010752688172,18.05502263168036,0.0584332014011268,0.0597685830938034,-32.97715334132663,4980500000.0,-5391300000.0,-23345800000.0,24878900000.0,6386900000.0,1518400000.0,3767850000.0,83.81854838709677,84.08128852192115,208.29573206186768,1.0737480155866648,1.0703927304412773,0.4320779840715524,0.3752127056154282,0.9026402122672296,2021-01-29,2.35,bmo,6173617021.0,2025-04-25,2020-12-31,0.1702127659574467,149.30796875,4048916.984375
2020-09-30,LLY,USD,59478,2020-10-28,2020-10-28 10:57:01,2020,Q3,5740600000.0,1326400000.0,4414200000.0,0.7689440128,1465400000,1569100000.0,0.0,1569100000.0,0.0,3034500000.0,4360900000.0,5800000.0,89600000.0,358400000.0,1885200000.0,0.3283977285,1493700000.0,0.2601992823,-56500000.0,1437200000.0,0.2503571055,228800000.0,1208400000.0,0.2105006445,1.33,1.33,907200000,911400000,https://www.sec.gov/Archives/edgar/data/59478/000005947820000155/0000059478-20-000155-index.htm,https://www.sec.gov/Archives/edgar/data/59478/000005947820000155/lly-20200930.htm,6.327821869488536,1.332010582010582,1.9914021164021165,1.5338403880070546,4.001653439153439,5.50705467372134,-6.965388007054674,5.3206569664903,18.75187389770723,134283744000.00002,147610544000.0,27.78131082423039,23.39193533776957,74.32953835934906,96.50287028386634,27.819872796204606,27.819872796204606,25.713434832595897,78.29967324421813,81.7062681279752,106.08016097736255,0.0089988554385257,0.0103623860830094,3.5057904659305144,0.3850657625267373,7.069170379800552,1.3559351752122837,16.670758928571427,1.4950347567030784,0.0050013499772541,0.5557762330354188,0.2733337978608507,0.25526948402606,0.2574750830564784,0.2297686261485663,0.0723095146848761,1.158203125,0.012489983625405,12.627800921332328,0.0385760579440149,0.0370322699273696,-32.14109347442681,4263000000.0,-6319000000.0,-22710100000.0,23859100000.0,5810200000.0,1338650000.0,3434650000.0,91.63362714698812,97.03633896260554,241.24396863691192,0.9821721872433616,0.9274875882805398,0.3730663216515723,0.2503470136112204,0.4575617283950617,2020-10-27,1.71,bmo,6373636363.0,2025-04-25,2020-09-30,-0.0994152046783625,154.768125,3035329.5
2020-06-30,LLY,USD,59478,2020-07-31,2020-07-31 12:02:43,2020,Q2,5499400000.0,1222000000.0,4277400000.0,0.7777939412,1390200000,1412700000.0,35900000.0,1448600000.0,0.0,2838800000.0,4060800000.0,7100000.0,88300000.0,324400000.0,2056400000.0,0.3739317016,1474500000.0,0.2681201586,169200000.0,1643700000.0,0.2988871513,231700000.0,1412000000.0,0.2567552824,1.56,1.55,907200000,910900000,https://www.sec.gov/Archives/edgar/data/59478/000005947820000131/0000059478-20-000131-index.htm,https://www.sec.gov/Archives/edgar/data/59478/000005947820000131/lly-20200630.htm,6.061948853615521,1.556437389770723,2.750661375661376,2.173941798941799,2.632164902998236,4.708994708994709,-7.896494708994709,4.511574074074074,18.095789241622576,148944096000.0,162907196000.0,26.371121813031163,27.08369931265229,59.687463332531856,75.52180103437786,36.39084658799384,36.39084658799384,29.6227217514638,79.2196051351877,65.28299911837782,82.60176249873238,0.0094800669373292,0.013241209641502,3.9893962715922697,0.3890723663831105,6.7900700252869095,1.2163239771447638,16.698754246885617,1.7672804532577904,0.0045265305447219,0.4774787535410765,0.2568825690075281,0.2527912135869367,0.2724926728143541,0.2096657850444818,0.0951376513801505,1.6128236744759556,0.0139651598356184,12.569590603961815,0.0405428169083267,0.0462476212935577,-32.317515432098766,2593400000.0,-7163700000.0,-23113100000.0,22010200000.0,6064050000.0,1227450000.0,3208150000.0,94.52012946866932,91.85597381342062,244.06792144026187,0.9521781286792714,0.9797947402180884,0.3687498114004647,0.3449876615602629,0.5767195767195767,2020-07-30,1.56,bmo,4539187301.0,2025-04-25,2020-06-30,0.2115384615384614,153.49920634920636,3856859.904761905
2020-03-31,LLY,USD,59478,2020-05-01,2020-05-01 09:46:45,2020,Q1,5859800000.0,1215100000.0,4644700000.0,0.792637974,1392100000,1505000000.0,44600000.0,1549600000.0,0.0,2941700000.0,4156800000.0,14300000.0,92500000.0,273600000.0,2046000000.0,0.3491586744,1747600000.0,0.2982354347,-67700000.0,1679900000.0,0.2866821393,223400000.0,1456500000.0,0.2485579713,1.6,1.6,908200000,911700000,https://www.sec.gov/Archives/edgar/data/59478/000005947820000104/0000059478-20-000104-index.htm,https://www.sec.gov/Archives/edgar/data/59478/000005947820000104/lly-3312020x10q.htm,6.45210306099978,1.60372164721427,0.4210526315789473,0.1223298832856199,1.9570579167584232,3.520369962563312,-9.192468619246862,3.390002202158115,19.073772296850915,125985504000.0,141516804000.0,21.62470030895983,21.49996655175945,329.46000000000004,1133.9829342934293,40.92032740028582,40.92032740028582,24.150449503396025,69.16754838709677,370.0753242677824,1273.7786138613862,0.0115608538582343,0.0008818474861996,5.596433675457971,0.4192001518144749,7.591055718475073,1.109752422641988,18.892972972972977,0.2625472021970477,0.0053283907964522,0.4608994164092001,0.2568347042561179,0.2375678350796955,0.2809005712506204,0.6754707112970711,0.0440800027304686,0.944078947368421,0.012252977917335,11.060015737030524,0.0477368725232187,0.0492776668809419,-32.826057035895175,1384000000.0,-8348600000.0,-23911400000.0,20827700000.0,5947000000.0,1306500000.0,3146550000.0,97.56732311682993,89.4518969632129,229.78849477409264,0.922439984258166,1.006127349507328,0.3916645177926766,0.4730739249058074,0.2844087205461352,2020-04-23,1.48,bmo,4955716571.0,2025-04-25,2020-03-31,0.1824324324324324,137.39903225806452,4839447.354838709
2019-12-31,LLY,USD,59478,2020-02-19,2020-02-19 12:33:26,2019,Q4,6114000000.0,1282600000.0,4831400000.0,0.7902191691,1581400000,546100000.0,1100000000.0,1698100000.0,0.0,3279500000.0,4510100000.0,13200000.0,95900000.0,340700000.0,2099700000.0,0.3434249264,1603900000.0,0.262332352,59200000.0,1663100000.0,0.2720150474,167400000.0,1495700000.0,0.2446352633,1.56,1.56,957526000,957526000,https://www.sec.gov/Archives/edgar/data/59478/000005947820000057/0000059478-20-000057-index.htm,https://www.sec.gov/Archives/edgar/data/59478/000005947820000057/lly-20191231x10xk.htm,6.38520520591608,1.562046356965764,2.0508059311183198,1.709823023082402,2.546667140108989,2.818826851699066,-7.9353458809473585,2.722537038158755,16.605084352800866,125847642180.0,139314042180.0,21.03490709701143,20.58352014720314,64.08700014258798,76.86760455655998,48.27482534044268,48.27482534044268,22.786071668302256,66.34949858551222,70.94466679227988,85.09286720009773,0.0118850061398901,0.0130093815953922,6.062334573631516,0.4022771412789765,6.413487641091584,1.1642774645016645,16.724713242961418,1.3128969713177776,0.0046659594874262,0.3925920973457244,0.0893195943735688,0.2586522734707229,0.262113062889928,0.1662677598411162,0.0534020281321557,0.9583211036102144,0.0133464180569185,9.7819427466432,0.0497224700219798,0.0515959667042675,-29.656662064528795,1934400000.0,-7598300000.0,-22877400000.0,20636800000.0,5539700000.0,1260100000.0,3146000000.0,81.57262021589794,98.60985498206767,223.89131451738652,1.103311377785798,0.9126876823454066,0.4019807565737925,0.5737465955732863,0.3409829080359176,2020-01-30,1.52,bmo,5371838150.0,2025-04-25,2019-12-31,0.1381578947368421,115.91484375,3224822.390625
2019-09-30,LLY,USD,59478,2019-10-25,2019-10-25 11:54:53,2019,Q3,5476600000.0,1175000000.0,4301600000.0,0.7854508272,1380900000,1360100000.0,52200000.0,1412300000.0,0.0,2793200000.0,3968200000.0,17300000.0,107400000.0,288000000.0,1801200000.0,0.3288901873,1560600000.0,0.2849578205,-154800000.0,1405800000.0,0.2566921082,151900000.0,1253900000.0,0.2289559216,1.37,1.37,913900000,918500000,https://www.sec.gov/Archives/edgar/data/59478/000005947819000278/0000059478-19-000278-index.htm,https://www.sec.gov/Archives/edgar/data/59478/000005947819000278/lly-9302019x10q.htm,5.9925593609804135,1.3720319509793193,1.652368968158442,1.2791333843965422,1.8087318087318087,3.788488893752051,-7.658934237881606,3.701170806433964,17.30812999234052,102201437000.0,116348137000.0,20.376712058377866,18.66147555052405,67.67858883517647,87.42637895637297,30.21476334072431,30.21476334072431,21.2445928130592,64.59479069509216,77.0466439308655,99.52791873396065,0.0122689077258277,0.0114381953357466,4.644641537324464,0.4146005473291971,7.854041749944481,1.1692924293075744,14.53072625698324,1.204322513757078,0.0057474730027523,0.4684584097615439,0.2483475148814958,0.2521454917284446,0.2760872032111387,0.2258790808555724,0.0622831683891465,1.184375,0.0137859255742614,10.689144191904893,0.0486234785842531,0.0457105569185565,-29.62438450596345,1833200000.0,-6999500000.0,-21769000000.0,20632200000.0,5563950000.0,1156900000.0,3141200000.0,91.00737683964503,85.39659574468085,237.5463829787234,0.9889308221528016,1.0539061799264509,0.3788733756811659,0.3707021433850702,0.3732355837618995,2019-10-23,1.41,bmo,5217571621.0,2025-04-25,2019-09-30,0.049645390070922,111.34140625,3653177.375
2019-06-30,LLY,USD,59478,2019-08-02,2019-08-02 12:47:25,2019,Q2,5636700000.0,1124900000.0,4511800000.0,0.8004328774,1402200000,1536500000.0,49800000.0,1586300000.0,0.0,2988500000.0,4113400000.0,19400000.0,110900000.0,247400000.0,1824200000.0,0.3236290737,1573100000.0,0.2790817322,-107200000.0,1465900000.0,0.2600635123,138700000.0,1327200000.0,0.2354569163,1.44,1.44,920800000,924600000,https://www.sec.gov/Archives/edgar/data/59478/000005947819000232/0000059478-19-000232-index.htm,https://www.sec.gov/Archives/edgar/data/59478/000005947819000232/lly-6302019x10q.htm,6.121524761077324,1.4413553431798436,1.1419417897480453,0.8321025195482189,2.5715682015638577,3.103062554300608,-8.19874022589053,3.019656820156386,17.811033883579498,103810992000.0,117810292000.0,19.55451175406872,18.416980147958917,98.72657346647644,135.48811276429132,37.33536845891027,37.33536845891027,20.90057870739972,64.58189452910865,112.04022063718496,153.75919081179848,0.0127847733118666,0.0073807213016517,5.858478690882935,0.4212830778143298,7.674213353798925,1.1348836816977916,14.184851217312897,0.7922694394213382,0.0057604689877156,0.4505726341169379,0.272588571327195,0.2487625738463995,0.2691406492458568,0.2713266761768901,0.0506147213795305,1.1531932093775263,0.0141039970195327,9.895906531328594,0.0493170607931048,0.0469644051423051,-30.03708731537793,1599100000.0,-7549400000.0,-22354600000.0,20398800000.0,5384000000.0,1183500000.0,3118150000.0,89.25435095002395,95.9205262690017,254.5106231665037,1.0083542039355993,0.9382767536908831,0.3536198170444186,0.4773242222621831,0.3098392701998262,2019-07-30,1.45,bmo,5448810000.0,2025-04-25,2019-06-30,0.0344827586206896,117.76,4697274.349206349
2019-03-31,LLY,USD,59478,2019-05-02,2019-05-02 14:09:01,2019,Q1,5092200000.0,1138700000.0,3953500000.0,0.7763834885,1230500000,1461200000.0,55900000.0,1517100000.0,0.0,2747600000.0,3886300000.0,30600000.0,86500000.0,356500000.0,1174100000.0,0.2305683202,1261800000.0,0.2477907388,-530700000.0,731100000.0,0.1435725227,170000000.0,4241600000.0,0.8329602137,4.33,4.31,979900000,984000000,https://www.sec.gov/Archives/edgar/data/59478/000005947819000174/0000059478-19-000174-index.htm,https://www.sec.gov/Archives/edgar/data/59478/000005947819000174/lly-3312019x10q.htm,5.196652719665272,4.328604959689764,0.3176854781100112,-0.091131748137565,2.180936830288805,2.617614042249209,-8.09511174609654,2.5311766506786406,16.899479538728443,126456095000.00002,140892995000.0,7.453325101376839,24.833293075684384,406.2193864439448,-1416.0816909294515,50.984193444341415,50.984193444341415,27.66839381799615,120.00084745762712,452.5955509155155,-1577.749104143337,0.0335420764020903,-0.0007061739491481,6.641656251259929,0.4334303335192649,12.296141725577035,1.1211630369968228,14.58728323699422,0.0733921161825726,0.0050389030279639,0.1502263296869106,0.2869486665881151,0.2416440831074977,0.2761979435258954,1.2868615483456474,0.0786693374180118,1.123702664796634,0.0148855111739523,15.700969256371277,0.0332490412753575,0.154187295978829,-28.46576181242984,1361400000.0,-7932400000.0,-22844300000.0,20185300000.0,5477400000.0,1187600000.0,3076650000.0,91.51643690349948,92.32370246772636,241.47536664617547,0.9834298957126304,0.974830922010102,0.3727088242995549,1.7101157118090553,0.4088172262475762,2019-04-30,1.32,bmo,5015625563.0,2025-04-25,2019-03-31,0.0075757575757575,121.59983606557375,17145883.01639344
2018-12-31,LLY,USD,59478,2019-02-19,2019-02-19 10:41:31,2018,Q4,6438600000.0,1593700000.0,4844900000.0,0.7524772466,1453800000,726400000.0,900000000.0,1793600000.0,20400000.0,3315300000.0,4477500000.0,42500000.0,78200000.0,345500000.0,1362600000.0,0.2116298574,1597500000.0,0.2481129438,-658600000.0,938900000.0,0.1458236263,-186100000.0,1125100000.0,0.1747429565,1.06,1.06,1057035000,1057035000,https://www.sec.gov/Archives/edgar/data/59478/000005947819000082/0000059478-19-000082-index.htm,https://www.sec.gov/Archives/edgar/data/59478/000005947819000082/lly-20181231x10xk.htm,6.091189033475713,1.064392380573964,1.370531723169053,0.7804850359732648,7.009134040027057,10.32047188598296,8.017236893764162,9.298367603721733,9.816893480348332,122320090200.0,125297990200.0,27.17982628210826,18.997932811480755,84.43438268792711,148.266776,12.445195214016096,12.445195214016096,19.46044018886093,91.9550786731249,86.48994974804998,151.87635175757575,0.0091979984494811,0.0067445993430112,1.047808967615249,0.2345473759007388,2.185454278585058,1.728585728585729,20.42838874680307,1.2877333333333334,0.0046811607076463,0.5089325393298374,0.1128195570465629,0.2257944273599851,0.0554472492734875,0.4305239179954442,0.0968688845401174,1.80520984081042,0.0113068058273537,14.922634206348654,0.0577392138702841,0.027127969947292,-18.64531448816737,8661500000.0,8474500000.0,-12449700000.0,19092200000.0,5714700000.0,1244150000.0,3608050000.0,80.74923119932905,68.16778565602058,174.9570182593964,1.1145616950560864,1.320271725623395,0.5144120590039056,0.1144708862820108,0.5900466871957882,2019-02-06,1.34,bmo,5679987969.0,2025-04-25,2018-12-31,-0.0074626865671641,111.70666666666668,4973292.063492063
2018-09-30,LLY,USD,59478,2018-11-06,2018-11-06 10:35:10,2018,Q3,6061900000.0,1562300000.0,4499600000.0,0.7422755242,1343300000,1616600000.0,0.0,1616600000.0,0.0,2959900000.0,4522200000.0,32100000.0,60800000.0,415500000.0,1895900000.0,0.3127567264,1539700000.0,0.2539962718,-128700000.0,1411000000.0,0.2327653046,261500000.0,1149500000.0,0.1896270146,1.13,1.12,1020400000,1026300000,https://www.sec.gov/Archives/edgar/data/59478/000005947818000256/0000059478-18-000256-index.htm,https://www.sec.gov/Archives/edgar/data/59478/000005947818000256/lly-9302018x10q.htm,5.940709525676206,1.1265190121520972,2.0793806350450805,1.7855742845942768,8.855448843590748,13.867992943943552,6.04968639749118,12.815170521364172,12.483045864366916,109795040000.0,113511940000.0,23.878869073510224,18.112314620828453,51.74617777358846,60.26072447859495,8.396298732086322,8.396298732086322,18.725472211682806,59.87232448968828,53.49794514091809,62.30073545554336,0.0104695075478819,0.0165945565482739,0.9694339507211356,0.2840755538923162,1.9604936969249431,1.9106375904015072,25.324013157894736,1.8458460200087,0.0052151718328988,0.4981296215745976,0.2666820633794685,0.2215971890001484,0.1787738290782541,0.1412951267791497,0.0494564410498358,0.7215403128760529,0.0113000874313334,18.02281880884554,0.0360438637972765,0.0313665672505205,-14.836975695805569,9859200000.0,6173100000.0,-9788300000.0,26651100000.0,5615850000.0,1299050000.0,4136750000.0,83.92319239842293,73.8065672406068,237.22716507712988,1.0724091568481762,1.2194036840462066,0.3793831957260806,0.0879051129498493,0.2938063504508036,2018-11-06,1.35,bmo,5154183453.0,2025-04-25,2018-09-30,0.0296296296296294,99.97603174603174,3583569.3492063493
2018-06-30,LLY,USD,59478,2018-07-25,2018-07-25 16:48:39,2018,Q2,6355200000.0,1702700000.0,4652500000.0,0.7320776687,1333100000,1653700000.0,0.0,1653700000.0,0.0,2986800000.0,4689500000.0,41200000.0,63300000.0,425200000.0,493300000.0,0.0776214753,1648900000.0,0.2594568228,-1644100000.0,4800000.0,0.000755287,264700000.0,-259900000.0,-0.0408956445,-0.25,-0.25,1030200000,1030200000,https://www.sec.gov/Archives/edgar/data/59478/000005947818000188/0000059478-18-000188-index.htm,https://www.sec.gov/Archives/edgar/data/59478/000005947818000188/lly-6302018x10q.htm,6.168899242865463,-0.2522811104639876,1.473014948553679,-0.3307124830130072,6.706950106775383,11.28013977868375,3.4125412541254128,11.216462822752865,11.922830518345952,87906966000.0,93309266000.0,-84.55845132743362,13.832289463746225,57.92880790774299,-258.01868506017024,7.607567675159236,7.607567675159236,14.682349257301109,189.1531846746402,61.488807907743,-273.87515702964487,-0.0029565347528886,-0.003875688304383,1.0574979230130157,0.2884757030349959,10.951348064058385,1.4042450517801337,26.048973143759877,-5.838784147749134,0.0065899214403554,-2.22893420546364,0.2602121097683786,0.2097652316213494,0.1913445013125838,1.224514003294893,0.2923904833836858,4.370178739416745,0.0110460725075528,,-2.759582994622875,-0.0075874350440824,-17.051858862356823,5277500000.0,3515600000.0,-12405700000.0,22153500000.0,5424900000.0,1292150000.0,4393400000.0,79.0091578549849,69.60768191695543,219.64820579080285,1.1391084583534978,1.2929607411344826,0.4097461196005294,-0.0224920382165605,1.803727431566686,2018-07-24,1.31,bmo,4840333333.0,2025-04-25,2018-06-30,0.1450381679389312,82.13484375,3854126.15625
2018-03-31,LLY,USD,59478,2018-04-27,2018-04-27 11:32:39,2018,Q1,5700000000.0,1571300000.0,4128700000.0,0.7243333333,1176900000,1500000000.0,0.0,1500000000.0,0.0,2676900000.0,4248200000.0,45500000.0,61200000.0,422800000.0,1831800000.0,0.3213684211,1451800000.0,0.2547017544,-10800000.0,1441000000.0,0.2528070175,223600000.0,1217400000.0,0.2135789474,1.16,1.16,1048000000,1049800000,https://www.sec.gov/Archives/edgar/data/59478/000005947818000136/0000059478-18-000136-index.htm,https://www.sec.gov/Archives/edgar/data/59478/000005947818000136/lly-3312018x10q.htm,5.438931297709924,1.161641221374046,0.4165076335877862,0.1908396946564885,4.57013358778626,13.919656488549618,5.968893129770993,13.861641221374043,11.220324427480916,81083760000.0,89697160000.0,16.65101034992607,14.22522105263158,185.75890034364264,405.4188,5.581590142493289,5.581590142493289,15.736343859649123,48.96667758488918,205.49177548682704,448.4858,0.015014103934006,0.0024665851706926,0.8052385213739932,0.2637254371488606,4.702150889835135,1.408287866978436,23.72222222222222,0.3585510103499261,0.0072431273537388,0.4824215541317562,0.2631578947368421,0.2064736842105263,0.1878545211878545,0.5418098510882016,0.0414912280701754,0.5593661305581835,0.0119298245614035,19.034198469321733,0.0349309700102286,0.0337948877390126,-17.85269561068702,4714500000.0,6255400000.0,-13506300000.0,22005100000.0,5266450000.0,1339050000.0,4544800000.0,83.22157894736841,72.59339400496404,265.26888563609754,1.0814502817462577,1.2397822313397506,0.3392783883574806,0.0838025745164177,0.2256679389312977,2018-04-24,1.13,bmo,4185891044.0,2025-04-25,2018-03-31,0.1858407079646019,80.50409836065573,4948656.68852459
2017-12-31,LLY,USD,59478,2018-02-20,2018-02-20 17:27:37,2017,Q4,6160700000.0,1624800000.0,4535900000.0,0.7362637363,1473200000,1780500000.0,513700000.0,2294200000.0,0.0,3253700000.0,4928500000.0,52700000.0,62900000.0,411900000.0,758900000.0,0.1231840538,768500000.0,0.1247423182,-484400000.0,284100000.0,0.0461148895,1941000000.0,-1656900000.0,-0.2689467106,-1.58,-1.58,1043692000,1051090999,https://www.sec.gov/Archives/edgar/data/59478/000005947818000089/0000059478-18-000089-index.htm,https://www.sec.gov/Archives/edgar/data/59478/000005947818000089/lly-20171231x10xk.htm,5.902795077474964,-1.5875373194390685,1.6705119901273555,1.1976713436531083,7.697769073634751,11.179447576488082,3.13176684309164,11.10691659991645,13.136059297187291,88150226320.0,95261126320.0,-13.300474729917314,14.308475712175564,50.55934976770863,70.520181056,7.604270657856144,7.604270657856144,15.462711432142452,125.52526857293452,54.63786998566103,76.208901056,-0.0187963215657005,0.0141803379546898,1.1772657476579078,0.3033969898401547,9.370009223876664,1.3210121148329308,12.217806041335454,-1.0522662804031626,0.0062200634404451,-0.3309191864324944,0.2890093658188193,0.2391286704432937,0.186729952646673,0.2830513335245196,0.08010453357573,1.198106336489439,0.0117194474653854,,-0.1312370952240457,-0.0452931383724649,-18.30348416965925,4666200000.0,3268600000.0,-14111000000.0,21892000000.0,5138350000.0,1305400000.0,4432600000.0,76.87405651955135,78.140694239291,246.9516248153619,1.170746075785793,1.1517686255050683,0.3644438463091313,-0.1429323165576853,0.4728406464742472,2018-01-31,1.08,bmo,5782411403.0,2025-04-25,2017-12-31,0.0555555555555553,85.08587301587302,3241505.222222222
2017-09-30,LLY,USD,59478,2017-10-27,2017-10-27 11:53:10,2017,Q3,5658000000.0,1566100000.0,4091900000.0,0.7232060799,1319400000,1514700000.0,40800000.0,1555500000.0,0.0,2874900000.0,4441000000.0,45100000.0,61900000.0,372900000.0,1026400000.0,0.1814068574,1217000000.0,0.2150936727,-625400000.0,591600000.0,0.1045599152,36000000.0,555600000.0,0.0981972428,0.53,0.53,1053400000,1056000000,https://www.sec.gov/Archives/edgar/data/59478/000005947817000204/0000059478-17-000204-index.htm,https://www.sec.gov/Archives/edgar/data/59478/000005947817000204/lly-9302017x10q.htm,5.37117903930131,0.5274349724700969,1.7857414087715968,1.3607366622365673,6.591133472565027,14.202202392253657,6.002847921017657,14.13546610973989,12.840896145813556,90107836000.0,99848236000.0,40.54528257739381,15.925739837398377,47.90167242570836,62.86300823217525,6.0514453033182685,6.0514453033182685,17.647266878755744,97.28004296305538,53.079706554675454,69.6583200781359,0.0061659454345346,0.0159076065260295,0.9042598201513736,0.3130568420661049,9.48986750729722,1.37594442032132,19.66074313408724,3.3857091432685387,0.006078272704274,0.9857811375089992,0.2677094379639448,0.2331919406150583,0.2008165466956829,0.2379990431130721,0.0791268999646518,1.2005899705014749,0.0123541887592788,12.951819621773597,0.0337330501407282,0.0161637554839235,-14.37476267324853,4761900000.0,6323400000.0,-10621400000.0,21997600000.0,4985300000.0,1228650000.0,4376450000.0,79.76405090137858,68.96686035374496,253.25394291552263,1.1283278492372122,1.3049745854512125,0.3553745263110123,0.0373128815403316,0.4250047465350294,2017-10-24,1.03,bmo,5550228571.0,2025-04-25,2017-09-30,0.0194174757281553,82.01746031746032,3446465.5555555555
2017-06-30,LLY,USD,59478,2017-07-28,2017-07-28 11:42:15,2017,Q2,5824300000.0,1551600000.0,4272700000.0,0.7335988874,1250900000,1666100000.0,41300000.0,1707400000.0,0.0,2958300000.0,4509900000.0,36900000.0,53600000.0,395600000.0,1709700000.0,0.2935460055,1314400000.0,0.2256751884,-53900000.0,1260500000.0,0.2164208574,252500000.0,1008000000.0,0.1730680082,0.96,0.95,1055000000,1057100000,https://www.sec.gov/Archives/edgar/data/59478/000005947817000183/0000059478-17-000183-index.htm,https://www.sec.gov/Archives/edgar/data/59478/000005947817000183/lly-6302017x10q.htm,5.520663507109004,0.9554502369668246,1.5650236966824644,1.3549763033175355,5.150805687203792,13.430995260663508,5.058104265402844,13.365687203791468,11.721042654028436,86826500000.0,96068700000.0,21.5343501984127,14.907628384526896,52.58706317000787,60.73906960475691,6.157558436400771,6.157558436400771,16.49446285390519,56.1903842779435,58.18466476894192,67.20440713536202,0.011609358893886,0.0164638675980259,0.8731490411891524,0.3006874824466071,5.405743697724747,1.3941741555624418,24.52238805970149,1.6379960317460318,0.0063194992312254,0.544345238095238,0.2860601273972838,0.2147725906975945,0.2157302821975016,0.1342135545999636,0.0380474906855759,0.5601617795753286,0.0120014422334014,16.950828966070002,0.0327485152658669,0.0313890592935593,-14.647037914691944,4452000000.0,5336300000.0,-11030300000.0,21868200000.0,4785000000.0,1238650000.0,4190550000.0,76.58413886647322,72.92343387470997,252.08816705336423,1.1751780633966225,1.2341711740375438,0.3570179475379659,0.0714853057982525,0.2100473933649289,2017-07-25,1.05,bmo,5509472972.0,2025-04-25,2017-06-30,0.0571428571428571,81.58380952380952,3945475.634920635
2017-03-31,LLY,USD,59478,2017-05-01,2017-05-01 11:49:54,2017,Q1,5228300000.0,1327700000.0,3900600000.0,0.7460551231,1238300000,1504500000.0,40200000.0,1544700000.0,0.0,2783000000.0,4110700000.0,32600000.0,46600000.0,386900000.0,494700000.0,0.0946196659,1117600000.0,0.2137597307,-1056400000.0,61200000.0,0.0117055257,172000000.0,-110800000.0,-0.021192357,-0.1,-0.1,1056300000,1056300000,https://www.sec.gov/Archives/edgar/data/59478/000005947817000129/0000059478-17-000129-index.htm,https://www.sec.gov/Archives/edgar/data/59478/000005947817000129/lly-3312017x10q.htm,4.949635520212061,-0.1048944428666098,0.3217835842090315,-0.6256745242828742,3.318754141815772,13.351983338066836,4.921897188298779,13.283158193694971,9.744769478367887,88845393000.0,96475293000.0,-200.4634318592058,16.993170437809614,261.38685789938216,-134.4309169314571,6.332078469104126,6.332078469104126,18.452516688024787,195.0177748029468,283.8343424536628,-145.9756286881525,-0.0012471102468982,-0.0074387650015797,0.730297199059226,0.2723452662242221,15.42328687168645,1.24197932618683,23.98283261802575,-3.0676895306859207,0.0061612648840441,-4.94043321299639,0.2877608400436088,0.2368456285982059,0.2366741706822452,0.4972050603118564,0.0323240823977201,0.436805376066167,0.0132547864506627,,-0.0679310579696711,-0.0038579924511483,-13.762212439647827,2528200000.0,5199000000.0,-10544400000.0,19858400000.0,4690100000.0,1284700000.0,3798500000.0,79.42371325287378,82.7061836258191,273.52489267153726,1.133162834044951,1.0881894926645357,0.3290376942331045,-0.0078967999429833,0.1599924263940168,2017-04-25,0.96,bmo,5121600000.0,2025-04-25,2017-03-31,0.0208333333333333,80.09532258064516,3988773.064516129
2016-12-31,LLY,USD,59478,2017-02-21,2017-02-21 15:32:29,2016,Q4,5760500000.0,1466000000.0,4294500000.0,0.7455082024,1450600000,0.0,0.0,1790100000.0,0.0,3240700000.0,4736700000.0,31900000.0,51400000.0,344600000.0,1288000000.0,0.2235917021,1053800000.0,0.1829355091,-161800000.0,892000000.0,0.1548476695,120200000.0,771800000.0,0.1339814252,0.7,0.7,1100875000,1100875000,https://www.sec.gov/Archives/edgar/data/59478/000005947817000098/0000059478-17-000098-index.htm,https://www.sec.gov/Archives/edgar/data/59478/000005947817000098/lly-20161231x10xk.htm,5.232655841943909,0.7010786874077438,1.9229249460656297,1.5007153400703983,5.485273078233224,12.790280458726013,5.223027137504258,12.72415124332917,9.407607584875668,80969356250.0,86692456250.0,26.22744112788287,14.055959769117264,38.24902274552412,49.009960807457176,5.780346255987778,5.780346255987778,15.04946727714608,67.30780764751553,40.95255149038689,52.47409736093457,0.0095320011884125,0.0204040155006172,0.7356810896863868,0.2655575569694299,4.443400621118013,1.374528971656381,20.50194552529183,2.74280901788028,0.0066827751270407,0.7010883648613631,0.0,0.2518184185400572,0.2146735419098642,0.2195663470168642,0.0806874403263605,1.3488102147417296,0.0115962156062841,14.167364016327936,0.0306417346624322,0.0253254274773341,-12.10957193141819,4114800000.0,5749900000.0,-9624000000.0,20698000000.0,4643850000.0,1255250000.0,3721550000.0,74.46697335300756,82.8356070941337,218.67053206002728,1.2085894719174202,1.0864892907433483,0.4115780903450405,0.0550982673815116,0.422209605995231,2017-01-31,0.99,bmo,5942410526.0,2025-04-25,2016-12-31,-0.0404040404040404,74.4726984126984,6031182.682539683
2016-09-30,LLY,USD,59478,2016-10-28,2016-10-28 12:02:04,2016,Q3,5191700000.0,1400900000.0,3790800000.0,0.7301654564,1236400000,1565400000.0,0.0,1565400000.0,0.0,2801800000.0,4202700000.0,29100000.0,47200000.0,392800000.0,1410700000.0,0.2717221719,989000000.0,0.1904963692,-18300000.0,970700000.0,0.1869715122,192700000.0,778000000.0,0.1498545756,0.74,0.73,1057700000,1060800000,https://www.sec.gov/Archives/edgar/data/59478/000005947816000440/0000059478-16-000440-index.htm,https://www.sec.gov/Archives/edgar/data/59478/000005947816000440/lly-9302016x10q.htm,4.908480665595159,0.735558286848823,1.568686773187104,1.353597428382339,3.996218209322114,14.763921716932968,6.5893920771485295,14.738772808925026,8.883426302354165,84891002000.0,90750802000.0,27.278599614395887,16.351291869715123,51.16381509161042,59.29384787315779,5.445500859569446,5.445500859569446,17.47997804187453,64.33033387679875,54.69551711668274,63.38674442969896,0.0091646933322803,0.0168651560974624,0.5996972262848639,0.248702457814915,4.153824342524987,1.6180615994584664,20.95338983050847,2.1326478149100256,0.006336360595673,0.6913881748071979,0.3015197334206522,0.2381493537762197,0.2300114657238702,0.1371142719382835,0.0438199433711501,0.5791751527494908,0.0118458308453878,15.618181576153653,0.0264583980579921,0.0268793985648197,-11.738725536541551,5113100000.0,6969600000.0,-8588600000.0,22011200000.0,4507250000.0,1184500000.0,3820550000.0,78.38010670878518,74.60061389107003,249.3454208009137,1.148250541867563,1.206424388563555,0.3609450685355045,0.0499063454186231,0.215089344804765,2016-10-25,0.96,bmo,5663672727.0,2025-04-25,2016-09-30,-0.0833333333333333,80.04140625,3439122.5
2016-06-30,LLY,USD,59478,2016-07-28,2016-07-28 13:00:37,2016,Q2,5404800000.0,1465000000.0,3939800000.0,0.7289446418,1335900000,1622600000.0,0.0,1622600000.0,0.0,2958500000.0,4423500000.0,23500000.0,43200000.0,373700000.0,1355000000.0,0.2507030787,981300000.0,0.1815608348,-36800000.0,944500000.0,0.1747520722,196800000.0,747700000.0,0.1383399941,0.71,0.71,1057700000,1060099999,https://www.sec.gov/Archives/edgar/data/59478/000005947816000399/0000059478-16-000399-index.htm,https://www.sec.gov/Archives/edgar/data/59478/000005947816000399/lly-6302016x10q.htm,5.109955563959534,0.7069112224638366,1.3254230878320885,1.0934102297437838,3.7201474898364375,13.85667013330812,5.505719958400302,13.83880117235511,8.863099177460528,83293875000.0,89387175000.0,27.8500317640765,15.41109291740675,59.414990370211854,72.02237354085604,5.690521817548318,5.690521817548318,16.538479684724688,65.96839483394834,63.76144874812754,77.29111543450065,0.0089766504439852,0.0138845743459528,0.6375014517704768,0.2558251748443467,4.49690036900369,1.5447327699083442,22.71527777777778,1.874949846194998,0.0064974765551488,0.7238197137889528,0.3002146240378922,0.2471691829484902,0.2421583921174054,0.1750481489407233,0.0454040852575488,0.6566764784586567,0.0120263469508584,14.83620863695066,0.0270483806438554,0.0270489282807271,-11.945282216129335,4576300000.0,5823400000.0,-8841800000.0,21475200000.0,4340250000.0,1179700000.0,3750050000.0,74.8184946714032,74.19931740614335,230.98361774744023,1.202911130399947,1.212949163768836,0.3896380222878268,0.0510818252000027,0.2320128580883048,2016-07-26,0.86,bmo,5404800000.0,2025-04-25,2016-06-30,0.0,75.28515625,4163669.140625
2016-03-31,LLY,USD,59478,2016-04-29,2016-04-29 13:26:48,2016,Q1,4865100000.0,1323000000.0,3542100000.0,0.7280631436,1221000000,1473900000.0,0.0,1473900000.0,0.0,2694900000.0,4017900000.0,24200000.0,43400000.0,385500000.0,995700000.0,0.2046617747,847200000.0,0.17413825,-280400000.0,566800000.0,0.1165032579,126700000.0,440100000.0,0.0904606277,0.42,0.41,1059900000,1063100000,https://www.sec.gov/Archives/edgar/data/59478/000005947816000353/0000059478-16-000353-index.htm,https://www.sec.gov/Archives/edgar/data/59478/000005947816000353/lly-3312016x10q.htm,4.590150014152279,0.4152278516841211,-0.3084253231436928,-0.4540050948202661,2.825738277195962,14.18001698273422,5.7500707613925846,14.161619020662329,7.70761392584206,76323399000.0,82141699000.0,43.35571404226312,15.687940432879078,-233.47628938513307,-158.6105548628429,5.084870585413627,5.084870585413627,16.88386651867382,82.49643366475846,-251.27469868461304,-170.701785120532,0.0057662526271923,-0.0063047506571346,0.5413693628871611,0.2342311439590912,5.843426734960329,1.5957988802462912,19.52073732718894,-0.7427857305157919,0.0070528829566408,1.2231311065666894,0.3029536905716223,0.2509712030585188,0.2575507756876264,-0.4720097889262771,0.0317156892972395,0.4002594033722438,0.0127438284927339,11.502465798782826,0.0234942643688398,0.0170866835682865,-10.99797150674592,4373700000.0,6094500000.0,-7947800000.0,21341700000.0,4129500000.0,1244900000.0,3593000000.0,77.46315594746254,78.34013605442176,254.43537414965985,1.161842670869752,1.1488364015283083,0.3537243997647185,0.0293206483720744,0.1455797716765732,2016-04-26,0.85,bmo,4982331325.0,2025-04-25,2016-03-31,-0.0235294117647059,75.66622950819672,5540423.442622951
2015-12-31,LLY,USD,59478,2016-02-19,2016-02-19 15:42:05,2015,Q4,5375600000.0,1389200000.0,3986400000.0,0.7415730337,1444200000,0.0,0.0,1798400000.0,0.0,3242600000.0,4631800000.0,23800000.0,44200000.0,343400000.0,1087700000.0,0.2023402039,743800000.0,0.1383659498,-299200000.0,444600000.0,0.0827070467,-33800000.0,478400000.0,0.0889947169,0.43,0.43,1105267000,1105267000,https://www.sec.gov/Archives/edgar/data/59478/000005947816000321/0000059478-16-000321-index.htm,https://www.sec.gov/Archives/edgar/data/59478/000005947816000321/lly-20151231x10k.htm,4.863621188364441,0.4328365906156612,0.7276974703849839,0.2262801657879951,4.0278050462015065,13.200701730893982,4.990287414715177,13.183511314460668,7.258608101028982,93129797420.0,97441897420.0,48.66732724707358,17.324540036461045,115.7898761904762,372.3702415833666,6.391317001228443,6.391317001228443,18.126701655629137,89.5852693021973,121.15118416013924,389.6117449820072,0.0051369165750731,0.0026854992379301,0.5475489489613143,0.2243111257306242,3.964420336489841,1.5278506853310003,16.828054298642535,1.6812290969899666,0.0057264164077894,1.114757525083612,0.0,0.2686583823201131,0.2551301839528352,0.6890463757304488,0.1030954684128283,1.613861386138614,0.0108639035642532,11.331014386104997,0.0292680377259213,0.0180567822391315,-10.631096377617354,4344000000.0,5515600000.0,-8405000000.0,21472200000.0,4069650000.0,1258750000.0,3431750000.0,68.168018453754,86.69594010941549,223.2378347250216,1.3202672168189409,1.0381108952324016,0.40315746706135,0.032831662240157,0.5014173045969887,2016-01-28,0.77,bmo,5375600000.0,2025-04-25,2015-12-31,0.0129870129870129,82.98546875,4975200.890625
2015-09-30,LLY,USD,59478,2015-10-30,2015-10-30 15:07:28,2015,Q3,4959700000.0,1236900000.0,3722800000.0,0.7506099159,1143400000,1575700000.0,0.0,1575700000.0,0.0,2719100000.0,3956000000.0,21200000.0,39300000.0,358300000.0,1383200000.0,0.278887836,1003700000.0,0.2023711112,44100000.0,1047800000.0,0.211262778,248100000.0,799700000.0,0.1612395911,0.75,0.75,1066266666,1065200000,https://www.sec.gov/Archives/edgar/data/59478/000005947815000175/0000059478-15-000175-index.htm,https://www.sec.gov/Archives/edgar/data/59478/000005947815000175/lly-9302015x10q.htm,4.651463051551496,0.7500000004689259,1.036044767435316,0.732649744111948,4.050769040922076,14.293703897895275,6.161779421134037,14.275415789843326,7.613667630119838,89235857277.54,94075957277.54,27.896666649224706,17.992188494775892,80.77836270257988,114.2292079845622,5.862526264176752,5.862526264176752,18.968074133020146,68.01327160030364,85.15973321041005,120.4249325109319,0.0089616441685855,0.0087543284037752,0.530759325686205,0.2225304161720107,3.4992047426257957,1.513494634663327,25.53944020356234,1.3813930223833937,0.0058978533524153,0.6581217956733775,0.3177006673790754,0.2305381373873419,0.2388340903519379,0.2928396849823481,0.0652257192975381,0.902874686017304,0.0110288928765852,15.520877604189256,0.0273481947484697,0.028939092925718,-11.24012911794431,4263700000.0,6570100000.0,-8496800000.0,21009800000.0,4082150000.0,1166150000.0,3353050000.0,73.81353710909934,85.80887703128789,248.6805723987388,1.2192885414361925,1.048842533706436,0.3619100564707259,0.0525378743085393,0.3033950233233681,2015-10-22,0.76,bmo,4235249438.0,2025-04-25,2015-09-30,0.1710526315789473,84.42328125,5143946.640625
2015-06-30,LLY,USD,59478,2015-07-30,2015-07-30 16:17:28,2015,Q2,4978700000.0,1218400000.0,3760300000.0,0.7552774821,1169500000,1635400000.0,0.0,1635400000.0,0.0,2804900000.0,4034900000.0,20600000.0,36800000.0,368500000.0,1392300000.0,0.2796513146,955400000.0,0.1918974833,-275700000.0,679700000.0,0.1365215819,78900000.0,600800000.0,0.1206740715,0.57,0.56,1061700000,1065600000,https://www.sec.gov/Archives/edgar/data/59478/000005947815000164/0000059478-15-000164-index.htm,https://www.sec.gov/Archives/edgar/data/59478/000005947815000164/lly-6302015x10q.htm,4.68936611095413,0.565884901572949,0.8934727324102854,0.5544880851464632,3.985024018084205,13.850805312235094,5.498540077234623,13.817745125741736,7.569181501365734,88641333000.0,93325233000.0,36.884709137816245,17.804112117621067,93.44437381404174,150.57131476133856,6.04223042473569,6.04223042473569,18.744899873460945,67.02954320189615,98.38207147375078,158.52765924919314,0.0067778764112222,0.0066413712438191,0.5452785559940833,0.2219798760149403,3.364145658263306,1.499757045675413,25.96195652173913,1.5788948069241011,0.0060897098648099,0.8984687083888149,0.3284793219113423,0.2349006768835238,0.2460720489724336,0.3794012228547332,0.0722879466527406,0.9766621438263228,0.011207744993673,13.26398130878924,0.0303607559847087,0.0221134381096102,-11.663982292549685,4114000000.0,5837800000.0,-8985200000.0,21004200000.0,3961150000.0,1166300000.0,3134300000.0,74.05427119529195,85.16907419566644,242.9054497701904,1.2153249035785774,1.0567215958369471,0.3705145359445323,0.0409534910669856,0.3389846472638221,2015-07-23,0.74,bmo,4093597777.0,2025-04-25,2015-06-30,0.2162162162162162,76.19650793650794,5077604.285714285
2015-03-31,LLY,USD,59478,2015-04-30,2015-04-30 14:14:18,2015,Q1,4644700000.0,1192700000.0,3452000000.0,0.743212694,1039300000,1523500000.0,0.0,1523500000.0,0.0,2562800000.0,3948000000.0,21400000.0,40900000.0,357500000.0,1016300000.0,0.2188085345,889200000.0,0.1914440115,-271300000.0,617900000.0,0.1330333498,88400000.0,529500000.0,0.1140009043,0.5,0.5,1064200000,1064200000,https://www.sec.gov/Archives/edgar/data/59478/000005947815000132/0000059478-15-000132-index.htm,https://www.sec.gov/Archives/edgar/data/59478/000005947815000132/lly-3312015x10q.htm,4.364499154294306,0.4975568502161248,-0.0796842698740838,-0.4448411952640481,3.890058259725615,14.044822401804172,5.6868069911670736,14.019733132869762,7.763202405562864,77314130000.0,82470030000.0,36.50336638338055,16.64566710444162,-911.7232311320756,-163.31670891423744,5.181981661952573,5.181981661952573,17.755728034103388,81.14732854472105,-972.5239386792452,-174.2079214195184,0.0068486834166018,-0.0061230721990921,0.5509926406520195,0.2305694468206844,5.073206730296173,1.4075081806086611,21.74083129584352,-0.1601510859301227,0.0068279886225195,0.9969782813975449,0.3280082674876741,0.2237604150967769,0.2494706048987628,-4.5825471698113205,0.0836652528688612,1.086993006993007,0.0105281288350162,12.528021424605711,0.0271011369011411,0.0197875131262775,-11.47173933471152,3399800000.0,6051900000.0,-8964700000.0,20245100000.0,3813500000.0,1153850000.0,2860100000.0,74.13029905053071,89.01148654313742,224.8830384841117,1.214078469299736,1.011105459477789,0.4002080397288772,0.0354897518733495,0.3651569253899643,2015-04-23,0.76,bmo,4110826436.0,2025-04-25,2015-03-31,0.1447368421052631,71.19344262295083,4561611.819672131
2014-12-31,LLY,USD,59478,2015-02-19,2015-02-19 16:02:25,2014,Q4,5121300000.0,1253100000.0,3868200000.0,0.755316033,1185700000,0.0,0.0,1799900000.0,0.0,2985600000.0,4238700000.0,24200000.0,37400000.0,339400000.0,890400000.0,0.1738621053,882600000.0,0.1723390545,-369000000.0,513600000.0,0.1002870365,85100000.0,428500000.0,0.0836701619,0.39,0.39,1110627000,1110627000,https://www.sec.gov/Archives/edgar/data/59478/000005947815000100/0000059478-15-000100-index.htm,https://www.sec.gov/Archives/edgar/data/59478/000005947815000100/lly-20141231x10k.htm,4.611179090729831,0.3858181009465824,1.2151694493290728,0.8019794224343546,4.3461936365674525,13.85532676587189,9.67543558728538,13.8419109205881,7.256171513928619,76622156730.0,80772056730.0,44.70370871061843,14.961466176556732,56.77397505186721,86.02465109464467,4.984138418156271,4.984138418156271,15.771787774588484,90.71434942722372,59.84888613663308,90.68379558773998,0.0055923771698301,0.0116245749012082,0.5217846642208519,0.2157581593514479,4.660714285714286,1.0867544055320095,23.59893048128342,3.1495915985997667,0.006854414211423,1.2256709451575265,0.0,0.2315232460508074,0.1248661850224056,0.340026674570243,0.0896061546872864,1.3520919269298763,0.0079276746138675,10.961767428621805,0.0256934628419283,0.0131700675254103,-11.472911247430506,972300000.0,10745800000.0,-9610300000.0,13578500000.0,3717950000.0,1075700000.0,2792250000.0,66.80276492296878,81.02226478333732,196.79195594924587,1.3472496251282455,1.1108057796294657,0.4573357664233576,0.0278731819009705,0.413190026894718,2015-01-30,0.74,bmo,5053016000.0,2025-04-25,2014-12-31,0.0135135135135135,67.49875,4536716.265625
2014-09-30,LLY,USD,59478,2014-10-29,2014-10-29 14:28:56,2014,Q3,4875600000.0,1267000000.0,3608600000.0,0.7401345475,1243200000,1672100000.0,0.0,1672100000.0,0.0,2915300000.0,4277300000.0,28800000.0,38100000.0,342400000.0,1035700000.0,0.2124251374,598300000.0,0.122713102,57200000.0,655500000.0,0.1344449914,154900000.0,500600000.0,0.1026745426,0.47,0.47,1069599999,1069599999,https://www.sec.gov/Archives/edgar/data/59478/000005947814000169/0000059478-14-000169-index.htm,https://www.sec.gov/Archives/edgar/data/59478/000005947814000169/lly-9302014x10q.htm,4.5583395704546925,0.4680254305048854,1.581245326833625,1.2615931201024615,4.496914738684476,16.53188109249428,12.090220654534612,16.51954003040346,5.276458494087938,69363559935.15,71803359935.15,34.640211713518774,14.22667157583682,41.01197891275941,51.40326066040462,3.925654096944984,3.925654096944984,14.727081781760193,69.32833825929323,42.45453789106013,53.21132350314954,0.0072170459599828,0.0194540188142245,0.3172508248770466,0.1617833806654198,2.355701457951144,1.598830301270034,15.703412073490814,3.378545745105873,0.0075688156791669,1.0487415101877746,0.3429526622364427,0.2549840019689884,0.1371129736094756,0.3422219594394844,0.1187135942243006,1.6904205607476634,0.0078964640249405,13.189397589565113,0.016683590394408,0.0167435948892902,-7.4870979875533825,4535900000.0,12931700000.0,-4855800000.0,17330000000.0,3694350000.0,1073950000.0,3017400000.0,67.09205020920501,72.68902920284135,202.0560378847672,1.3414405986903648,1.2381510798397342,0.4454209878713306,0.0283316260406467,0.5411368741035311,2014-10-23,0.66,bmo,4949472727.0,2025-04-25,2014-09-30,0.0,63.31296875,3623945.4375
2014-06-30,LLY,USD,59478,2014-07-28,2014-07-28 11:57:12,2014,Q2,4935600000.0,1189700000.0,3745900000.0,0.7589553448,1195400000,1663900000.0,0.0,1663900000.0,0.0,2859300000.0,4049000000.0,33600000.0,35500000.0,348400000.0,1235000000.0,0.2502228706,886600000.0,0.1796336818,53800000.0,940400000.0,0.1905340789,206900000.0,733500000.0,0.1486141503,0.68,0.68,1078676470,1076400000,https://www.sec.gov/Archives/edgar/data/59478/000005947814000129/0000059478-14-000129-index.htm,https://www.sec.gov/Archives/edgar/data/59478/000005947814000129/lly-6302014x10q.htm,4.575607364458409,0.6800000003708249,0.9770306753794304,0.7407225634577901,4.752583506340877,16.68229585095149,12.35282345595246,16.67200546239782,4.95681527196009,67061316139.9,68606916139.9,22.85661763459441,13.587267229901126,63.63157428589051,83.93155962440551,3.729005496082564,3.729005496082564,13.900420645899182,55.5521588177328,65.09812708976183,85.86597764693367,0.0109377513329712,0.0119144694138296,0.2953396686999894,0.1516716925958924,1.251497975708502,1.7737616954728073,24.974647887323943,1.4368098159509202,0.0078569886535004,0.7183367416496251,0.337122133073993,0.2421995299457006,0.1333613186210678,0.2857956162823797,0.0610260150741551,0.8645235361653272,0.0078207310154793,15.97127683417298,0.0250454229433737,0.0241693933432844,-6.9403340187813685,5739300000.0,13324700000.0,-3866900000.0,18510300000.0,3750100000.0,1137250000.0,3079650000.0,68.45550692924873,85.07522904934018,241.34403631167524,1.314722569990144,1.0578872487995732,0.3729116384039118,0.0407869348354343,0.279231083996854,2014-07-24,0.65,bmo,4717852941.0,2025-04-25,2014-06-30,0.0461538461538461,59.663809523809526,4728261.031746032
2014-03-31,LLY,USD,59478,2014-04-28,2014-04-28 14:28:31,2014,Q1,4683100000.0,1222700000.0,3460400000.0,0.738912259,1109300000,1484900000.0,0.0,1484900000.0,0.0,2594200000.0,3816900000.0,34400000.0,37800000.0,348800000.0,1215000000.0,0.259443531,866200000.0,0.1849629519,24600000.0,890800000.0,0.1902158826,162900000.0,727900000.0,0.1554312314,0.68,0.68,1072700000,1072700000,https://www.sec.gov/Archives/edgar/data/59478/000005947814000102/0000059478-14-000102-index.htm,https://www.sec.gov/Archives/edgar/data/59478/000005947814000102/lly-3312014x10q.htm,4.365712687610702,0.6785680991889624,0.2538454367483919,0.0655355644635033,4.859140486622541,17.105155215810573,13.186911531649107,17.095273608651066,4.94285447935117,63139122000.0,64515522000.0,21.68536955625773,13.48233477824518,231.873382298935,898.138293029872,3.443056914293193,3.443056914293193,13.776242659776644,53.0991950617284,236.92810135879543,917.717240398293,0.0115285100100061,0.0011134142790265,0.2870744515516875,0.1514634504227937,1.1328395061728396,1.9662077596996248,22.91534391534391,0.3740898475065256,0.0083007172636958,0.7200164857810138,0.3170762956161517,0.2368730114667634,0.1209285062822058,0.7418288652221814,0.0431338216138882,0.5791284403669725,0.0081783434050095,16.155708423003176,0.0251578530669356,0.023823550589452,-6.433975016313974,6407600000.0,14145600000.0,-3368900000.0,18581400000.0,3884450000.0,1134600000.0,2948900000.0,71.99269714505348,84.64136746544533,218.54093399852783,1.2501267985371454,1.0633098530306984,0.4118221623442236,0.0396933161014499,0.1883098722848886,2014-04-24,0.7,bmo,4683100000.0,2025-04-25,2014-03-31,0.0,55.80885245901639,5689985.983606557
2013-12-31,LLY,USD,59478,2014-02-19,2014-02-19 13:34:18,2013,Q4,5808800000.0,1386500000.0,4422300000.0,0.7613104256,1475400000,0.0,0.0,1953600000.0,0.0,3429000000.0,4893400000.0,34200000.0,39700000.0,351200000.0,1300800000.0,0.223936097,993300000.0,0.1709991737,-83400000.0,909900000.0,0.1566416472,182400000.0,727500000.0,0.1252410136,0.65,0.65,1116795000,1116795000,https://www.sec.gov/Archives/edgar/data/59478/000005947814000078/0000059478-14-000078-index.htm,https://www.sec.gov/Archives/edgar/data/59478/000005947814000078/lly-20131231x10k.htm,5.201312684960087,0.6514176728943092,1.546210360898822,1.058027659507788,4.832847568264543,15.795826449796069,11.917675132857866,15.7874990486168,4.703280369270995,56956545000.0,58339245000.0,19.57269587628866,9.805217084423631,32.983869006254345,48.202898612051456,3.2304039951450254,3.2304039951450254,10.043252478997385,44.848743081180814,33.78459867963864,49.37309157075153,0.0127728955469472,0.0207456403825056,0.2956600156538902,0.147889142010911,1.0629612546125462,1.4696969696969695,25.02015113350126,2.3736082474226805,0.0092860267419661,0.7270103092783505,0.0,0.2539939402286186,0.1228726165787674,0.3157285151725735,0.0938575953725382,1.5523917995444192,0.0068516733232337,15.211698049497931,0.0290433430778878,0.0235302869562967,-6.920876257504735,4188100000.0,13309600000.0,-4503300000.0,16494700000.0,4009100000.0,1183350000.0,2951450000.0,62.32819170913097,72.65560764514966,190.1132347637937,1.4439693745649795,1.2387206289645314,0.4734020759355367,0.0412616128044284,0.4881827013910341,2014-01-30,0.74,bmo,5808800000.0,2025-04-25,2013-12-31,0.0,50.07625,6101081.28125
2013-09-30,LLY,USD,59478,2013-10-30,2013-10-30 11:21:23,2013,Q3,5772600000.0,1198100000.0,4574500000.0,0.7924505422,1377400000,1652400000.0,0.0,1652400000.0,0.0,3029800000.0,4251600000.0,32200000.0,39800000.0,349000000.0,1902200000.0,0.3295222257,1544700000.0,0.2675917264,-31300000.0,1513400000.0,0.2621695596,310300000.0,1203100000.0,0.2084156186,1.11,1.11,1126649615,1126649615,https://www.sec.gov/Archives/edgar/data/59478/000005947813000057/0000059478-13-000057-index.htm,https://www.sec.gov/Archives/edgar/data/59478/000005947813000057/lly-9302013x10q.htm,5.123687012487906,1.0678563982822646,1.7677190614404106,1.5424493798810732,4.774598888936735,14.996765431815286,11.042474815916924,14.98877714434758,4.724361442221769,56704275122.95,57618275122.95,11.782951359602276,9.82300438674947,28.47171878035248,32.629920084560936,3.3578456411289,3.3578456411289,9.981338586243632,30.290334940043103,28.9306462758335,33.1558724381114,0.0212170951377362,0.0306467192505677,0.3128364254556932,0.155536778387545,0.4804962674797602,1.63472468146754,38.811557788944725,1.6553902418751558,0.0093061766305239,0.4386169063253262,0.2862488306828812,0.2386099851020337,0.1311650611206632,0.1274352279574211,0.0439663236669784,0.7272206303724928,0.0062883276166718,18.977141129801847,0.0456353137606141,0.0407685400111824,-6.396487340920096,5126100000.0,12441000000.0,-3867300000.0,17348600000.0,4104700000.0,1194200000.0,2849750000.0,62.291861552853135,93.70336365912696,223.41123445455304,1.4448115332632527,0.9604777938111272,0.4028445580175515,0.0712437304256647,0.2252696815593373,2013-10-23,1.04,bmo,5408562162.0,2025-04-25,2013-09-30,0.0673076923076923,52.35234375,4947049.0
2013-06-30,LLY,USD,59478,2013-07-26,2013-07-26 11:57:41,2013,Q2,5929700000.0,1165200000.0,4764500000.0,0.8034976474,1330400000,1867600000.0,0.0,1867600000.0,0.0,3198000000.0,4404200000.0,29700000.0,40300000.0,363900000.0,1930400000.0,0.3255476668,1566500000.0,0.2641786262,-51600000.0,1514900000.0,0.2554766683,308700000.0,1206200000.0,0.203416699,1.12,1.11,1126637846,1126637846,https://www.sec.gov/Archives/edgar/data/59478/000005947813000043/0000059478-13-000043-index.htm,https://www.sec.gov/Archives/edgar/data/59478/000005947813000043/lly-6302013x10q.htm,5.263181971964396,1.070619102919786,1.4531732675346325,1.3321050817957345,4.18146791067411,13.523777897303123,9.522048312231115,13.515789527276365,4.752458848253532,56512154355.35999,58039654355.35999,11.7128491036644,9.530356401733645,34.517563129342776,37.65468707046908,3.711214938555498,3.711214938555498,9.787957966736933,30.06612844765851,35.450558487270946,38.67247758219616,0.0213440809991982,0.0265571188555768,0.348976187661715,0.1599349906699572,0.7912867799419809,1.5031575191770232,38.87096774193548,1.357320510694744,0.0094315993803454,0.4418836013928038,0.3149569118167867,0.2243621093815876,0.1356919280081863,0.0833129733691668,0.0230028500598681,0.3748282495190986,0.0056832554766682,18.043860599280528,0.0482682422433516,0.0420022634282232,-7.771263881366187,4230800000.0,10727900000.0,-5350300000.0,16376000000.0,4121550000.0,1057700000.0,2651050000.0,63.95939086294417,88.1307929969104,210.50978372811537,1.4071428571428573,1.0212094653812445,0.4275335730534967,0.0792124722539632,0.121068185738898,2013-07-24,1.0,bmo,5111810344.0,2025-04-25,2013-06-30,0.1599999999999999,54.41234375,5256958.28125
2013-03-31,LLY,USD,59478,2013-04-26,2013-04-26 11:42:11,2013,Q1,5602000000.0,1158300000.0,4443700000.0,0.7932345591,1348100000,1652000000.0,0.0,1652000000.0,0.0,3000100000.0,3634200000.0,23600000.0,40300000.0,381500000.0,2372900000.0,0.423580864,1443600000.0,0.2576936808,507500000.0,1951100000.0,0.3482863263,403100000.0,1548000000.0,0.2763298822,1.42,1.42,1126561464,1126561464,https://www.sec.gov/Archives/edgar/data/59478/000005947813000019/0000059478-13-000019-index.htm,https://www.sec.gov/Archives/edgar/data/59478/000005947813000019/lly-3312013x10q.htm,4.972653671384591,1.3740928031601831,0.336777008733187,0.19661599218345,4.200747274984013,13.275440779678576,9.175708854177527,13.269227181731472,4.882023907041791,63774644477.04,65297644477.04,10.299522686860463,11.384263562484827,168.09342244870848,287.92164549453724,4.2662620230014845,4.2662620230014845,11.65613075277401,27.518076816149016,172.10765544818133,294.7974919956659,0.024272969495852,0.0034731671468547,0.3652248371084917,0.1690273404726301,0.6418306713304396,1.6232221871049304,35.821339950372206,0.2450904392764858,0.0083277610460252,0.3430878552971576,0.2948946804712603,0.2406461977865048,0.1429902693799709,0.4161834475487612,0.0281863620135665,0.4138925294888597,0.0062834701892181,20.25452703503789,0.0445064101770202,0.055921825045608,-7.369260591004913,4732500000.0,10337000000.0,-5018400000.0,16974500000.0,3682700000.0,1081350000.0,2610250000.0,64.73027490182078,75.71095571095572,200.2097902097902,1.3903849494924423,1.188731527093596,0.4495284666433811,0.103554847945627,0.140161016549737,2013-04-24,1.05,bmo,5159736842.0,2025-04-25,2013-03-31,0.0857142857142855,53.985,6180844.95
2012-12-31,LLY,USD,59478,2013-02-21,2013-02-21 10:28:17,2012,Q4,5957400000.0,1248300000.0,4709100000.0,0.7904622822,1463100000,1977500000.0,0.0,1977500000.0,0.0,3440600000.0,4928400000.0,26000000.0,42500000.0,344600000.0,1399600000.0,0.2349347031,1268500000.0,0.2129284587,-256000000.0,1012500000.0,0.1699566925,185200000.0,827300000.0,0.1388693054,0.72,0.72,1146493000,1146493000,https://www.sec.gov/Archives/edgar/data/59478/000005947813000007/0000059478-13-000007-index.htm,https://www.sec.gov/Archives/edgar/data/59478/000005947813000007/lly-20121231x10k.htm,5.19619395844545,0.7215918457417533,1.3973046499193629,1.0048033437622383,4.957989276864316,12.88616677118831,8.740742420581721,12.87857841173038,4.861608400574622,56545034760.0,58057534760.0,17.087221914662155,9.491562554134354,35.296526067415726,49.0842315625,3.829615227956927,3.829615227956927,9.745448477523752,41.481519548442414,36.2406584019975,50.39716559027778,0.0146308160126065,0.0203731416010186,0.3746173435086973,0.1607987464715441,1.0806659045441556,1.5541689016031943,29.84705882352941,1.9364196784721384,0.0096949272792347,0.6626374954671824,0.3319401081008493,0.2455937153791922,0.1381643017654634,0.2808988764044944,0.0755363077852754,1.30586186883343,0.0069157686238963,14.46009115633904,0.0398317579620076,0.0279057686988551,-8.823930891858913,4649200000.0,10021200000.0,-6586300000.0,17162100000.0,3565900000.0,1258500000.0,2598600000.0,50.4023567328029,85.67411679884643,190.6128334534968,1.7856307885981475,1.0504922999242616,0.4721612830017399,0.0560303957993139,0.3925013061571243,2013-01-29,0.78,bmo,5466790588.0,2025-04-25,2012-12-31,0.0897435897435896,49.21596774193548,8384471.758064516
2012-09-30,LLY,USD,59478,2012-10-26,2012-10-26 15:24:11,2012,Q3,5443300000.0,1203600000.0,4239700000.0,0.7788841328,1342800000,1757400000.0,0.0,1757400000.0,0.0,3100200000.0,4303800000.0,25700000.0,47000000.0,369700000.0,2291400000.0,0.4209578748,1139500000.0,0.2093399225,735200000.0,1874700000.0,0.3444050484,548100000.0,1326600000.0,0.2437124538,1.18,1.18,1119617000,1119600000,https://www.sec.gov/Archives/edgar/data/59478/000005947812000021/0000059478-12-000021-index.htm,https://www.sec.gov/Archives/edgar/data/59478/000005947812000021/lly-9302012x10q.htm,4.861751831206564,1.1848694687558334,1.3793109608017742,1.1862985288719268,6.162732434394976,14.341422111311278,9.847831892513245,14.341422111311278,4.9722360414320255,53260180690.0,53460980690.0,10.03697058080808,9.784538917568389,34.48823459819983,40.099518664357774,3.3169653351518664,3.3169653351518664,9.821428304521154,23.33114283407524,34.618261147445445,40.25070071525373,0.0249079139952876,0.0249379552001666,0.3437774414737589,0.1608344745199731,0.0876320153617875,2.0168804861580014,24.24468085106383,1.1641037238052163,0.0102177648094644,0.4102216191768431,0.322855620671284,0.2466885896423125,0.1465895515864922,0.1839020915625202,0.0521742325427589,0.7681904246686503,0.0063380669814267,19.55341522497368,0.0294616635983583,0.045292063134391,-6.467278542573041,7078200000.0,11025800000.0,-4225200000.0,19748200000.0,3783600000.0,1265150000.0,2437100000.0,62.75513016001322,99.3544366899302,190.9322033898305,1.434145698853906,0.9058478211785956,0.4713715046604527,0.0826186872933131,0.2536581706065556,2012-10-24,0.83,bmo,5718910126.0,2025-04-25,2012-09-30,-0.0481927710843372,44.44968253968254,7051333.26984127
2012-06-30,LLY,USD,59478,2012-07-27,2012-07-27 13:05:14,2012,Q2,5600700000.0,1146700000.0,4454000000.0,0.7952577356,1320700000,1931100000.0,0.0,1931100000.0,0.0,4454000000.0,4398500000.0,27200000.0,43000000.0,362000000.0,1590700000.0,0.2840180692,1202200000.0,0.21465174,-16500000.0,1185700000.0,0.2117056796,262100000.0,923600000.0,0.1649079579,0.83,0.83,1118686000,1118707000,https://www.sec.gov/Archives/edgar/data/59478/000005947812000006/0000059478-12-000006-index.htm,https://www.sec.gov/Archives/edgar/data/59478/000005947812000006/lly-6302012x10q.htm,5.006498695791312,0.825611476321327,1.1674410871325824,1.006984980593303,4.703285819255806,12.789916026481068,8.19273683589497,12.7921507911961,4.963233650908298,48002816259.99999,49166316259.99999,12.993399810524034,8.570860117485314,36.75560203675344,42.61235353750554,3.3544007337321107,3.3544007337321107,8.778602006891994,30.90860392280128,37.64649024502297,43.64519863293386,0.0192405377842304,0.0234673731203286,0.3849857446332737,0.1731798092579669,0.731438989124285,1.8620058399019623,27.95813953488372,1.4140320485058466,0.0114659939329151,0.5959289735816371,0.3447961861910118,0.2358098094880997,0.1616592167883165,0.1374425727411944,0.0320495652329173,0.4958563535911602,0.006713446533469,15.41526179638218,0.0371431326699758,0.0346309308656232,-7.378321530795952,5697600000.0,9165100000.0,-5197400000.0,18460300000.0,3851500000.0,1223950000.0,2372500000.0,60.60903101398039,94.30888636958228,182.1505188802651,1.4849272211469629,0.9543109187749668,0.4940968631506377,0.0645404740608229,0.1604561065392791,2012-07-25,0.77,bmo,5195830120.0,2025-04-25,2012-06-30,0.0779220779220778,40.943015873015874,6225787.682539683
2012-03-31,LLY,USD,59478,2012-04-30,2012-04-30 15:25:52,2012,Q1,5602000000.0,1197900000.0,4404100000.0,0.7861656551,1151500000,1847500000.0,0.0,1847500000.0,0.0,4404100000.0,4196900000.0,26100000.0,45300000.0,385900000.0,1766500000.0,0.3153338094,1405100000.0,0.2508211353,-69800000.0,1335300000.0,0.2383612995,324200000.0,1011100000.0,0.180489111,0.91,0.91,1116962000,1116983000,https://www.sec.gov/Archives/edgar/data/59478/000119312512195656/0001193125-12-195656-index.htm,https://www.sec.gov/Archives/edgar/data/59478/000119312512195656/d340670d10q.htm,5.015389959550997,0.9052232752770462,0.7632309783143921,0.6462171497329363,4.408923490682763,13.27046040957526,8.555259713401172,13.280756194033458,4.887453646587798,44980059740.0,46271659740.0,11.121565557313817,8.029285922884684,52.76253341935484,62.31651390967027,3.0322068571736747,3.0322068571736747,8.259846436986791,26.193976643079537,54.27760673313783,64.10592926018288,0.0224788496468101,0.0160471107457893,0.3649564179828907,0.1679312120403744,0.7311633172940843,1.9229748081236555,31.01766004415011,0.8431411334190486,0.0121075872986379,0.5386213035308081,0.3297929310960371,0.2055515887183149,0.163368302200495,0.1533137829912023,0.0233309532309889,0.3386887794765483,0.0050339164584077,16.44676613966025,0.0414068490349603,0.0374877185176946,-7.4581095865392015,6048900000.0,9555900000.0,-4813000000.0,19070200000.0,4084600000.0,1185750000.0,2362000000.0,63.15905033916458,93.63636363636364,182.1337340345605,1.424973927199654,0.9611650485436892,0.4941423974919561,0.0681605220404338,0.1170138285814557,2012-04-25,0.78,bmo,4749521739.0,2025-04-25,2012-03-31,0.1794871794871795,39.66774193548388,6940324.064516129
2011-12-31,LLY,USD,59478,2012-02-24,2012-02-24 17:07:08,2011,Q4,6046600000.0,1321700000.0,4724900000.0,0.7814143486,1355300000,2133400000.0,0.0,2133400000.0,0.0,4724900000.0,4810400000.0,24400000.0,50100000.0,318900000.0,1410800000.0,0.2333212053,1068600000.0,0.1767274171,-26800000.0,1041800000.0,0.1722951741,183600000.0,858200000.0,0.1419310025,0.77,0.77,1115846000,1115883000,https://www.sec.gov/Archives/edgar/data/59478/000119312512078393/0001193125-12-078393-index.htm,https://www.sec.gov/Archives/edgar/data/59478/000119312512078393/d266023d10k.htm,5.418848120618796,0.7691025464087338,1.7428032183652582,1.489094373237884,6.181050073217989,12.13034773615714,7.534641877104905,12.135814440343918,6.306515415209626,46374559760.0,47439059760.0,13.509251852714987,7.669526636456852,23.8466394610994,27.909580982185844,3.4245744448629054,3.4245744448629054,7.845575986504812,33.62564485398356,24.39402466190158,28.55022855079441,0.0185058360541081,0.0358299897314216,0.5159618068632447,0.2075769909506295,0.7545364332293734,1.5953823242898253,21.32934131736527,2.266021906315544,0.0117284132251566,0.633768352365416,0.3528263817682665,0.2241424933020209,0.1523508755251071,0.145575152979894,0.0468197003274567,0.887739103167137,-0.0183078093474018,14.491650363167018,0.0335328268327238,0.0300788246056141,-7.974913204868772,5317300000.0,8407500000.0,-5876000000.0,18205700000.0,4167750000.0,1139750000.0,2406550000.0,63.07858962061323,76.61950518271922,156.6028599530907,1.4267915712971049,1.1746356203341628,0.5747021480128707,0.0633746132317212,0.2537088451273742,2012-01-31,0.81,bmo,5629593103.0,2025-04-25,2011-12-31,0.074074074074074,38.352539682539685,8186779.80952381
2011-09-30,LLY,USD,59478,2011-10-28,2011-10-28 15:35:38,2011,Q3,6147900000.0,1338100000.0,4809800000.0,0.7823484442,1280900000,1917800000.0,0.0,1917800000.0,0.0,4809800000.0,4536800000.0,22200000.0,45000000.0,358200000.0,1905700000.0,0.3099757641,1611100000.0,0.2620569625,-108600000.0,1502500000.0,0.2443923942,266200000.0,1236300000.0,0.2010930562,1.11,1.11,1113820000,1113841000,https://www.sec.gov/Archives/edgar/data/59478/000119312511286084/0001193125-11-286084-index.htm,https://www.sec.gov/Archives/edgar/data/59478/000119312511286084/d247538d10q.htm,5.519653085776876,1.1099639079923147,1.8615216103140544,1.5485446481478156,6.091020093013234,13.519150311540464,8.830870338115673,13.521574401608875,6.396904347201523,41177925400.0,41660225400.0,8.326847326700639,6.697884708599685,19.860097135140347,23.874029104823748,2.734149064446304,2.734149064446304,6.776334260479188,21.86085186545626,20.092710234397607,24.15365572820037,0.0300233678115313,0.0418865201013745,0.4701007927970997,0.2142714468164952,0.2530828566930787,1.7729855340479117,35.80222222222222,1.677101027258756,0.0131356787586001,0.4375151662217908,0.3119439158086501,0.2083475658354885,0.1580372977586238,0.1681296421336934,0.0567022885863465,0.9731993299832497,0.0059369866133151,18.376352745115643,0.0501164083843686,0.0444387731260985,-6.168097179077409,6353400000.0,9836000000.0,-3411600000.0,19387500000.0,4272050000.0,1170950000.0,2691750000.0,59.98536085492607,77.63769523951872,169.04341977430684,1.5003660679422102,1.1592307025903146,0.5324075916126209,0.0820883630134257,0.3129769621662387,2011-10-20,1.13,bmo,6147900000.0,2025-04-25,2011-09-30,0.0,36.940625,9605275.234375
2011-06-30,LLY,USD,59478,2011-07-29,2011-07-29 15:48:00,2011,Q2,6252800000.0,1228000000.0,5024800000.0,0.8036079836,1260600000,2043000000.0,0.0,2043000000.0,0.0,3303600000.0,4531600000.0,17800000.0,45100000.0,355600000.0,1932000000.0,0.3089815763,1721200000.0,0.2752686796,-189900000.0,1531300000.0,0.2448982856,334000000.0,1197300000.0,0.191482216,1.07,1.07,1107100000,1107100000,https://www.sec.gov/Archives/edgar/data/59478/000119312511202740/0001193125-11-202740-index.htm,https://www.sec.gov/Archives/edgar/data/59478/000119312511202740/d10q.htm,5.647908951314244,1.0814741215789,1.842922951856201,1.3531749616114173,5.717460030710866,12.895854033059344,8.419835606539609,12.895673380905068,6.118417487128534,41549463000.0,42164563000.0,8.675658356301678,6.644937148157625,20.36438906043229,27.734772712102,2.910278423736412,2.910278423736412,6.743309077533265,21.82430797101449,20.66586433367642,28.14535945531006,0.028816256903248,0.0360558209861821,0.4712960887593858,0.2052697891657235,0.3183747412008281,1.7342729540049882,38.16407982261641,1.7040841894262089,0.0132877770285502,0.461120855257663,0.3267336233367451,0.2016056806550665,0.1511746742608902,0.2657452335440866,0.0867131525076765,1.5247469066366703,0.0058053991811668,17.714191583024924,0.0523908662814642,0.0430313507452226,-6.686410441694517,6329800000.0,9321600000.0,-3552000000.0,19238900000.0,4314800000.0,1185400000.0,2818700000.0,64.00092758444217,87.03908794788273,210.35667752443,1.4062296188013044,1.034018187942068,0.4278447494948087,0.0838633307183682,0.4897479902447836,2011-07-21,1.18,bmo,6252800000.0,2025-04-25,2011-06-30,0.0,37.2731746031746,7492413.317460317
2011-03-31,LLY,USD,59478,2011-04-29,2011-04-29 12:57:48,2011,Q1,5839200000.0,1180100000.0,4659100000.0,0.7979003973,1124000000,1785700000.0,0.0,1785700000.0,0.0,2909700000.0,4089800000.0,15500000.0,45800000.0,340900000.0,1660600000.0,0.2843882724,1285100000.0,0.220081518,-11200000.0,1273900000.0,0.218163447,218000000.0,1055900000.0,0.1808295657,0.95,0.95,1112003000,1112026000,https://www.sec.gov/Archives/edgar/data/59478/000119312511117877/0001193125-11-117877-index.htm,https://www.sec.gov/Archives/edgar/data/59478/000119312511117877/d10q.htm,5.2510649701484615,0.9495477979825594,1.0576410315439797,0.5909156719900935,6.036944144934861,12.530721589779883,8.275966881384313,12.534228774562658,6.041440535682008,39109145510.0,39275045510.0,9.25967078085046,6.697688983079874,33.25324845676388,59.51779867600061,2.805916553188742,2.805916553188742,6.726100409302644,23.651117373238588,33.3943078904855,59.77027166336935,0.0269988000563707,0.0168016966730194,0.4787094367238002,0.2105138616766523,0.0999036492833915,2.006625891946993,28.058951965065503,1.1138365375509045,0.0138893343977844,0.5144426555545033,0.3058124400602822,0.1924921222085217,0.1492744981117074,0.4412890060369016,0.0888820386354295,1.5224405984159577,0.0064906151527606,16.36433958266117,0.0416357234003803,0.0391596202343865,-5.869655927187247,7702500000.0,9202900000.0,-2406800000.0,20401500000.0,4170600000.0,1127700000.0,2642450000.0,64.47441430332923,90.23642064231844,211.0397423947123,1.3959025603021682,0.9973799864773496,0.4264599595258745,0.0757563799944038,0.4667253595538861,2011-04-18,1.17,bmo,5509567741.0,2025-04-25,2011-03-31,0.0598290598290598,34.77145161290323,7727980.032258064
2010-12-31,LLY,USD,59478,2011-02-22,2011-02-22 10:46:00,2010,Q4,6187000000.0,1232200000.0,4954800000.0,0.800840472,1438100000,1988700000.0,56500000.0,1988700000.0,0.0,4954800000.0,4659000000.0,14000000.0,43200000.0,338500000.0,1791300000.0,0.2895264264,1528000000.0,0.2469694521,-118400000.0,1409600000.0,0.2278325521,240000000.0,1169600000.0,0.1890415387,1.05,1.05,1112003000,1112003000,https://www.sec.gov/Archives/edgar/data/59478/000119312511041620/0001193125-11-041620-index.htm,https://www.sec.gov/Archives/edgar/data/59478/000119312511041620/d10k.htm,5.563833910520025,1.0517957235726882,2.003681644743764,1.7570096483552653,6.049444111211931,11.162559813237914,6.829118266767266,11.169304399358635,6.267698918078459,38964585120.0,39897885120.0,8.328613440492475,6.297815600452561,17.487808051703247,19.94297528918006,3.1371694017052727,3.1371694017052727,6.44866415387102,22.2731452687992,17.9066851218527,20.420659801412636,0.0300170012435127,0.0501429694165315,0.5576757405215655,0.2234253936918978,0.5210182548986769,2.0897287858732083,35.370370370370374,1.9050102599179208,0.0139639623602901,0.4652017783857729,0.3214320349119121,0.2324389849684823,0.1554381415032869,0.1231093757012701,0.0443348957491514,0.8103397341211226,-0.0283174397931145,16.258108701717372,0.0527037366840218,0.0446708882998632,-6.730355044006176,7738600000.0,7594000000.0,-3748600000.0,20498100000.0,4016550000.0,1053600000.0,2598850000.0,60.48634233069339,78.31358545690634,183.89303684466807,1.4879392030013707,1.1492258906920352,0.4894149422091591,0.0941684178320974,0.2466719963884989,2011-01-27,1.1,bmo,6131261261.0,2025-04-25,2010-12-31,0.009090909090909,35.35703125,6778863.40625
2010-09-30,LLY,USD,59478,2010-10-29,2010-10-29 09:15:32,2010,Q3,5654800000.0,987600000.0,4667200000.0,0.8253519134,1219800000,1694900000.0,0.0,1694900000.0,0.0,2914700000.0,3902300000.0,16300000.0,47200000.0,344700000.0,2063200000.0,0.3648581736,1752500000.0,0.3099137016,-81200000.0,1671300000.0,0.2955542194,368400000.0,1302900000.0,0.2304060267,1.18,1.18,1099000000,1099000000,https://www.sec.gov/Archives/edgar/data/59478/000095012310097867/0000950123-10-097867-index.htm,https://www.sec.gov/Archives/edgar/data/59478/000095012310097867/c60891e10vq.htm,5.14540491355778,1.1855323020928117,1.6006369426751592,1.4340309372156506,5.586897179253867,11.29481346678799,7.373976342129208,11.29481346678799,6.537033666969973,40146470000.0,41374470000.0,7.703290736050349,7.099538445214685,22.82216474333466,25.47364847715736,3.23422782566664,3.23422782566664,7.316699087500885,20.05354303993796,23.52024899096129,26.252836294416245,0.0324536628002412,0.039256253414061,0.5749617336663175,0.2386637239165329,0.5951919348584723,2.326390027882565,37.12923728813559,1.3501419909432804,0.013582763316426,0.418527899301558,0.2997276649925727,0.2157105467921058,0.1440944355270198,0.1040873173782047,0.0323795713376246,0.5311865390194372,0.0083115229539506,17.357512487314427,0.057015328868926,0.0509044735299863,-6.464740673339399,8087000000.0,8104000000.0,-3307000000.0,20338000000.0,3764000000.0,992650000.0,2427200000.0,61.67326872745279,94.31956257594167,244.228432563791,1.4593032258064516,0.9542028985507246,0.3685074626865671,0.1049625392733424,0.1666060054595086,2010-10-21,1.15,bmo,5374396694.0,2025-04-25,2010-09-30,0.0521739130434783,35.327968750000004,7479899.75
2010-06-30,LLY,USD,59478,2010-08-02,2010-07-30 17:56:06,2010,Q2,5748700000.0,1023900000.0,4724800000.0,0.8218901665,1187200000,1755400000.0,0.0,1755400000.0,0.0,2942600000.0,3966500000.0,11000000.0,47500000.0,345600000.0,2129600000.0,0.3704489711,1782200000.0,0.3100179171,-45700000.0,1736500000.0,0.3020682937,387600000.0,1348900000.0,0.2346443544,1.22,1.22,1099200000,1099200000,https://www.sec.gov/Archives/edgar/data/59478/000095012310070596/0000950123-10-070596-index.htm,https://www.sec.gov/Archives/edgar/data/59478/000095012310070596/c59350ae10vqza.htm,5.229894468704512,1.227165211062591,1.7390829694323144,1.2348981077147017,4.727620087336245,9.311590247452694,5.639828966521106,9.317230713245998,6.310407569141193,36823200000.0,38548600000.0,6.824671954926236,6.405482978760415,19.263025737602007,27.127744216885223,3.595488942049504,3.595488942049504,6.705620401134169,18.1013335837716,20.16562042268257,28.398850744069545,0.0366317973451519,0.0368626300810358,0.6726456085534346,0.2484895267845226,0.8101990984222389,1.9710969863706795,37.52,1.4171547186596487,0.0145750505116339,0.3978797538735266,0.3053559935289717,0.2065162558491485,0.1455825647203956,0.289914207993304,0.096404404474055,1.603587962962963,0.0094804042653121,16.039329206099488,0.0646154720894822,0.056946608069371,-7.700372998544396,6141800000.0,6199300000.0,-5021400000.0,17962200000.0,3691450000.0,957150000.0,2322750000.0,57.19032129003079,83.53061822443598,191.1280398476414,1.5736928551875171,1.0774492265600335,0.4708885209713024,0.1317092222818923,0.5041848617176128,2010-07-22,1.1,bmo,5099653225.0,2025-04-25,2010-06-30,0.1272727272727271,34.58111111111111,8018814.571428572
2010-03-31,LLY,USD,59478,2010-04-30,2010-04-30 10:09:16,2010,Q1,5485500000.0,1122500000.0,4363000000.0,0.7953696108,1039100000,1614400000.0,0.0,1614400000.0,0.0,2653500000.0,3776000000.0,10600000.0,47600000.0,299400000.0,2054800000.0,0.374587549,1709500000.0,0.3116397776,-1700000.0,1707800000.0,0.3113298697,459700000.0,1248100000.0,0.2275271169,1.13,1.13,1103400000,1103400000,https://www.sec.gov/Archives/edgar/data/59478/000095012310041274/0000950123-10-041274-index.htm,https://www.sec.gov/Archives/edgar/data/59478/000095012310041274/c57771e10vq.htm,4.971451876019576,1.1311401123799163,0.8682254848649629,0.7095341671198115,4.312488671379373,9.481874206996556,5.828076853362335,9.479427224941093,6.0984230560087,39965148000.0,41921348000.0,8.005197500200305,7.285598031173093,41.71727348643006,51.04757695746583,3.820905961987074,3.820905961987074,7.642210919697384,20.40166828888456,43.75923590814196,53.54623579001149,0.0312297104467122,0.019589568390939,0.638781597766645,0.2456595754068343,0.9520147946272144,2.1656532805429864,35.91386554621849,0.7675667013861068,0.0134917553664507,0.4320166653313035,0.2943031628839668,0.1894266703126424,0.1482325776349557,0.182776617954071,0.0319205177285571,0.5848363393453574,0.0134354206544526,15.532469490445967,0.057946429297292,0.053875905413922,-7.199678267174189,6594800000.0,6430700000.0,-4483100000.0,18613400000.0,3780850000.0,966050000.0,2660500000.0,61.1960623461854,77.29175946547885,198.128285077951,1.4706828601302984,1.1644190871369295,0.454251143215572,0.1193257868369727,0.1586913177451513,2010-04-19,1.1,bmo,5113601694.0,2025-04-25,2010-03-31,0.0727272727272725,35.3383606557377,6939400.065573771
2009-12-31,LLY,USD,59478,2010-02-22,2010-02-22 12:45:27,2009,Q4,5934200000.0,1431300000.0,4502900000.0,0.7588048937,1216700000,1953300000.0,0.0,1953300000.0,0.0,3170000000.0,4601300000.0,13800000.0,50200000.0,375800000.0,1563200000.0,0.2634221968,1332900000.0,0.2246132587,-195700000.0,1137200000.0,0.1916349297,221800000.0,915400000.0,0.1542583668,0.83,0.83,1101152000,1103400000,https://www.sec.gov/Archives/edgar/data/59478/000095012310014958/0000950123-10-014958-index.htm,https://www.sec.gov/Archives/edgar/data/59478/000095012310014958/c55339ke10vk.htm,5.3890834326232895,0.831311208625149,1.8331710790154312,1.5182281828485078,4.084449739908751,8.650304408474035,5.290368632123449,8.648851384731627,6.095707041353056,39322137920.0,41521337920.0,10.739058859514966,6.626358720636311,19.47990583572773,23.520838569206845,4.1288719636275815,4.1288719636275815,6.996956273802703,26.561756601842376,20.56937378381056,24.83630692666587,0.02327950738239,0.0425154909786756,0.6995285445782626,0.2426031193442312,1.4068577277379737,1.9010825048339703,26.55179282868525,2.2051562158619182,0.0137250930022677,0.5895783264146821,0.3291597856492871,0.2050318492804421,0.1347297430164342,0.1718022391756663,0.058440901890735,0.9228312932410856,0.0175423814499005,12.718980293319987,0.051286822491671,0.0385251524550631,-8.299671616634216,5918400000.0,5825500000.0,-5449100000.0,17815600000.0,3657350000.0,927900000.0,2989050000.0,58.11432038016919,60.87403060155104,179.20142527771955,1.5486716425700715,1.4784629687015804,0.5022281483560826,0.0961181053582116,0.3149428961669234,2010-01-28,0.92,bmo,5999410989.0,2025-04-25,2009-12-31,-0.0108695652173913,35.190625,6776540.40625
2009-09-30,LLY,USD,59478,2009-10-30,2009-10-30 13:15:47,2009,Q3,5562000000.0,1051900000.0,4510100000.0,0.8108773822,1122100000,1701800000.0,0.0,1701800000.0,0.0,2823900000.0,3875800000.0,15200000.0,59200000.0,309700000.0,1438400000.0,0.2586120101,1686200000.0,0.3031643294,-616700000.0,1069500000.0,0.1922869471,127700000.0,941800000.0,0.16932758,0.86,0.86,1097700000,1097700000,https://www.sec.gov/Archives/edgar/data/59478/000095012309055409/0000950123-09-055409-index.htm,https://www.sec.gov/Archives/edgar/data/59478/000095012309055409/c54269e10vq.htm,5.066958185296529,0.8579757675138927,1.1894871094105857,1.0307005557073885,3.5793932768515986,9.023412589960827,5.617290698733716,9.0230481916735,6.788193495490571,36257031000.0,39801031000.0,9.624397695901465,6.518703883495146,27.76827065941641,32.046164928407286,3.660625466954748,3.660625466954748,7.155884753685725,27.67034969410456,30.48252355058589,35.17856726179954,0.0259756514536449,0.0312049820074898,0.7463400844052258,0.27249436926559,2.4638487208008897,1.946435929130614,28.48310810810811,1.3863877681036314,0.0147998880548161,0.5697600339774899,0.3059690758719885,0.2017439769866954,0.1378248961401361,0.133491613693804,0.0313376483279395,0.562802712302228,0.0186983099604458,13.19791747569415,0.068480924587495,0.0402667920817478,-8.306026236676688,5742500000.0,6166100000.0,-5412900000.0,17714100000.0,3406400000.0,903150000.0,3063950000.0,56.35760517799353,75.95113603954748,267.6471147447476,1.5969450745068765,1.1849724005857836,0.3362636660060098,0.0950871312319528,0.1587865537031976,2009-10-21,1.02,bmo,4727700000.0,2025-04-25,2009-09-30,0.176470588235294,33.529375,6402639.9375
2009-06-30,LLY,USD,59478,2009-07-31,2009-07-31 10:22:37,2009,Q2,5292800000.0,947400000.0,4345400000.0,0.8210021161,1040400000,1708200000.0,0.0,1708200000.0,1596800000.0,4345400000.0,3696000000.0,18800000.0,64300000.0,306000000.0,1838000000.0,0.347264208,1596800000.0,0.3016928658,-129100000.0,1467700000.0,0.2773012394,309200000.0,1158500000.0,0.2188822551,1.06,1.06,1097200000,1097213000,https://www.sec.gov/Archives/edgar/data/59478/000095012309028099/0000950123-09-028099-index.htm,https://www.sec.gov/Archives/edgar/data/59478/000095012309028099/c52635e10vq.htm,4.82391542107182,1.0558694859642728,0.841505650747357,0.6802770689026614,3.181188479766679,7.801676995989792,4.347156398104265,7.8045023696682465,7.097338680277069,38007008000.0,42407608000.0,8.201771255934398,7.180888754534462,41.16431062493231,50.92042872454448,4.438463640504023,4.438463640504023,8.012320133010883,23.072692056583243,45.93047546842846,56.816195069667735,0.0304812207264512,0.0196384835133562,0.9018813280237298,0.2867608562464029,2.394232861806312,1.5645772824174096,24.833592534992224,0.7969788519637462,0.0141815951416117,0.4652567975830816,0.3227403264812575,0.1965689238210399,0.140738540370941,0.1915953644535903,0.0334227629987908,0.5781045751633986,0.0178166565900846,13.61660963193638,0.0600846892362581,0.0500622266779596,-9.919636347065255,3946000000.0,4769700000.0,-7436200000.0,16330600000.0,3244900000.0,970650000.0,2774350000.0,56.622392684401454,87.26409119696011,284.96200126662444,1.5894771614763206,1.031352057478772,0.3158315831583158,0.1352897899125316,0.1612285818446956,2009-07-22,1.02,bmo,4820228571.0,2025-04-25,2009-06-30,0.0980392156862745,33.931269841269845,6383554.714285715
2009-03-31,LLY,USD,59478,2009-05-01,2009-05-01 14:33:26,2009,Q1,5047000000.0,816400000.0,4230600000.0,0.8382405389,947300000,1529200000.0,0.0,1529200000.0,0.0,2476500000.0,3292900000.0,27400000.0,87600000.0,306300000.0,2077300000.0,0.4115910442,1754100000.0,0.3475530018,-70700000.0,1683400000.0,0.33354468,370300000.0,1313100000.0,0.260174361,1.2,1.2,1097200000,1097300000,https://www.sec.gov/Archives/edgar/data/59478/000095013709003504/0000950137-09-003504-index.htm,https://www.sec.gov/Archives/edgar/data/59478/000095013709003504/c50875e10vq.htm,4.599890630696318,1.196773605541378,0.0801130149471381,-0.0629784907036091,3.197502734232592,7.040466642362377,3.5243346700692677,7.037003281079111,7.802770689026613,36657452000.0,41817952000.0,6.979181326631634,7.263216168020606,417.0358589306029,-530.4985817655572,4.74775961662997,4.74775961662997,8.28570477511393,20.130916093005343,475.7446188850967,-605.1802026049204,0.0358208202795982,-0.0018850191770011,1.0974744204118638,0.3185947181615833,2.484234342656333,1.3945118719164955,20.023972602739725,0.0669408270504912,0.0146436800899309,0.4088035945472545,0.3029918763621954,0.1876956607885873,0.1450512843650364,1.7861205915813425,0.0311075886665345,0.5125693764283382,0.0130968892411333,13.765472939580754,0.0656489099324035,0.0577468567081081,-10.681074553408676,2902700000.0,3866900000.0,-8611600000.0,15210800000.0,3218600000.0,954250000.0,2521100000.0,56.34852387556965,112.74252817246447,281.00195982361583,1.5972024431152885,0.798279065219517,0.3202824637112593,0.1700686439580365,0.1430915056507473,2009-04-20,0.99,bmo,4163775000.0,2025-04-25,2009-03-31,0.2121212121212121,34.685901639344266,7045880.590163934
2008-12-31,LLY,USD,59478,2009-02-27,2009-02-27 11:19:34,2008,Q4,5210500000.0,915400000.0,4295100000.0,0.8243162844,1059300000,1726600000.0,0.0,1726600000.0,0.0,2785900000.0,3701300000.0,0.0,0.0,280300000.0,1789500000.0,0.3434411285,1509200000.0,0.2896459073,-4846600000.0,-3337400000.0,-0.640514346,292000000.0,-3629400000.0,-0.6965550331,-3.31,-3.31,1096296000,1097200000,https://www.sec.gov/Archives/edgar/data/59478/000095015209001897/0000950152-09-001897-index.htm,https://www.sec.gov/Archives/edgar/data/59478/000095015209001897/c49534e10vk.htm,4.752822230492495,-3.310602246108715,2.171402613892598,1.919919437816064,5.405565650152878,6.145876661047747,2.447879039967308,6.143687471266884,9.543043119741384,44147839920.0,49113139920.0,-3.0409874855348,8.472860554649266,18.545616433522373,20.97483842645381,6.554695398868648,6.554695398868648,9.425801731119854,27.44517458507963,20.63143873976055,23.333874914481186,-0.082210137723087,0.0476761717858471,1.5533086870666488,0.3581331343324456,2.774685666387259,0.9499302043525024,0.0,-0.655893536121673,0.0116698801330617,-0.1419518377693282,0.3313693503502543,0.2033010267728625,0.138779156939129,0.1158160050409577,0.0529123884464062,0.9835890117731002,0.0489972171576624,,0.0747746990921363,-0.1442613828328398,-11.716019213788975,-656400000.0,2683600000.0,-10021600000.0,12024000000.0,3268150000.0,870100000.0,2302400000.0,56.60819499088379,87.08979681013764,245.1256281407035,1.5898758124065542,1.0334161210205464,0.3671586715867159,-0.5388624114738765,0.2514831760765341,2009-01-29,1.05,bmo,5107121495.0,2025-04-25,2008-12-31,0.019047619047619,34.82609375,7410228.09375
2008-09-30,LLY,USD,59478,2008-11-03,2008-11-03 17:24:48,2008,Q3,5209500000.0,1155200000.0,4054300000.0,0.7782512717,953000000,1649200000.0,0.0,1649200000.0,0.0,2602200000.0,3757400000.0,53200000.0,44000000.0,283300000.0,94500000.0,0.0181399367,1452100000.0,0.2787407621,-1684900000.0,-232800000.0,-0.04468759,232800000.0,-465600000.0,-0.08937518,-0.43,-0.43,1094000000,1094000000,https://www.sec.gov/Archives/edgar/data/59478/000095013708013382/0000950137-08-013382-index.htm,https://www.sec.gov/Archives/edgar/data/59478/000095013708013382/c47344e10vq.htm,4.761882998171847,-0.4255941499085923,1.948446069469836,1.746526508226691,5.593053016453382,12.560877513711151,10.459597806215722,12.560877513711151,4.256032906764168,48168820000.0,48427320000.0,-25.86384235395189,9.24634225933391,22.59749483955714,25.210038205893127,3.505328346044129,3.505328346044129,9.295963144255689,512.4584126984126,22.718765246762995,25.345328937038783,-0.0096660038589278,0.0396667387741696,0.3356304942655877,0.1664591386323361,2.735449735449736,1.9886632461826783,33.002272727272725,-4.578178694158075,0.0108015932298113,-1.1174828178694158,0.3165754870908916,0.1829350225549477,0.0829679035337512,0.1036310752486395,0.042403301660428,0.7797387927991528,0.0149534504271043,,0.1343057186988411,-0.0183247206621458,-3.973171846435101,6436000000.0,11442800000.0,-1019700000.0,16996900000.0,3368100000.0,832550000.0,2329000000.0,56.30290814857472,66.56509695290859,164.5117728531856,1.598496471310218,1.352059925093633,0.54707330933889,-0.0338825173196716,0.2019195612431444,2008-10-23,1.02,bmo,5109317307.0,2025-04-25,2008-09-30,0.0196078431372549,47.1084375,5946582.34375
2008-06-30,LLY,USD,59478,2008-08-06,2008-08-06 15:53:56,2008,Q2,5150400000.0,1200900000.0,3949500000.0,0.766833644,951500000,1700100000.0,0.0,1700100000.0,0.0,2651600000.0,3852500000.0,47300000.0,42600000.0,281500000.0,1530400000.0,0.2971419696,1297900000.0,0.2519998447,-91600000.0,1206300000.0,0.2342148183,247500000.0,958800000.0,0.1861602982,0.88,0.88,1093800000,1093800000,https://www.sec.gov/Archives/edgar/data/59478/000095013708010281/0000950137-08-010281-index.htm,https://www.sec.gov/Archives/edgar/data/59478/000095013708010281/c33792e10vq.htm,4.708721886999451,0.8765770707624795,0.9882062534284148,0.7446516730663741,4.726641067836899,13.474126897056134,11.3371731577985,13.474126897056134,4.257085390382154,50489808000.0,52235308000.0,13.164843554443053,9.803084808946878,46.71089647515959,61.98871454880295,3.42582494232596,3.42582494232596,10.141990525007769,34.131800836382645,48.3257544638727,64.13174708410068,0.0189899712036932,0.0161319686539509,0.3130546885601845,0.1662510810031709,1.1405514898065865,2.4106450140716515,30.46713615023474,1.1273466833541927,0.0100535141666611,0.5294117647058824,0.3300908667287978,0.1847429325877601,0.0842245603920438,0.2464612822647793,0.0517241379310344,0.9463587921847249,0.0109311898105001,16.30184009387672,0.0457247915722565,0.0377263462734019,-3.623057231669409,7418300000.0,12400600000.0,-336900000.0,18426200000.0,3423650000.0,800250000.0,2570400000.0,60.7618825722274,60.756932300774416,190.8368723457407,1.4811917634878635,1.4813124460342917,0.4716069745523091,0.065056317003664,0.2435545803620405,2008-07-24,1.0,bmo,5202424242.0,2025-04-25,2008-06-30,-0.01,49.04890625,5537823.6875
2008-03-31,LLY,USD,59478,2008-05-06,2008-05-06 13:01:00,2008,Q1,4807600000.0,1111300000.0,3696300000.0,0.7688451618,877100000,1550500000.0,0.0,1550500000.0,0.0,2427600000.0,3538900000.0,56300000.0,59800000.0,277500000.0,1393600000.0,0.2898743656,1268700000.0,0.2638946668,-212400000.0,1056300000.0,0.2197146185,-8000000.0,1064300000.0,0.2213786505,0.97,0.97,1093900000,1094100000,https://www.sec.gov/Archives/edgar/data/59478/000095013708006801/0000950137-08-006801-index.htm,https://www.sec.gov/Archives/edgar/data/59478/000095013708006801/c26296e10vq.htm,4.394917268488893,0.972940853825761,1.5564494012249748,1.388061065910961,4.96800438796965,13.630313556997898,11.455983179449676,13.630313556997898,4.3706920193802,56434301000.0,58010201000.0,13.25620149393968,11.738559988351776,33.145953835310706,37.16695271338251,3.7849459430457006,3.7849459430457006,12.066353481986852,41.62614882319173,34.07153823563961,38.20482152265543,0.0188590977675084,0.026905622522019,0.3166490053788681,0.1734483949419916,1.1308122847301951,3.000312177316716,21.21571906354515,1.5997369162830029,0.0091008480817366,0.4825707037489429,0.3225101921956901,0.1824403028538148,0.0873799604705329,0.1081874779748619,0.0383143356352441,0.6637837837837838,0.0121682336300856,17.27378072329024,0.0552688901725037,0.0428432836722124,-2.7888518146082824,8329900000.0,12531700000.0,184200000.0,19370500000.0,3537450000.0,857100000.0,2559050000.0,63.08948331807971,63.96292630252857,210.11068118419868,1.426545206373698,1.4070650797670297,0.428345667591736,0.0713806655846333,0.168388335314014,2008-04-21,0.96,bmo,5016626086.0,2025-04-25,2008-03-31,-0.0416666666666665,51.5672131147541,6787714.147540984
2007-12-31,LLY,USD,59478,2008-02-29,2008-02-29 09:54:07,2007,Q4,5189600000.0,1272800000.0,3916800000.0,0.7547402497,953600000,1755800000.0,0.0,1755800000.0,0.0,2709400000.0,3982200000.0,0.0,0.0,274800000.0,1482200000.0,0.2856096809,1207400000.0,0.2326576229,-155100000.0,1052300000.0,0.2027709265,197900000.0,854400000.0,0.1646369662,0.78,0.78,1097216495,1097216495,https://www.sec.gov/Archives/edgar/data/59478/000095013708003028/0000950137-08-003028-index.htm,https://www.sec.gov/Archives/edgar/data/59478/000095013708003028/c24001e10vk.htm,4.729786713605686,0.7786977354911165,2.0321422528377138,1.697932913412863,4.403141970628139,12.453695384883911,10.215850792509276,13.031885744663365,4.56354787119747,58580388668.05,60367088668.05,17.14079724603523,11.288035430100589,26.272767039534465,31.444116300617285,4.09687446974921,4.09687446974921,11.632320153393326,40.72803175553232,27.074085602569856,32.40316085241546,0.0145850858867038,0.0318024520212186,0.350183232159342,0.1869209117583377,1.2054378626366211,2.3377749938310277,0.0,2.6096676029962547,0.0079173254146222,0.5428370786516854,0.3383305071681825,0.1837521196238631,0.0916611293200636,0.1644615867605507,0.0706605518729767,1.3344250363901018,0.0543394481270232,15.110517799444771,0.0445759096933234,0.0351136755930364,-3.8750328849184874,7047800000.0,11209000000.0,-807300000.0,18078300000.0,3321750000.0,834650000.0,2510850000.0,64.2500385386157,65.36455059710873,178.45144563167818,1.40077736989851,1.3768931198615315,0.504338867535761,0.0597532660083363,0.3342093394248507,2008-01-29,0.89,bmo,5131937777.0,2025-04-25,2007-12-31,0.0112359550561797,54.19359375,6220361.3125
2007-09-30,LLY,USD,59478,2007-11-05,2007-11-05 10:19:39,2007,Q3,4586800000.0,1054600000.0,3532200000.0,0.7700793582,844500000,1477800000.0,0.0,1477800000.0,0.0,2322300000.0,3376900000.0,0.0,0.0,265500000.0,1475400000.0,0.321662161,1209900000.0,0.2637786692,-31500000.0,1178400000.0,0.2569111363,252100000.0,926300000.0,0.2019490712,0.85,0.85,1089764706,1089764706,https://www.sec.gov/Archives/edgar/data/59478/000095013707016548/0000950137-07-016548-index.htm,https://www.sec.gov/Archives/edgar/data/59478/000095013707016548/c21135e10vq.htm,4.208981970829215,0.849999999908237,1.3255154915982386,1.1143689948057467,3.2720824783253715,11.88045449510089,9.628959299403114,11.88045449510089,4.564563315927392,63522384712.74,66001184712.74,17.144117648909642,13.84895454625011,43.97534421096574,52.307629045405136,4.906377952462751,4.906377952462751,14.38937488286823,44.73443453486512,45.69137051764624,54.34880164092556,0.0145822611066775,0.0191176701802324,0.3842078026400142,0.1991831341221695,1.68008675613393,2.567467334708714,0.0,1.5594299902839253,0.0072934919256436,0.5001619345784303,0.3221854015871632,0.184115287346298,0.0982481430316135,0.1592938733125649,0.0501656928577657,0.8666666666666667,0.0,15.073609129676786,0.044558708505345,0.0411325094694026,-4.595280955997486,6382100000.0,10493300000.0,-1572900000.0,17276400000.0,2876450000.0,732100000.0,2414000000.0,57.661768553239725,63.570073961691634,213.1803527403755,1.5608262156735973,1.4157605047657404,0.422177742193755,0.071546084390858,0.211146496792492,2007-10-18,0.87,bmo,4385182417.0,2025-04-25,2007-09-30,0.0459770114942529,56.453968253968256,5250469.047619048
2007-06-30,LLY,USD,59478,2007-08-06,2007-08-06 17:26:56,2007,Q2,4631000000.0,998900000.0,3632100000.0,0.7843014468,854400000,1524700000.0,0.0,1524700000.0,0.0,2379100000.0,3378000000.0,0.0,0.0,262500000.0,1515500000.0,0.3272511337,1253000000.0,0.2705679119,-326300000.0,926700000.0,0.200107968,263100000.0,663600000.0,0.1432951846,0.61,0.61,1087868852,1087868852,https://www.sec.gov/Archives/edgar/data/59478/000095013707011405/0000950137-07-011405-index.htm,https://www.sec.gov/Archives/edgar/data/59478/000095013707011405/c17272e10vq.htm,4.256946957793769,0.610000000257384,0.5409659435676167,0.3146518988669417,2.761729958971194,10.62628089658734,8.33344937060483,10.62628089658734,4.631256783147607,60790111449.76,63607811449.76,22.90163933459916,13.126778546698338,103.29670594691588,177.5930804842536,5.258660160013841,5.258660160013841,13.735221647540488,41.97150211135599,108.08464137597282,185.82474861162723,0.0109162491098314,0.0056308500155143,0.4358304498269896,0.2094397978017592,1.859254371494556,2.103603801812901,0.0,0.8868294153104279,0.0076262403365248,0.6986136226642555,0.3292377456272943,0.184495789246383,0.1036889539234107,0.4183517417162277,0.05316346361477,0.937904761904762,0.0,12.076659528495432,0.044920046192559,0.0307773650011826,-5.713510400240782,5016100000.0,9065700000.0,-2934300000.0,15820100000.0,2760400000.0,662650000.0,2303900000.0,54.69185920967394,64.80828911802983,209.9309240164181,1.645583114206524,1.388711247045739,0.4287124463519313,0.0574048442906574,0.226314044700675,2007-07-24,0.82,bmo,4219355555.0,2025-04-25,2007-06-30,0.0975609756097561,58.041428571428575,5235733.666666667
2007-03-31,LLY,USD,59478,2007-05-03,2007-05-03 16:33:23,2007,Q1,4226100000.0,922500000.0,3303600000.0,0.7817136367,834200000,1336800000.0,0.0,1336800000.0,0.0,2171000000.0,3093500000.0,0.0,0.0,245100000.0,1377700000.0,0.325997965,1132600000.0,0.2680012304,-413200000.0,719400000.0,0.1702278697,210700000.0,508700000.0,0.1203710277,0.47,0.47,1082340426,1082340426,https://www.sec.gov/Archives/edgar/data/59478/000095013707006697/0000950137-07-006697-index.htm,https://www.sec.gov/Archives/edgar/data/59478/000095013707006697/c14755e10vq.htm,3.904594061609965,0.4699999997967368,0.8239551795139175,0.6027678393304327,3.10798702440779,10.65644387193942,8.424890894724836,10.65644387193942,4.950568112661441,58132504280.46,60999304280.46,28.56914894852565,13.75559127338681,65.18558452619422,89.10561661627835,5.040142907469286,5.040142907469286,14.433947204387024,44.276188052885246,68.40020663877551,93.49985328090128,0.0087506981902203,0.0112226371128362,0.4645609897779589,0.2257671710213076,2.080859403353415,2.226717722707897,0.0,1.7530961273835266,0.0079628429177374,0.9099665814822095,0.3163200113579896,0.1973923948794396,0.1017684013601142,0.2684458398744113,0.0566479733087243,0.9767441860465116,0.0,10.615643828662629,0.039423123886089,0.0238624636457453,-5.235552386176879,5093700000.0,9118600000.0,-2953400000.0,15718100000.0,2700500000.0,697700000.0,2274050000.0,57.6403776531554,59.1219512195122,222.22439024390243,1.561405453336289,1.5222772277227723,0.4049960488190359,0.0441047694188435,0.2211873401834849,2007-04-16,0.79,bmo,3974546428.0,2025-04-25,2007-03-31,0.0632911392405062,53.209016393442624,4809801.459016394
2006-12-31,LLY,USD,59478,2007-02-28,2007-02-28 17:18:31,2006,Q4,4245300000.0,1019000000.0,3226300000.0,0.759969849,858000000,1310800000.0,0.0,1310800000.0,0.0,2168800000.0,4245300000.0,0.0,0.0,173600000.0,1231100000.0,0.2899912845,1057500000.0,0.2490990036,-842500000.0,215000000.0,0.0506442419,82700000.0,132300000.0,0.0311638753,0.12,0.12,1082340426,1082340426,https://www.sec.gov/Archives/edgar/data/59478/000095013707003013/0000950137-07-003013-index.htm,https://www.sec.gov/Archives/edgar/data/59478/000095013707003013/c12621e10vk.htm,3.922333397163528,0.1222351090487679,1.7163731071798662,1.3375643792131626,3.5949872207766917,10.145329266302394,10.145329266302394,10.145329266302394,3.431267936396936,56389936194.6,56994436194.6,106.55694670181408,13.282909616422868,30.354705385476663,38.951396141880224,5.135368072581894,5.135368072581894,13.425302380185146,46.2955374824141,30.68010776476288,39.368955028389855,0.0023461633214734,0.0256730207142641,0.3382115894250821,0.1691520081620011,0.4910242872228089,1.906282568085734,0.0,14.041572184429327,0.0077105957080624,3.2864701436130006,0.3087649871622736,0.2021058582432336,0.0,0.2207030198632718,0.0965773914682119,2.3617511520737327,0.0846347725720208,5.282290900456727,0.0380782943332282,0.0060258524098854,-3.628941417734682,4608900000.0,10980700000.0,-1280300000.0,12761200000.0,2585950000.0,710000000.0,2235050000.0,57.12105151579394,69.72129538763494,200.5171736997056,1.575601247030879,1.2908538130225489,0.4488393604369466,0.0120484122141575,0.3788087279667035,2007-01-31,0.82,bmo,4095465882.0,2025-04-25,2006-12-31,0.0365853658536585,55.17047619047619,4927013.031746032
2006-09-30,LLY,USD,59478,2006-11-03,2006-11-03 08:00:47,2006,Q3,3864100000.0,860400000.0,3003700000.0,0.7773349551,755700000,1198200000.0,0.0,1198200000.0,0.0,1953900000.0,2814300000.0,0.0,0.0,214200000.0,1264000000.0,0.3271136875,1049800000.0,0.2716803395,56000000.0,1105800000.0,0.2861727181,232200000.0,873600000.0,0.2260811056,0.8,0.8,1092000000,1092000000,https://www.sec.gov/Archives/edgar/data/59478/000095013706011789/0000950137-06-011789-index.htm,https://www.sec.gov/Archives/edgar/data/59478/000095013706011789/c09620e10vq.htm,3.5385531135531134,0.8,1.0769230769230769,0.8244505494505494,3.313644688644689,11.95485347985348,11.95485347985348,11.95485347985348,4.4757326007326,62244000000.0,64961600000.0,17.8125,16.10827877125333,52.92857142857143,69.13695434855049,4.7679379840210805,4.7679379840210805,16.81157319945136,51.39367088607595,55.23945578231292,72.1555037209819,0.0140350877192982,0.0144640447272026,0.374386236374639,0.2043833164669181,2.15,2.516534459668281,0.0,1.3461538461538465,0.007019150440203,0.5001144688644689,0.3100851427240496,0.1955694728397298,0.0,0.2344387755102041,0.0713490851686032,1.2871148459383754,0.0,14.669265920193917,0.0407251280858518,0.0365318189801533,-3.921405677655678,5888400000.0,13054700000.0,-1087500000.0,14103800000.0,2497150000.0,639750000.0,2149500000.0,57.70425196035299,65.9623430962343,230.10460251046024,1.5596770938446014,1.3644148430066605,0.3911264660423675,0.0669184278459099,0.2524725274725274,2006-10-19,0.79,bmo,3815798750.0,2025-04-25,2006-09-30,0.0126582278481012,55.6568253968254,3738052.492063492
2006-06-30,LLY,USD,59478,2006-08-04,2006-08-04 11:04:40,2006,Q2,3866900000.0,860600000.0,3006300000.0,0.7774444646,774800000,1237900000.0,0.0,1237900000.0,0.0,2012700000.0,2873300000.0,0.0,0.0,209100000.0,1202700000.0,0.3110243347,993600000.0,0.2569500116,46900000.0,1040500000.0,0.2690785901,218500000.0,822000000.0,0.2125733792,0.76,0.76,1081578947,1081578947,https://www.sec.gov/Archives/edgar/data/59478/000095013706008651/0000950137-06-008651-index.htm,https://www.sec.gov/Archives/edgar/data/59478/000095013706008651/c07379e10vq.htm,3.575236010950202,0.7600000002588808,0.6358296839148811,0.4218832118225393,4.244442823830224,11.0287834587446,11.0287834587446,11.0287834587446,5.840165452111005,59778868400.69,63425768400.69,18.180921046438563,15.459119294703768,86.92579380644177,131.00782029517862,5.0114321499509575,5.0114321499509575,16.40222617618506,52.73615066158643,92.22883292233531,139.00014990289284,0.0137506784921092,0.0076331321118606,0.5295385002305403,0.2584998935978654,3.032260746653363,2.2794222116978453,0.0,0.8366180048661801,0.0072115784646573,0.5244525547445256,0.3201272337014145,0.2003672192195298,0.0,0.3364839319470699,0.0598412164783159,1.106647537063606,0.0,13.732887431591848,0.0382362802988753,0.0336394440897706,-4.603639904244549,5943300000.0,11928500000.0,-1918500000.0,14031300000.0,2503900000.0,643300000.0,2034150000.0,58.577154826863904,67.86079479432954,219.53056007436672,1.5364351557533376,1.3262444136230545,0.4099657012195122,0.0689105922789956,0.2139464720923418,2006-07-21,0.75,bmo,3816019736.0,2025-04-25,2006-06-30,0.0133333333333333,52.7515873015873,3949198.634920635
2006-03-31,LLY,USD,59478,2006-05-02,2006-05-02 13:02:30,2006,Q1,3714700000.0,806500000.0,2908200000.0,0.7828896008,740800000,1142900000.0,0.0,1142900000.0,0.0,1883700000.0,2690200000.0,0.0,0.0,204900000.0,1229400000.0,0.3309553934,1024500000.0,0.2757961612,32200000.0,1056700000.0,0.2844644251,221900000.0,834800000.0,0.2247287803,0.77,0.77,1084155844,1084155844,https://www.sec.gov/Archives/edgar/data/59478/000095013706005239/0000950137-06-005239-index.htm,https://www.sec.gov/Archives/edgar/data/59478/000095013706005239/c04851e10vq.htm,3.4263524202337834,0.7700000001106851,0.2347448490993883,0.0865189267014641,4.154107571272752,10.786456637870598,10.786456637870598,10.786456637870598,5.855707954842699,59953818173.2,63844018173.2,17.95454545196454,16.139612397555656,235.57492405972496,639.166505044776,5.126799453848916,5.126799453848916,17.18685712795111,51.93103804555067,250.8605822129666,680.6398525927505,0.0139240506349129,0.0015645375533718,0.5428759556019224,0.2629115952772405,3.1643077924190663,2.289028323980381,0.0,0.3048634403449928,0.007230565345274,0.5192860565404888,0.3076695291679005,0.1994239104099927,0.0,0.631434184675835,0.0432605593991439,0.7842850170815032,0.0269739144480038,13.670236328534004,0.0397589877875306,0.0345717255631157,-4.700615717014943,5834400000.0,11694200000.0,-2092100000.0,13780700000.0,2626350000.0,709500000.0,1923550000.0,60.35211457183621,71.16305021698697,219.73837569745817,1.4912484945804898,1.2647012701897444,0.4095779797877202,0.0713858151904362,0.1482259223979241,2006-04-20,0.75,bmo,3618214285.0,2025-04-25,2006-03-31,0.0266666666666666,56.81290322580645,3633617.8387096776
2005-12-31,LLY,USD,59478,2006-03-01,2006-03-01 09:01:56,2005,Q4,3879100000.0,898200000.0,2980900000.0,0.7684514449,809900000,1189600000.0,0.0,1189600000.0,0.0,1999500000.0,3879100000.0,0.0,105200000.0,225100000.0,1206500000.0,0.3110257534,981400000.0,0.2529968292,-86700000.0,894700000.0,0.2306462839,172100000.0,700600000.0,0.1806089041,0.65,0.65,1084155844,1084155844,https://www.sec.gov/Archives/edgar/data/59478/000095013706002395/0000950137-06-002395-index.htm,https://www.sec.gov/Archives/edgar/data/59478/000095013706002395/c02657e10vk.htm,3.577991136115667,0.6462170580708506,0.751091279456314,0.3640620508429413,4.646656684903688,9.95419621609308,9.95419621609308,9.95419621609308,6.090821754589002,61352379211.96001,64843879211.96001,21.892798748201542,15.816137560764096,75.34370528301609,155.44053512024325,5.685039632683773,5.685039632683773,16.7162174762084,53.74544485036055,79.63143707719514,164.28649407641248,0.0114192800507307,0.006433328341455,0.6021367877760172,0.264360801926707,2.8939079983423124,1.8885992687577629,9.328897338403042,1.1622894661718528,0.006669667994232,0.584070796460177,0.3066690727230543,0.2087855430383336,0.0,0.5152892054525359,0.1081694207419246,1.864060417592181,0.1040189734732283,12.030496929471884,0.0404415906410835,0.028501920197878,-5.295294981594916,5079500000.0,10791900000.0,-2993100000.0,12992000000.0,2589650000.0,696300000.0,1913950000.0,64.07491428424119,78.28657314629258,188.17635270541084,1.4046058587102148,1.1496224241648534,0.4782747603833865,0.0649190596651192,0.3870292286133727,2006-01-26,0.78,bmo,3779635897.0,2025-04-25,2005-12-31,0.0256410256410256,52.54555555555555,4506885.888888889
2005-09-30,LLY,USD,59478,2005-11-03,2005-11-03 09:08:38,2005,Q3,3601100000.0,845700000.0,2755400000.0,0.7651550915,751000000,1070900000.0,0.0,1070900000.0,0.0,1821900000.0,2667600000.0,0.0,0.0,183900000.0,1117400000.0,0.3102940768,933500000.0,0.2592263475,85000000.0,1018500000.0,0.2828302463,224100000.0,794400000.0,0.2205992613,0.73,0.73,1088219178,1088219178,https://www.sec.gov/Archives/edgar/data/59478/000095013705013258/0000950137-05-013258-index.htm,https://www.sec.gov/Archives/edgar/data/59478/000095013705013258/c99529e10vq.htm,3.3091679257282856,0.730000000055136,-0.3488267875389345,-0.5864627392185143,5.726787513020653,10.460484643287549,10.460484643287549,10.460484643287549,5.982434542244393,58241490406.560005,59781990406.560005,18.32876712190332,16.173249953225405,-153.42858378967335,-91.25899468279538,5.116397741126036,5.116397741126036,16.60103590751715,53.500975842634695,-157.48680296775555,-93.67281480188028,0.0136397608381004,-0.0109578239764296,0.5719079704479368,0.2624720804405847,1.378646858779309,2.346440145340273,0.0,-0.4778449144008056,0.0072886184236828,0.5343655589123867,0.2973813556968704,0.20854738829802,0.0,-0.6812434141201265,0.0718113909638721,1.4061990212071778,0.0,13.10776335913091,0.0357948234443677,0.0320278671472459,-4.043257175531968,6855400000.0,11383300000.0,-1473200000.0,14690200000.0,2438550000.0,609900000.0,1969350000.0,60.421537863430615,65.05498403689252,207.50975523235192,1.4895350761085373,1.3834451169638475,0.433714549464075,0.0697864415415564,0.2376359516795797,2005-10-20,0.71,bmo,3502439726.0,2025-04-25,2005-09-30,0.028169014084507,54.786875,3830592.234375
2005-06-30,LLY,USD,59478,2005-08-03,2005-08-03 09:19:56,2005,Q2,3667700000.0,871300000.0,2796400000.0,0.7624396761,762400000,1146100000.0,0.0,1146100000.0,0.0,1908500000.0,2779800000.0,0.0,0.0,158700000.0,1046600000.0,0.2853559451,887900000.0,0.2420863211,-1028000000.0,-140100000.0,-0.0381983259,111900000.0,-252000000.0,-0.0687079096,-0.23,-0.23,1095652174,1095652174,https://www.sec.gov/Archives/edgar/data/59478/000095013705009478/0000950137-05-009478-index.htm,https://www.sec.gov/Archives/edgar/data/59478/000095013705009478/c97160e10vq.htm,3.347503967988293,-0.229999999981746,0.6152499999511707,0.2705238095023394,4.930853174211837,9.3721349198911,9.3721349198911,9.3721349198911,4.267869047280328,61038782613.54,61072482613.54,-60.55434783089286,16.642250623971428,90.54855750413884,205.93381448562752,5.944216603387024,5.944216603387024,16.651438943626797,58.3532224474871,90.59855008684173,206.0475121914305,-0.0041285227065472,0.0048559290881769,0.4553785326139882,0.1996660916497293,0.032199503153067,1.6950049517207229,0.0,-2.675,0.0066842748582193,-1.619047619047619,0.3124846634130381,0.207868691550563,0.0,0.5603026257231865,0.1029800692532104,2.379962192816635,0.0,,0.092919351465694,-0.0107602179371125,-4.480870039326915,4491400000.0,10268600000.0,-2197200000.0,12229300000.0,2520650000.0,639500000.0,2093550000.0,60.35253701229653,62.85435556065649,205.43096522437736,1.491238056515552,1.4318816762530813,0.438103378921963,-0.0245408332197183,0.3447261904488312,2005-07-21,0.67,bmo,3667700000.0,2025-04-25,2005-06-30,0.0,57.67875,4598812.390625
2005-03-31,LLY,USD,59478,2005-05-05,2005-05-05 10:30:19,2005,Q1,3497400000.0,859000000.0,2638400000.0,0.7543889747,702200000,1090400000.0,0.0,1090400000.0,0.0,1792600000.0,2651600000.0,0.0,0.0,158700000.0,1004500000.0,0.2872133585,845800000.0,0.241836793,98600000.0,944400000.0,0.2700291645,207800000.0,736600000.0,0.2106135987,0.68,0.68,1083235294,1083235294,https://www.sec.gov/Archives/edgar/data/59478/000095013705005410/0000950137-05-005410-index.htm,https://www.sec.gov/Archives/edgar/data/59478/000095013705005410/c94763e10vq.htm,3.2286614176734902,0.6800000000738529,0.7429595439308129,0.5193700787965647,5.188438773303115,10.706630465458227,10.706630465458227,10.706630465458227,4.237398860085517,56436558817.4,55418958817.4,19.15441176262558,16.136718367187054,70.12494882877733,100.31382655065768,4.866143476987015,4.866143476987015,15.84575936907417,55.17069070920856,68.86053530989066,98.50508143867756,0.0130518234179242,0.0099687155239263,0.3957733363224059,0.1975111554796318,-1.0130413140866104,2.0917739747663378,0.0,1.092587564485474,0.0073214952977006,0.5609557426011403,0.3117744610281924,0.2007777205924401,0.0,0.3009443339960239,0.0692514439297764,1.526149968494014,0.0309372676845656,12.798884566215213,0.0364651868021967,0.0316957619934852,-2.756649470839712,5875600000.0,11597800000.0,-384600000.0,13457500000.0,2567400000.0,659550000.0,2244950000.0,66.43849716932579,70.25029103608848,230.3224679860303,1.3546363002556356,1.2811334824757643,0.3907564936541873,0.0635120453879184,0.2235894651342481,2005-04-18,0.66,bmo,3394535294.0,2025-04-25,2005-03-31,0.0303030303030303,55.04229508196721,3441065.573770492
2004-12-31,LLY,USD,59478,2005-03-08,2005-03-08 08:01:18,2004,Q4,3644300000.0,865700000.0,2778600000.0,0.7624509508,705500000,1098200000.0,0.0,1098200000.0,0.0,1803700000.0,2669400000.0,0.0,0.0,136700000.0,1111600000.0,0.3050242845,974900000.0,0.2675136515,-454900000.0,520000000.0,0.1426885822,522400000.0,-2400000.0,-0.0006585627,-0.0022,-0.0022,1079580838,1083235294,https://www.sec.gov/Archives/edgar/data/59478/000095013405004385/0000950134-05-004385-index.htm,https://www.sec.gov/Archives/edgar/data/59478/000095013405004385/c92539e10vk.htm,3.375661990028763,-0.0022230850303402,0.5079749294327508,0.072620777657782,6.914164958529951,10.11494425950528,10.11494425950528,10.11494425950528,6.032433858371244,61266212556.5,62413412556.5,-6381.897141302083,16.81151731649425,111.71811188274982,781.4567928125,5.610510403620912,5.610510403620912,17.126310280849545,56.147366459607774,113.81001560266228,796.0894458737245,-3.917330449938795e-05,0.0012796612803133,0.5963882453136018,0.2618932722081473,1.032025908600216,1.6903222408048777,0.0,-228.5,0.0062922120352141,-160.625,0.3013473094970227,0.1935899898471585,0.0,0.8570386579139314,0.1289685261915868,3.438185808339429,0.0,,-0.0002332104168435,-9.65134515623115e-05,-3.1698876819078925,5242100000.0,10919900000.0,-1111300000.0,12793000000.0,2447900000.0,664500000.0,2191800000.0,63.04914524051258,67.42982557467946,238.2395749104771,1.427457892675284,1.3347209374036386,0.3777709897015185,-0.000219782232438,0.4353541517749688,2005-01-26,0.74,bmo,3595052702.0,2025-04-25,2004-12-31,0.0135135135135135,56.20078125,4476098.625
2004-09-30,LLY,USD,59478,2004-11-05,2004-11-05 07:01:22,2004,Q3,3280400000.0,810100000.0,2470300000.0,0.7530484087,654800000,951900000.0,0.0,951900000.0,0.0,1606700000.0,2416800000.0,0.0,18500000.0,163200000.0,1026800000.0,0.3130106085,863600000.0,0.263260578,104600000.0,968200000.0,0.2951469333,213000000.0,755200000.0,0.2302158273,0.7,0.69,1078857143,1094492754,https://www.sec.gov/Archives/edgar/data/59478/000095013404016493/0000950134-04-016493-index.htm,https://www.sec.gov/Archives/edgar/data/59478/000095013404016493/c89319e10vq.htm,3.040624999597375,0.6999999999073093,0.7414327329526704,0.3183924787713993,3.869186969826644,10.48331567657795,10.48331567657795,10.48331567657795,5.744597456866447,64785371437.15,68387071437.15,21.44642857426841,19.749229190693207,80.99183827622203,188.60370141819504,5.728149552356322,5.728149552356322,20.847174563208757,66.60213423953057,85.49452611220151,199.08899981703053,0.0116569525380068,0.0053021228771257,0.546339522546419,0.255483566871607,3.507693805999221,1.4652776716244515,46.68108108108108,1.0591896186440677,0.0059442431440498,0.5099311440677966,0.2901780270698695,0.1996098036824777,0.0,0.5705713214151769,0.1391293744665284,2.79656862745098,0.0,12.849600067093114,0.0348793827790085,0.0312248045348736,-5.467359639106546,3043800000.0,11310000000.0,-3290200000.0,10526700000.0,2387850000.0,734600000.0,2075450000.0,64.27630776734544,75.5906678187878,232.4157511418343,1.400204883045928,1.1906231628453852,0.3872370936902485,0.0667727674624226,0.4230402541812711,2004-10-21,0.68,bmo,3232857971.0,2025-04-25,2004-09-30,0.014705882352941,64.54796875,3099725.046875
2004-06-30,LLY,USD,59478,2004-08-05,2004-08-05 17:16:15,2004,Q2,3556300000.0,796400000.0,2759900000.0,0.7760593876,684200000,1170200000.0,0.0,1170200000.0,0.0,1854400000.0,2650800000.0,0.0,7500000.0,150000000.0,1055500000.0,0.2967972331,905500000.0,0.2546185642,-67300000.0,838200000.0,0.2356944015,181300000.0,656900000.0,0.1847144504,0.61,0.6,1076885246,1094833333,https://www.sec.gov/Archives/edgar/data/59478/000095013704006279/0000950137-04-006279-index.htm,https://www.sec.gov/Archives/edgar/data/59478/000095013704006279/c87101e10vq.htm,3.3023945803042416,0.6099999999442838,0.8767879432902919,0.4049642258725866,3.167932713974614,9.749599633757075,9.749599633757075,9.749599633757075,4.770424721744215,75285047547.86,78018047547.86,28.65163934687928,21.16948726144026,79.73421684797712,172.63253278573723,7.170550856051889,7.170550856051889,21.93798260772713,73.91572482033159,82.62873072215632,178.89944404462278,0.008725504218914,0.0057926509207922,0.4885800822919841,0.2252654599109425,2.5892941733775463,1.30704820262653,120.73333333333332,1.4373572842137312,0.00511256899659,0.5859339321053433,0.3290498551865703,0.1923909681410454,0.0,0.5381275153569159,0.1428732109214633,3.3873333333333333,0.0,11.567767933404165,0.0402159847427901,0.0288470827953872,-5.578101308669986,2064500000.0,10499200000.0,-3484400000.0,9199600000.0,2422650000.0,794650000.0,2049200000.0,61.56989005426989,89.14113510798595,232.67327975891516,1.461753462945456,1.009634888438134,0.3868084899703725,0.0625666717464187,0.4718237174177052,2004-07-22,0.68,bmo,3556300000.0,2025-04-25,2004-06-30,0.0,72.7416129032258,3173146.8225806453
2004-03-31,LLY,USD,59478,2004-05-07,2004-05-07 17:04:28,2004,Q1,3376900000.0,751700000.0,2625200000.0,0.77739939,646600000,1063900000.0,0.0,1063900000.0,0.0,1710500000.0,2462200000.0,0.0,9300000.0,147600000.0,1062300000.0,0.3145784595,914700000.0,0.2708697326,-299200000.0,615500000.0,0.1822677604,215100000.0,400400000.0,0.1185702864,0.37,0.37,1082162162,1082162162,https://www.sec.gov/Archives/edgar/data/59478/000095013704003746/0000950137-04-003746-index.htm,https://www.sec.gov/Archives/edgar/data/59478/000095013704003746/c85216e10vq.htm,3.1205119884795973,0.3700000000554445,0.5331918082717071,0.1047902098059126,3.21181068979198,9.75685564581771,9.75685564581771,9.75685564581771,4.916083916820592,72396648637.8,75296948637.8,45.20270269592908,21.43878961112263,125.47079486620451,638.4184183227513,6.856717207728371,6.856717207728371,22.297654250288726,70.8810586819166,130.49731133067593,663.9942560652557,0.0055306427512024,0.0015663708491167,0.5029786427996401,0.2370594222047637,2.7302080391603125,1.5850732287294411,98.35483870967742,1.4410589410589412,0.0053082567664513,0.9597902097902098,0.3150522668719832,0.1914773905060854,0.0,0.8034662045060659,0.1372856762119103,3.140921409214092,0.0,9.012537004839656,0.0336971631279018,0.0178730850266042,-5.118595155612177,3247800000.0,10558500000.0,-3045000000.0,10094400000.0,2377450000.0,838200000.0,2001250000.0,64.29447126062365,95.84275641878408,244.18651057602767,1.399809318520975,0.9390381011867582,0.3685707281196371,0.037922053321968,0.4284015984657944,2004-04-19,0.66,bmo,3183934285.0,2025-04-25,2004-03-31,0.0606060606060604,70.37693548387097,3732467.7741935486
2003-12-31,LLY,USD,59478,2004-03-15,2004-03-15 13:43:57,2003,Q4,3465500000.0,731500000.0,2734000000.0,0.7889193479,710000000,1134200000.0,0.0,1134200000.0,0.0,1844200000.0,2575700000.0,0.0,0.0,106600000.0,996400000.0,0.2875198384,889800000.0,0.2567594864,74200000.0,964000000.0,0.2781705382,216800000.0,747200000.0,0.2156110229,0.69,0.69,1065294118,1082162162,https://www.sec.gov/Archives/edgar/data/59478/000095013704001857/0000950137-04-001857-index.htm,https://www.sec.gov/Archives/edgar/data/59478/000095013704001857/c83409e10vk.htm,3.253092213168495,0.7014025398007502,1.095096631332381,0.4776145774232088,3.4857040297672985,9.166294861678754,9.166294861678754,9.166294861678754,4.584930975841547,74922135318.94,77050135318.94,25.0676309284462,21.619430188700044,64.22264299583404,147.25262444760222,7.672674844230296,7.672674844230296,22.23348299493291,77.32851798368125,66.04674723036173,151.43501438470912,0.0099730206142577,0.0067910504396873,0.5001945764378175,0.2253103362379544,2.135688478522681,1.5779735524087486,0.0,1.5612955032119915,0.0048170009899433,0.4830032119914347,0.3272832203145289,0.2048766411773193,0.0,0.5638607920452597,0.1898138796710431,6.170731707317073,0.0,12.027402303583305,0.0422498960367902,0.0344679653659684,-5.1268705118298605,3208100000.0,9764800000.0,-3154600000.0,9747100000.0,2188250000.0,732100000.0,1831350000.0,60.83537729043429,107.76623376623375,241.51742993848256,1.47940234791889,0.8351409978308026,0.3726439123790117,0.0765197443880058,0.6174820539091721,2004-01-29,0.67,bmo,3465500000.0,2025-04-25,2003-12-31,0.0,67.60265625,3566921.875
2003-09-30,LLY,USD,59478,2003-11-12,2003-11-12 09:21:59,2003,Q3,3139400000.0,679300000.0,2460100000.0,0.7836210741,568100000,963400000.0,0.0,963400000.0,0.0,1531500000.0,2210800000.0,0.0,0.0,153300000.0,1081900000.0,0.3446199911,928600000.0,0.2957890043,-12700000.0,915900000.0,0.2917436453,201500000.0,714400000.0,0.2275594063,0.66,0.66,1082424242,1082424242,https://www.sec.gov/Archives/edgar/data/59478/000095013703005842/0000950137-03-005842-index.htm,https://www.sec.gov/Archives/edgar/data/59478/000095013703005842/c80743e10vq.htm,2.9003415464894955,0.6600000002586787,0.98214725682391,0.6288661816574503,3.572536395577142,8.762922735797337,8.762922735797337,8.762922735797337,4.804493282958088,64295999974.8,66580399974.8,22.499999991181408,20.48034655501051,60.47972907045433,94.4557073230498,6.778560280732088,6.778560280732088,21.208001520927564,61.540253234864586,62.62853915417176,97.81166442603202,0.0111111111154659,0.0105869727551759,0.5482752076919833,0.2500144225222107,2.1114705610500044,1.83108627015957,0.0,1.4881019036954088,0.0056457633467443,0.5081187010078387,0.3068739249538128,0.1809581448684462,0.0,0.3597027560906782,0.121806714658852,2.4944553163731245,0.0,11.407427522346705,0.0443931901339026,0.0343448328910426,-4.686933092542471,3895800000.0,9485200000.0,-2732200000.0,9839300000.0,2070700000.0,584200000.0,1704800000.0,58.31050519207491,77.94347122037391,225.19210952451053,1.5434611602753197,1.1546829848716642,0.3996587633111725,0.0753173364820984,0.3532810751664595,2003-10-22,0.66,bmo,3139400000.0,2025-04-25,2003-09-30,0.0,63.8328125,3470454.71875
2003-06-30,LLY,USD,59478,2003-08-06,2003-08-06 10:11:40,2003,Q2,3088200000.0,643000000.0,2445200000.0,0.7917880966,542500000,1043300000.0,0.0,1043300000.0,0.0,1585800000.0,2228800000.0,0.0,0.0,144000000.0,1003400000.0,0.3249141895,859400000.0,0.2782850852,28500000.0,887900000.0,0.2875137621,195700000.0,692200000.0,0.224143514,0.64,0.64,1081562500,1081562500,https://www.sec.gov/Archives/edgar/data/59478/000095013703004099/0000950137-03-004099-index.htm,https://www.sec.gov/Archives/edgar/data/59478/000095013703004099/c78678e10vq.htm,2.855313493210055,0.64,0.765559086969084,0.4070037561398439,2.759895983819705,8.03051141288645,8.03051141288645,8.03051141288645,4.643282288355967,74595365625.0,77580065625.0,26.94140625,24.154965878181464,90.09102128623188,169.4578955588369,8.588494113752805,8.588494113752805,25.121451209442395,77.3171871885589,93.69573143115942,176.23822268287142,0.0092793968392054,0.00590117088792,0.5782050544010132,0.2504675693872971,2.974586406218856,1.5627063370641758,0.0,1.1961860733891938,0.0048072691513133,0.5180583646344987,0.3378343371543293,0.1756686743086587,0.0,0.4683574879227053,0.1255747684735444,2.6930555555555555,0.0,10.753574491561626,0.0439533962836548,0.034522829854617,-5.496214966772609,2795300000.0,8685500000.0,-3602100000.0,8487400000.0,2112350000.0,591050000.0,1647300000.0,61.41635904410336,81.19595645412132,239.3328149300156,1.4654076112745564,1.1084295811067058,0.3760453827709222,0.0796960451326924,0.3585553308292401,2003-07-24,0.6,bmo,2895187500.0,2025-04-25,2003-06-30,0.0666666666666667,62.5152380952381,3991576.3174603176
2003-03-31,LLY,USD,59478,2003-05-08,2003-05-08 10:34:36,2003,Q1,2889400000.0,621300000.0,2268100000.0,0.7849726587,529600000,914500000.0,0.0,914500000.0,0.0,1444100000.0,2065400000.0,0.0,0.0,144600000.0,968600000.0,0.3352253063,824000000.0,0.2851803143,-330100000.0,493900000.0,0.1709351422,86900000.0,407000000.0,0.1408596941,0.38,0.38,1071052632,1071052632,https://www.sec.gov/Archives/edgar/data/59478/000095013703002717/0000950137-03-002717-index.htm,https://www.sec.gov/Archives/edgar/data/59478/000095013703002717/c76879e10vq.htm,2.697719900659373,0.3799999998506142,0.5499262897101027,0.2898083536944242,3.311041767740131,8.148619161415777,8.148619161415777,8.148619161415777,4.626103192284579,61210657918.8,63961357918.8,37.598684225307125,21.184556627258253,103.92301853786076,197.19928453221647,7.01345821517943,7.01345821517943,22.136553581643245,66.0348522804047,108.59313738336162,206.06107576932988,0.0066491688512793,0.0050710123131132,0.5677162106421009,0.2522605083088954,2.839871980177576,1.7829003430419297,0.0,1.4471744471744472,0.0058894972257646,0.8857493857493858,0.3165016958538105,0.1832906485775593,0.0,0.4730050933786078,0.0964214023672734,1.926694329183956,0.0,8.346897256029687,0.0445755953878704,0.0207213261648745,-4.656517197186627,3583100000.0,8727600000.0,-2754200000.0,9036900000.0,2095750000.0,639450000.0,1540050000.0,65.95037031909739,87.20424915499758,229.55577015934333,1.364662541916592,1.032059800664452,0.3920615889442796,0.0466336679041202,0.2601179360156784,2003-04-22,0.58,bmo,2747298360.0,2025-04-25,2003-03-31,0.0517241379310345,59.91819672131148,3102849.2131147543
2002-12-31,LLY,USD,59478,2003-03-20,2003-03-20 17:07:06,2002,Q4,2955600000.0,567800000.0,2387800000.0,0.8078901069,574300000,920800000.0,0.0,920800000.0,0.0,1495100000.0,2062900000.0,0.0,0.0,99700000.0,992400000.0,0.3357693869,892700000.0,0.3020368115,51300000.0,944000000.0,0.3193936933,207700000.0,736300000.0,0.249120314,0.69,0.69,1071052632,1071052632,https://www.sec.gov/Archives/edgar/data/59478/000095013703001575/0000950137-03-001575-index.htm,https://www.sec.gov/Archives/edgar/data/59478/000095013703001575/c75275e10vk.htm,2.7595282544434285,0.687454545184293,0.6488943486392553,0.2839262898146727,3.412250612909189,7.724737097700349,7.724737097700349,7.724737097700349,4.578299752499931,68011842132.0,70969542132.0,23.092435872606277,23.011179500609018,97.85876565755396,223.64959596185463,8.220344485109264,8.220344485109264,24.01189001624036,71.51304124546554,102.11444911079136,233.3756729102269,0.0108260558296739,0.0044712801545617,0.5926803326242507,0.25751496691524,2.980350665054414,1.541246173595339,0.0,0.9439087328534564,0.0049079688115512,0.453347820181991,0.3115441873054541,0.1943091081337122,0.0,0.5624460431654676,0.1322574096630125,3.920762286860582,0.0,10.930879499554289,0.0479407794644969,0.0386671568112593,-4.491235870470276,2740600000.0,8273600000.0,-2964300000.0,8033600000.0,1952350000.0,588150000.0,1436900000.0,63.16077953714981,107.29306093694964,237.0306445931666,1.4249349146658954,0.8388240508199143,0.3796977397351879,0.0889939083349448,0.3649680588245826,2003-01-23,0.68,bmo,2955600000.0,2025-04-25,2002-12-31,0.0,62.08734375,4062159.390625
2002-09-30,LLY,USD,59478,2002-11-12,2002-11-12 13:34:31,2002,Q3,2785600000.0,553700000.0,2231900000.0,0.8012277427,526700000,810700000.0,0.0,810700000.0,0.0,1337400000.0,1891100000.0,0.0,22300000.0,130600000.0,1025100000.0,0.3679997128,894500000.0,0.3211157381,-31700000.0,862800000.0,0.309735784,178900000.0,683900000.0,0.2455126364,0.64,0.63,1068593750,1085555556,https://www.sec.gov/Archives/edgar/data/59478/000095013702006126/0000950137-02-006126-index.htm,https://www.sec.gov/Archives/edgar/data/59478/000095013702006126/c72904e10vq.htm,2.606790466442462,0.64,0.5326626699809913,0.2330165228834625,4.05720134522591,7.731188770288054,7.731188770288054,7.731188770288054,4.931434420236877,59135978125.0,61597178125.0,21.6171875,21.229170780083287,103.89314498418835,237.49388805220883,7.158019503116868,7.158019503116868,22.1127147203475,60.08894559067408,108.21710844167252,247.3782254016064,0.0115648717022045,0.0042106346744391,0.6351631059734915,0.2773452571603744,2.400936494000585,1.6568410563029397,40.11210762331839,0.832285421845299,0.0056564550144574,0.4891065945313642,0.2910324526134406,0.1890795519816197,0.0,0.5625439212930429,0.1149483055715106,2.451761102603369,0.0,10.551261455017972,0.0479496759327873,0.036146743410447,-3.987506945459863,3295700000.0,8261500000.0,-2345400000.0,8284100000.0,1888050000.0,527650000.0,1368550000.0,59.14165709362435,81.17392089579195,224.04912407440847,1.5217700081944825,1.1087304765718862,0.4016976204294835,0.0827815771954245,0.2996461470975289,2002-10-23,0.68,bmo,2785600000.0,2025-04-25,2002-09-30,0.0,55.13453125,4335501.90625
2002-06-30,LLY,USD,59478,2002-08-14,2002-08-14 13:31:09,2002,Q2,2775200000.0,524900000.0,2250300000.0,0.8108604785,545500000,915200000.0,0.0,915200000.0,0.0,1460700000.0,1985600000.0,0.0,0.0,131300000.0,920900000.0,0.33183194,789600000.0,0.2845200346,54600000.0,844200000.0,0.3041942923,185700000.0,658500000.0,0.237280196,0.61,0.61,1079508197,1079508197,https://www.sec.gov/Archives/edgar/data/59478/000095013702004465/0000950137-02-004465-index.htm,https://www.sec.gov/Archives/edgar/data/59478/000095013702004465/c71091e10vq.htm,2.5708003030568927,0.6099999998425208,0.5264434319066129,0.3160698556511285,3.788391798566398,7.176323460561921,7.176323460561921,7.176323460561921,3.685474562450219,58034360670.72,58961660670.72,22.03278689093394,20.911775969558956,102.1192339797994,170.08898203610786,7.491301123122797,7.491301123122797,21.24591404969732,64.02612734359866,103.75094258440964,172.80674288018758,0.0113467261875468,0.0058792755887486,0.5135602628148034,0.2267739784198496,1.0069497230969704,1.5962207759010558,0.0,0.8630220197418376,0.0057465955710658,0.5064540622627183,0.3297780340155664,0.1965624099164024,0.0,0.3996128805208516,0.0818319400403574,1.7296268088347295,0.0,9.924466709641614,0.0476062366869584,0.0375344136708485,-3.3059962026393026,3032200000.0,7746900000.0,-1679100000.0,7836200000.0,1839600000.0,533150000.0,1227950000.0,63.09599308157971,95.31529815202896,232.96437416650792,1.4263980263157894,0.9442345745637704,0.3863251637594759,0.0850017426325368,0.2103735762554844,2002-07-18,0.61,bmo,2775200000.0,2025-04-25,2002-06-30,0.0,66.45484375,3587309.484375
2002-03-31,LLY,USD,59478,2002-05-13,2002-05-13 16:10:10,2002,Q1,2561100000.0,530100000.0,2031000000.0,0.7930186248,502800000,777300000.0,0.0,777300000.0,0.0,1280100000.0,1810200000.0,0.0,0.0,131400000.0,882300000.0,0.34450041,750900000.0,0.2931943306,55800000.0,806700000.0,0.3149818437,177500000.0,629200000.0,0.2456756862,0.58,0.58,1084827586,1084827586,https://www.sec.gov/Archives/edgar/data/59478/000095013702002905/0000950137-02-002905-index.htm,https://www.sec.gov/Archives/edgar/data/59478/000095013702002905/c69477e10-q.htm,2.3608359826498733,0.5800000001106167,0.2195740623432118,0.0419421487683297,3.556325493367386,7.098270821442773,7.098270821442773,7.098270821442773,3.5540209796987963,84312799983.92,85287399983.92,33.499999993610935,32.92054194835032,353.9580184043661,1853.0285710751648,10.949145496846915,10.949145496846915,33.30108156023584,96.66485320630171,358.0495381356843,1874.448351294945,0.0074626865685874,0.0005396570865714,0.5006882759337177,0.2260097309338179,1.1046129434432732,1.5361266294227187,0.0,0.3785759694850604,0.0039614388332934,0.5308328035600763,0.3035024013119363,0.1963218929366288,0.0,0.8089840470193115,0.0752411073366912,1.4665144596651445,0.0,9.624574496438523,0.0461221727491716,0.036883756374934,-3.36624920598212,2591100000.0,7700400000.0,-1934500000.0,7190200000.0,1714400000.0,567250000.0,1078700000.0,60.92069813751903,86.6553480475382,186.2818336162988,1.4773304107060452,1.0385971786833856,0.4831388990156762,0.0817100410368292,0.1776319135748821,2002-04-15,0.58,bmo,2561100000.0,2025-04-25,2002-03-31,0.0,76.59583333333333,2875511.6666666665
2001-12-31,LLY,USD,59478,2002-03-28,2002-03-28 00:00:00,2001,Q4,2828900000.0,566700000.0,2262200000.0,0.7996747853,589900000,882700000.0,0.0,882700000.0,0.0,2262200000.0,2039300000.0,0.0,0.0,77600000.0,867200000.0,0.3065502492,789600000.0,0.2791190922,-48300000.0,741300000.0,0.262045318,153100000.0,575400000.0,0.2034006151,0.53,0.53,1068018696,1084827586,https://www.sec.gov/Archives/edgar/data/59478/000095013702001754/0000950137-02-001754-index.htm,https://www.sec.gov/Archives/edgar/data/59478/000095013702001754/c67933e10-k405.htm,2.648736403767973,0.538754613711369,1.0117800409741142,0.718339484948492,3.4933845390287064,6.651568953433377,6.651568953433377,6.651568953433377,3.200693033560903,83882188383.84001,84598288383.84001,36.44516353138686,29.651874715910782,77.62556763264853,109.3354905941606,11.80774048195946,11.80774048195946,29.905011977744003,97.55337682638378,78.28825502853971,110.26888475474456,0.006859620750081,0.0091461610001081,0.4811936936936937,0.2080065230222525,0.8257610701107011,1.3336344416682684,0.0,1.877997914494265,0.0035979032714189,0.5245046923879041,0.3120294107250168,0.2085262823005408,0.0,0.2900240607070146,0.1107851108204602,4.038659793814433,0.0,8.979430822542959,0.0543980973042831,0.0350125653367084,-3.555742997967144,1735900000.0,7104000000.0,-2391200000.0,6268300000.0,1691500000.0,553750000.0,1056100000.0,53.931916999540455,99.11593435680254,168.37480148226575,1.6687706465313827,0.9080275596859476,0.5345217883418223,0.0809966216216216,0.2934405560256222,2002-01-24,0.6,bmo,2828900000.0,2025-04-25,2001-12-31,0.0,79.8184375,3877386.171875
2001-09-30,LLY,USD,59478,2001-11-13,2001-11-13 00:00:00,2001,Q3,2874400000.0,549000000.0,2325400000.0,0.8090036181,566000000,865900000.0,0.0,865900000.0,0.0,1431900000.0,1980900000.0,0.0,41900000.0,129500000.0,1023000000.0,0.3559003618,893500000.0,0.3108474812,-178200000.0,715300000.0,0.2488519343,128600000.0,570100000.0,0.1983370443,0.53,0.52,1075660377,1096346154,https://www.sec.gov/Archives/edgar/data/59478/000095013001505267/0000950130-01-505267-index.htm,https://www.sec.gov/Archives/edgar/data/59478/000095013001505267/d10q.htm,2.6722189098539237,0.5300000001766357,0.9607121560823282,0.7487493424702024,3.3389721112689084,6.848908965622334,6.848908965622334,6.848908965622334,3.3785756896017003,87838426385.81999,88784426385.81999,38.518867911690926,30.558873638261897,84.99944492531449,109.06186539088652,11.923066930789592,11.923066930789592,30.887985800800163,86.78829558731182,85.91486973661698,110.23643703230692,0.0064903257430398,0.0091691077941489,0.4876138507689593,0.2190774147120885,0.9247311827956988,1.4586260244187992,21.324582338902147,1.8126644448342395,0.0034392692632386,0.5299070338537099,0.3012454773170053,0.1969106596159198,0.0,0.2206309270369653,0.0793209017534094,1.7606177606177609,0.0,9.037324794554303,0.0608053337405268,0.0347677070755119,-3.3903359071113206,2193700000.0,7367100000.0,-2053400000.0,6600400000.0,1732050000.0,480450000.0,1004400000.0,52.84650709713332,79.24590163934427,172.45901639344262,1.7030453845242328,1.1357054199420769,0.5218631178707225,0.077384588236891,0.2119628136121258,2001-10-18,0.66,bmo,2874400000.0,2025-04-25,2001-09-30,0.0,77.97864406779661,2911591.6440677964
2001-06-30,LLY,USD,59478,2001-08-13,2001-08-13 00:00:00,2001,Q2,3033500000.0,522200000.0,2511300000.0,0.8278556123,563700000,899900000.0,0.0,899900000.0,0.0,1463600000.0,1985800000.0,0.0,0.0,127400000.0,1175100000.0,0.3873743201,1047700000.0,0.3453766277,13400000.0,1061100000.0,0.3497939674,233400000.0,827700000.0,0.2728531399,0.77,0.76,1074935065,1089078947,https://www.sec.gov/Archives/edgar/data/59478/000102140801504899/0001021408-01-504899-index.htm,https://www.sec.gov/Archives/edgar/data/59478/000102140801504899/d10q.htm,2.8220309289101104,0.7699999999534856,0.948894526945216,0.7734420683355417,3.254987314047663,6.291914944648307,6.291914944648307,6.291914944648307,3.096373081847507,79545194810.0,79901794810.0,24.025974027425395,26.222249813746497,77.98548510784313,95.67620256194373,11.76112529349144,11.76112529349144,26.339803794297016,67.99574062632968,78.3350929509804,96.10511764493626,0.0104054054047768,0.0104519198423721,0.4921193482567939,0.2129017814309015,0.3034635350182963,1.3859557027196188,0.0,1.2323305545487495,0.0037877837966162,0.3640207804760179,0.2966540299983517,0.1858249546728201,0.0,0.1849019607843137,0.0621724081094445,1.4803767660910518,0.0,10.44066216336143,0.0735556558247989,0.0529439984648351,-3.312362872821532,1911600000.0,6763400000.0,-2005600000.0,6154900000.0,1770550000.0,486450000.0,920050000.0,52.70051096093622,82.29605515128304,164.9023362696285,1.7077633282666216,1.0936125654450262,0.5457775919732442,0.1223792766951533,0.1754524586096742,2001-07-19,0.74,bmo,2953671052.0,2025-04-25,2001-06-30,0.027027027027027,82.10666666666667,2983404.8095238097
2001-03-31,LLY,USD,59478,2001-05-15,2001-05-15 00:00:00,2001,Q1,2805700000.0,522300000.0,2283400000.0,0.8138432477,515500000,768900000.0,0.0,768900000.0,0.0,1284400000.0,1806700000.0,0.0,0.0,120400000.0,1119400000.0,0.3989735182,999000000.0,0.3560608761,35400000.0,1034400000.0,0.3686780483,227600000.0,806800000.0,0.2875574723,0.75,0.74,1075733333,1090270270,https://www.sec.gov/Archives/edgar/data/59478/000095013101501471/0000950131-01-501471-index.htm,https://www.sec.gov/Archives/edgar/data/59478/000095013101501471/d10q.txt,2.6081742695240995,0.7500000002323997,0.4904561231068592,0.3472979673857517,3.481903818629742,6.129400101056458,6.129400101056458,6.129400101056458,2.871529500146111,82465717307.78,82323417307.78,25.553333325415217,29.392207758413228,156.30348238775588,220.7326480400964,12.506933588294707,12.506933588294707,29.341489577567096,73.54244890814722,156.03377048479908,220.35175938913275,0.0097834594342864,0.0045303674326343,0.4684845911186605,0.2093896586318158,-0.1271216723244595,1.5367627315850712,0.0,0.653941497273178,0.0036621278497205,0.3743182944967774,0.2740492568699433,0.1837331147307267,0.0,0.2918877937831691,0.0548882631785294,1.2790697674418603,0.0,10.17023238364681,0.0727147172025728,0.0546894064694558,-2.461530119751342,2398900000.0,6593600000.0,-1290700000.0,6573500000.0,1865450000.0,578650000.0,883200000.0,56.610471540079125,85.36473291211948,152.20562894887996,1.5898118766999094,1.0542995559144126,0.5913053322766897,0.122361077408396,0.1431581557211075,2001-04-16,0.73,bmo,2767785135.0,2025-04-25,2001-03-31,0.0136986301369863,78.93951612903226,3969740.564516129
2000-12-31,LLY,USD,59478,2001-03-28,2001-03-28 00:00:00,2000,Q4,2977700000.0,925100000.0,2052600000.0,0.6893239749,545100000,944300000.0,0.0,944300000.0,-359900000.0,2052600000.0,2977700000.0,0.0,0.0,75900000.0,999000000.0,0.3354938375,923100000.0,0.3100043658,60600000.0,983700000.0,0.3303556436,216400000.0,767300000.0,0.2576821036,0.71,0.71,1075733333,1075733333,https://www.sec.gov/Archives/edgar/data/59478/000095013101001634/0000950131-01-001634-index.htm,https://www.sec.gov/Archives/edgar/data/59478/000095013101001634/0000950131-01-001634-0001.htm,2.768065196693129,0.7132808628883494,1.0038733270339222,0.7762146755008102,4.293071394488433,5.621188648246526,5.621188648246526,5.621188648246526,2.619608330013513,100107743968.98,98810843968.98,32.616885171699465,33.61915034052456,92.7009389471062,119.8895137353054,16.555217378984274,16.555217378984274,33.18361284514222,98.9097537227027,91.49999441520512,118.33634008261076,0.007664741703077,0.0083410130614744,0.4660239130794291,0.1918207313420644,-1.2981981981981985,1.6011853165883847,0.0,1.4074025804769972,0.0028069756530231,0.3662192102176463,0.3171239547301608,0.1830607515867952,0.0,0.2267802574312436,0.0822446854955166,3.2266139657444004,0.0,9.498075674224133,0.0726247818871473,0.0522299670542108,-1.9610575737360736,2982300000.0,6046900000.0,-700900000.0,7158900000.0,1800500000.0,518900000.0,894050000.0,59.42472378009873,64.39411955464274,85.9139552480813,1.5145211332078734,1.39764314851186,1.047559732759597,0.1268914650482065,0.2276586515331118,2001-01-25,0.7,bmo,2977700000.0,2025-04-25,2000-12-31,0.0,88.65095238095239,2937355.6507936507
2000-09-30,LLY,USD,59478,2000-11-14,2000-11-14 00:00:00,2000,Q3,2811900000.0,367600000.0,2444300000.0,0.8692698887,506100000,800300000.0,0.0,800300000.0,122500000.0,1428900000.0,1796500000.0,0.0,0.0,122500000.0,1137900000.0,0.4046729969,1015400000.0,0.3611081475,-17000000.0,998400000.0,0.3550624133,219600000.0,778800000.0,0.2769657527,0.72,0.71,1081666667,1096901408,https://www.sec.gov/Archives/edgar/data/59478/000095013100006365/0000950131-00-006365-index.htm,https://www.sec.gov/Archives/edgar/data/59478/000095013100006365/0000950131-00-006365-0001.txt,2.5995993828660717,0.7199999997781202,1.1466563940996437,1.0015100150996887,3.563667179179147,5.606255776392525,5.506317409705295,5.606255776392525,2.616702618608104,87755616693.70999,87469816693.70999,28.170138897569977,31.20865489302962,70.75354083182293,81.00767718426104,14.471334030393626,14.471334030393626,31.107015432166857,76.86951111144212,70.52311270959444,80.74385368199944,0.0088746456277347,0.0123445089991333,0.4667469204003892,0.2083474420316525,-0.2511644256964584,1.865755278830536,0.0,1.592578325629173,0.003210050941619,0.3617103235747304,0.2846118283011487,0.1799850634802091,0.0079573058520426,0.1265822784810126,0.0558341335040364,1.2816326530612243,0.0,9.53002327119776,0.0797162658320946,0.0577877701845379,-1.8374653307126456,3198100000.0,5956000000.0,-628800000.0,7309700000.0,1646650000.0,382950000.0,920400000.0,52.32796329883709,92.03210010881392,221.5723612622416,1.7199217077497095,0.9779196594839052,0.4061878453038674,0.1284279612803218,0.1451463789999549,2000-10-19,0.71,bmo,2811900000.0,2025-04-25,2000-09-30,0.0,86.48460317460317,3877717.460317461
2000-06-30,LLY,USD,59478,2000-08-14,2000-08-14 00:00:00,2000,Q2,2621500000.0,370500000.0,2251000000.0,0.8586687011,508800000,795400000.0,0.0,795400000.0,121200000.0,1425400000.0,1795900000.0,0.0,0.0,121200000.0,946800000.0,0.3611672706,825600000.0,0.314934198,28500000.0,854100000.0,0.3258058364,187900000.0,666200000.0,0.2541293153,0.62,0.61,1074516129,1092131148,https://www.sec.gov/Archives/edgar/data/59478/000095013100004887/0000950131-00-004887-index.htm,https://www.sec.gov/Archives/edgar/data/59478/000095013100004887/0000950131-00-004887-0001.txt,2.43970279202761,0.620000000018613,0.7455448814393739,0.5910567397355466,3.375565896228627,5.131146802915976,5.032218553138163,5.131146802915976,2.650030021094267,107322670964.52,106799670964.52,40.27419354717802,40.93941291799351,133.9691311503183,168.98546837430325,19.46543410982497,19.46543410982497,40.739908817287805,112.8006664179552,133.31627882226937,168.1619760108959,0.0062074489389128,0.005917668599675,0.5164595991656842,0.2185408608092343,-0.5523869877482045,1.87735639214814,0.0,1.2024917442209546,0.0026192042880942,0.4219453617532273,0.3034140759107381,0.1940873545679954,0.0081583471480321,0.2072150792660092,0.0633225252717909,1.3696369636963697,0.0,8.460466766250356,0.0679071119426225,0.0515503006198107,-2.0263074152514653,3155500000.0,5407200000.0,-764000000.0,7253700000.0,1651550000.0,392500000.0,917700000.0,56.93534236124356,94.73684210526316,227.31983805668017,1.5807404727448142,0.95,0.3959179311818764,0.1208306883105105,0.1544881417038273,2000-07-20,0.6,bmo,2578524590.0,2025-04-25,2000-06-30,0.0166666666666666,77.23428571428572,3905744.492063492
2000-03-31,LLY,USD,59478,2000-05-12,2000-05-12 00:00:00,2000,Q1,2451100000.0,392500000.0,2058600000.0,0.8398678145,458500000,688300000.0,0.0,688300000.0,116200000.0,1263000000.0,1655500000.0,0.0,46800000.0,116200000.0,911800000.0,0.3719962466,795600000.0,0.3245889601,226900000.0,1022500000.0,0.4171596426,177000000.0,845500000.0,0.3449471666,0.78,0.77,1083974359,1098051948,https://www.sec.gov/Archives/edgar/data/59478/000095013100003384/0000950131-00-003384-index.html,https://www.sec.gov/Archives/edgar/data/59478/000095013100003384/0000950131-00-003384-d1.html,2.2612158485568017,0.7799999999815493,0.562928444693958,0.4614500295573873,3.53772205787019,5.220049674625191,5.11857125948862,5.220049674625191,2.6584577172641404,67889314104.170006,66926414104.170006,20.073717949192787,27.69748851706173,111.25747968562766,135.72433847295082,11.997970115963875,11.997970115963875,27.304644487850357,73.40032255337795,109.6794724748771,133.79930848494604,0.012454095481104,0.0073678752923101,0.5010073519015976,0.2233242214887231,-1.0560429918841852,2.155038279143291,17.0,0.7217031342400946,0.0041567661085364,0.3337670017740982,0.2808126963404186,0.1870588715270695,0.0086654430010792,0.1802687643395608,0.0448778099628738,0.9466437177280552,0.0,9.571409080564107,0.0691076888747662,0.0671879594090956,-1.4000100531898283,3726500000.0,5548400000.0,-82900000.0,7782900000.0,1743750000.0,420250000.0,899600000.0,60.390436946677006,90.57324840764332,206.27770700636944,1.490302182768894,0.9936708860759492,0.4363050244553135,0.1494238654036477,0.1014784151365705,2000-04-17,0.61,bmo,2373287301.0,2025-04-25,2000-03-31,0.0327868852459016,62.42095238095238,3099285.761904762
1999-12-31,LLY,USD,59478,2000-03-30,2000-03-30 00:00:00,1999,Q4,2820500000.0,465900000.0,2354600000.0,0.8348165219,467100000,818700000.0,0.0,818700000.0,-340400000.0,2354600000.0,2820500000.0,0.0,0.0,99300000.0,1068800000.0,0.3789399043,969500000.0,0.3437333806,54200000.0,1023700000.0,0.3629498316,237400000.0,786300000.0,0.2787803581,0.73,0.73,1083974359,1083974359,https://www.sec.gov/Archives/edgar/data/59478/000095013100002201/0000950131-00-002201-index.html,https://www.sec.gov/Archives/edgar/data/59478/000095013100002201/0000950131-00-002201-d1.html,2.6019988172063395,0.7253861620171405,0.988030751011519,0.8253885274789973,3.5388290951262253,4.62464813708753,4.5152359549493735,4.62464813708753,2.81685629798186,72084294873.5,71437294873.5,22.91882706139514,25.55727526094664,67.30559745424837,80.56811766346262,14.379472346598844,14.379472346598844,25.32788330916504,66.83878637116392,66.7014891442577,79.84497023974517,0.0109080625867239,0.0124118575560751,0.6090963494913225,0.2380781586252066,-0.6053517964071856,1.7928291914417849,0.0,1.3620755436856162,0.0034542891823658,0.3166730255627623,0.2902676830349229,0.1656089345860663,0.0092474191435611,0.1646125116713352,0.0625066477574898,1.775427995971803,0.0,8.687908532203648,0.0815512785903912,0.0618812270788409,-1.9781833234304391,3120100000.0,4894400000.0,-756700000.0,7220200000.0,1740650000.0,442700000.0,964450000.0,58.802340010636414,86.0592401802962,173.7797810688989,1.530551334925114,1.0457912457912455,0.5178968430413518,0.156852184320766,0.1626422235325217,2000-01-27,0.61,bmo,2820500000.0,2025-04-25,1999-12-31,0.0,70.23234375,2677495.375
1999-09-30,LLY,USD,59478,1999-11-12,1999-11-12 00:00:00,1999,Q3,2585200000.0,432200000.0,2153000000.0,0.832817577,442900000,696400000.0,0.0,696400000.0,116000000.0,1255300000.0,1687500000.0,0.0,45900000.0,116000000.0,1013700000.0,0.3921166641,897700000.0,0.3472458611,41500000.0,939200000.0,0.3632987777,206600000.0,732600000.0,0.2833823302,0.68,0.67,1077352941,1093432836,https://www.sec.gov/Archives/edgar/data/59478/000095013199006269/0000950131-99-006269-index.html,https://www.sec.gov/Archives/edgar/data/59478/000095013199006269/0000950131-99-006269-d1.html,2.399585039978092,0.6800000001113841,0.8739939941371544,0.9713622715213808,3.117084357594936,4.517089817829717,4.400322141042913,4.517089817829717,2.97748293797065,69155285282.79,69025285282.79,23.59926470201679,26.750458487850068,73.44444061468776,66.08245129745819,14.210476786764614,14.210476786764614,26.7001722430721,68.09241914056426,73.30637774298003,65.95822769497371,0.0105935503989933,0.0151326105549366,0.649727730401726,0.2564229409284069,-0.1282430699417973,2.069178640898538,19.55773420479303,1.2852852852852852,0.0036049305411807,0.3402948402948403,0.2693795451028934,0.1713213677858579,0.0102020955655756,0.0495964316057774,0.0180643663933158,0.4025862068965517,0.0,8.313331114788772,0.0737929771551568,0.060024580090127,-2.1929443083035127,3407900000.0,4740700000.0,-869000000.0,7422300000.0,1624850000.0,392550000.0,986350000.0,57.04200835525298,91.60342434058306,214.33826931975932,1.5777845590479096,0.9824960218231416,0.4198970173904595,0.1505394020343162,0.0433469833540835,1999-10-20,0.62,bmo,2585200000.0,2025-04-25,1999-09-30,0.0,69.61421874999999,2765179.828125
1999-06-30,LLY,USD,59478,1999-08-12,1999-08-12 00:00:00,1999,Q2,2341600000.0,379100000.0,1962500000.0,0.8381021524,460500000,649600000.0,0.0,649600000.0,112000000.0,1222100000.0,1601200000.0,0.0,0.0,112000000.0,852400000.0,0.3640245986,740400000.0,0.3161940553,-1400000.0,739000000.0,0.3155961736,162600000.0,576400000.0,0.2461564742,0.53,0.52,1087547170,1108461538,https://www.sec.gov/Archives/edgar/data/59478/000095013199004857/0000950131-99-004857-index.html,https://www.sec.gov/Archives/edgar/data/59478/000095013199004857/,2.1531020121177824,0.5299999999080499,0.6586380984284111,0.4557963219195357,1.8681488546377256,4.092512143634193,3.9822640520502666,4.092512143634193,2.14960791079986,77901003787.09999,78207103787.09999,33.78773585491846,33.26827971775708,108.754717,157.15352791426264,17.502696995394086,17.502696995394086,33.39900230060642,91.74930054798216,109.18205191553815,157.77103850534596,0.007399134439593,0.0063632042708297,0.5252538869416734,0.2160588528862682,0.3591037071797278,1.7263216764812317,0.0,1.2427133934767522,0.0032169033493442,0.4347675225537821,0.2774171506662111,0.1966604031431499,0.0110811260420324,0.3079715203127181,0.0942090878032114,1.9696428571428573,0.0,6.98592923699996,0.070951931653106,0.0538676485706008,-2.443664121713452,2207800000.0,4330900000.0,-1121900000.0,6181100000.0,1649050000.0,332100000.0,936600000.0,61.92688759822344,81.95199155895543,223.96729095225533,1.4533267130089371,1.0982039397450754,0.4018443926224295,0.1295048081243821,0.2028417765088754,1999-07-21,0.51,bmo,2296569230.0,2025-04-25,1999-06-30,0.0196078431372549,74.85666666666667,3012038.206349206
1999-03-31,LLY,USD,59478,1999-05-13,1999-05-13 00:00:00,1999,Q1,2255600000.0,381100000.0,1874500000.0,0.8310427381,413100000,592900000.0,0.0,592900000.0,112400000.0,1118400000.0,1499500000.0,0.0,0.0,112400000.0,868500000.0,0.3850416741,756100000.0,0.3352101436,-212600000.0,543500000.0,0.2409558432,92100000.0,625700000.0,0.2773984749,0.57,0.56,1092100000,1092100000,https://www.sec.gov/Archives/edgar/data/59478/000095013199003013/0000950131-99-003013-index.html,https://www.sec.gov/Archives/edgar/data/59478/,2.065378628330739,0.5729328816042487,-0.0999908433293654,-0.1775478436040655,2.201629887372951,4.450141928394836,4.339620913835729,4.450141928394836,2.141653694716601,92697448000.0,92631948000.0,37.03749720313249,41.09658095406987,-848.8777289377289,-478.0683238782878,19.07354897119341,19.07354897119341,41.0675421173967,106.65739550949914,-848.2779120879121,-477.7305208870552,0.006749916135771,-0.0020917512205945,0.4812551440329218,0.2083541191562143,-0.0754173862982153,1.82772772451826,0.0,-0.1745245325235736,0.002714206328528,0.4021096372063289,0.2628568895194183,0.1831441744990246,0.0107522092360319,-0.7756410256410257,0.0375509842170597,0.75355871886121,0.0,7.574083071113011,0.0741987138341817,0.0563444965735846,-2.04296767695266,2581600000.0,4739300000.0,-665100000.0,6555100000.0,1965300000.0,752500000.0,964850000.0,67.30847668026246,75.33455785882971,219.58016268695883,1.3371272748829213,1.1946708463949842,0.4098730909873091,0.1287448559670782,0.0775570002747001,1999-04-19,0.53,bmo,2255600000.0,2025-04-25,1999-03-31,0.0,88.61688524590164,2759280.37704918
1998-12-31,LLY,USD,59478,1999-03-26,1999-03-26 00:00:00,1998,Q4,2053800000.0,-12000000.0,2065800000.0,1.0058428279,513900000,757700000.0,0.0,757700000.0,131600000.0,1403200000.0,1391200000.0,0.0,0.0,131600000.0,794200000.0,0.3866978284,662600000.0,0.3226214821,27500000.0,690100000.0,0.3360112961,131600000.0,567300000.0,0.2762196903,0.52,0.52,1087428152,1092100000,https://www.sec.gov/Archives/edgar/data/59478/000095013199001772/0000950131-99-001772-index.html,https://www.sec.gov/Archives/edgar/data/59478/,1.8886765035672903,0.5216896389491303,0.9706388399626424,0.8273650064560771,1.3754471936827326,4.07346452439462,2.677602188838679,4.07346452439462,2.1766035720583403,96650614149.76,97521814149.76,42.592373589705616,47.05940897349304,91.5685591186736,107.42537973742358,21.8192645272169,21.8192645272169,47.48359828111793,122.79251340941828,92.39394992871624,108.39370251168168,0.0058695953977174,0.009308787201351,0.5343371862019144,0.1879163193203922,1.0969529085872576,1.1735544365341206,0.0,1.8605676009166223,0.002228645952174,0.3796932839767319,0.3689258934657707,0.2502191060473269,0.1205112937160096,0.1476077688299384,0.0758593826078488,1.1838905775075987,0.0,6.914795393399519,0.065638171231741,0.0512114537444933,-4.126686431417678,799600000.0,2911700000.0,-2759100000.0,6413800000.0,2115700000.0,1033900000.0,1014200000.0,98.3216476774759,-8895.0,-7499.249999999999,0.9153630164460488,-0.0101180438448566,-0.012001200120012,0.1280702546505328,0.1432738335065653,1999-01-28,0.51,bmo,2094070588.0,2025-04-25,1998-12-31,-0.0196078431372549,83.02796875,2370564.046875
1998-09-30,LLY,USD,59478,1998-11-13,1998-11-13 00:00:00,1998,Q3,2573200000.0,373300000.0,2199900000.0,0.8549277165,439900000,680500000.0,0.0,680500000.0,122400000.0,1244500000.0,1789400000.0,0.0,0.0,122400000.0,878600000.0,0.3414425618,756200000.0,0.2938753303,-157100000.0,599100000.0,0.2328229442,86900000.0,518200000.0,0.2013834914,0.47,0.46,1102127660,1126086957,https://www.sec.gov/Archives/edgar/data/59478/000095013198006074/0000950131-98-006074-index.html,https://www.sec.gov/Archives/edgar/data/59478/,2.3347567558553064,0.4701814669999299,0.7103532815790142,0.6317779920340626,1.4004729724322498,4.236351349715695,2.8740772189675377,4.091177604598001,2.4192297287956643,86307617054.6,87430417054.6,41.6381788183134,33.54096729931603,110.24092100472602,123.95176943070516,19.141188080416946,19.141188080416946,33.97731115132909,99.51105970248123,111.6750760692298,125.564292768347,0.0060041050568245,0.0080676540931434,0.5913284542027057,0.2119256356656307,1.2779421807420897,1.329848549115497,0.0,1.510806638363566,0.0025675601709616,0.4276341181011192,0.2644567076014301,0.170954453598632,0.1193358396986003,0.1106143824243198,0.033654593502254,0.7075163398692811,0.0,6.578822651315417,0.0720685448439897,0.0467693751748662,-3.9594097475060193,1322000000.0,3167600000.0,-2582400000.0,6869000000.0,1903000000.0,889450000.0,1006850000.0,69.52160733716772,212.5957674792392,247.9641039378516,1.294561553554359,0.4233386255386709,0.3629557608167233,0.114925704147261,0.0785752895449516,1998-10-21,0.51,bmo,2270366037.0,2025-04-25,1998-09-30,0.0392156862745098,70.83078125,2914648.484375
1998-06-30,LLY,USD,59478,1998-08-13,1998-08-13 00:00:00,1998,Q2,2340700000.0,361400000.0,1979300000.0,0.8456017431,416700000,654100000.0,0.0,654100000.0,117200000.0,1190000000.0,1698900000.0,0.0,0.0,117200000.0,739500000.0,0.3159311317,622300000.0,0.26586064,25000000.0,647300000.0,0.2765412056,156400000.0,491300000.0,0.209894476,0.45,0.44,1090222222,1115000000,https://www.sec.gov/Archives/edgar/data/59478/000095011798001534/0000950117-98-001534-index.html,https://www.sec.gov/Archives/edgar/data/59478/,2.146993477812269,0.450642071025406,0.6733489605938339,0.581807990334653,1.2063595599686832,4.404239707379584,3.021035467391161,4.257480636823783,2.2954953123309205,72227222207.5,73414622207.5,36.75311531014655,30.85710351924638,98.388805622531,113.86918210231752,15.560845873728889,15.560845873728889,31.36438766501474,99.27602732589588,100.0062964275984,115.74116696752326,0.006802144468308,0.0087820074012777,0.5391675284384695,0.2108571284133898,1.6056795131845842,1.3919350159559036,0.0,1.4941990637085285,0.0030459429737996,0.4477915733767555,0.2794463194770795,0.1780236681334643,0.1270568807030256,0.1359487808200517,0.0426368180458837,0.8515358361774744,0.0,6.570273781160019,0.0547698073324955,0.0474195758973814,-3.5731935392525878,1351000000.0,3293600000.0,-2269100000.0,6903700000.0,1826000000.0,869250000.0,981500000.0,69.91370102960653,223.4061981184283,245.3458771444383,1.287301325413848,0.4028536395050719,0.3668290702395452,0.1058471216821785,0.0915409702591807,1998-07-22,0.43,bmo,2059222222.0,2025-04-25,1998-06-30,0.0465116279069767,65.63238095238096,3422339.936507937
1998-03-31,LLY,USD,59478,1998-05-12,1998-05-12 00:00:00,1998,Q1,2269100000.0,338100000.0,1931000000.0,0.8509981931,362900000,566000000.0,0.0,566000000.0,119200000.0,1049900000.0,1532800000.0,0.0,0.0,119200000.0,842500000.0,0.371292583,723300000.0,0.3187607421,-20000000.0,703300000.0,0.3099466749,171700000.0,521100000.0,0.2296505222,0.47,0.46,1101100000,1130600000,https://www.sec.gov/Archives/edgar/data/59478/000095011798001003/0000950117-98-001003-index.html,https://www.sec.gov/Archives/edgar/data/59478/,2.060757424393788,0.4732540187085641,0.0520388702206884,-0.0185269276178367,1.1485786940332394,4.498592316774135,3.1173372082463,4.353283080555808,2.322404867859414,65658593000.0,66951093000.0,31.49999664171944,28.935962716495528,1145.8742233856894,-3218.558480392157,13.69770789001544,13.69770789001544,29.50557181261293,79.46717270029674,1168.430942408377,-3281.916323529412,0.0079365087826356,-0.0003106980985718,0.5334835398673176,0.212272138659229,1.5341246290801187,1.3536326299391022,0.0,0.1084611016467916,0.0033613269781763,0.4235271540971023,0.2494381032127275,0.1599312502754396,0.1262492944184347,1.356020942408377,0.0342426512714292,0.6518456375838926,0.0,6.8084283083618695,0.0625799599530278,0.0495064555049924,-3.600513123240396,1248500000.0,3432500000.0,-2314400000.0,6811200000.0,1858450000.0,913450000.0,939250000.0,72.730598034463,223.97515527950316,260.28393966282164,1.2374434204068276,0.4018302828618968,0.3457762323583555,0.1087119789710852,0.0705657978385251,1998-04-20,0.46,bmo,2042595744.0,2025-04-25,1998-03-31,0.0217391304347825,65.64754098360656,3828019.7868852457
1997-12-31,LLY,USD,59478,1998-03-24,1998-03-24 00:00:00,1997,Q4,2415800000.0,575000000.0,1840800000.0,0.7619836079,408700000,682800000.0,0.0,682800000.0,110000000.0,1201500000.0,1776500000.0,0.0,0.0,110000000.0,749300000.0,0.3101664045,639300000.0,0.2646328338,-29300000.0,610000000.0,0.2525043464,152500000.0,457500000.0,0.1893782598,0.42,0.42,1101096000,1101100000,https://www.sec.gov/Archives/edgar/data/59478/000095011798000598/0000950117-98-000598-index.html,https://www.sec.gov/Archives/edgar/data/59478/,2.193995800547818,0.4154951066936942,0.870950398512028,0.7323612110115739,1.7686922847780755,4.364378764431076,2.9562363318003158,4.219069000341478,2.31923465347254,76669314480.0,77275514480.0,41.89580026229508,31.736614984684163,79.9471475286757,95.07603482142858,16.503640967797484,16.503640967797484,31.98754635317493,103.13027422928066,80.57926431699687,95.82777093253968,0.005967185217488,0.0105178976161363,0.5497029447218874,0.2030387838503983,0.8090217536367276,1.26937207748831,0.0,2.096174863387978,0.0029112038044663,0.4878688524590164,0.2826392913320639,0.1691779120788144,0.1232766708540715,0.1591240875912409,0.0631674807517178,1.3872727272727272,0.0,6.2803309466947015,0.0556661713144635,0.0414894485304119,-3.5978243495571687,1129100000.0,3255100000.0,-2451100000.0,6781300000.0,1809450000.0,857500000.0,907700000.0,70.15812567265502,154.25217391304346,140.9791304347826,1.2828164825828376,0.5834601725012684,0.6383923614966137,0.0984802824177716,0.1385891875004541,1998-01-29,0.42,bmo,2473319047.0,2025-04-25,1997-12-31,-0.0238095238095238,65.30140625,2588104.6875
1997-09-30,LLY,USD,59478,1997-11-13,1997-11-13 00:00:00,1997,Q3,2160100000.0,463000000.0,1697100000.0,0.7856580714,345400000,587200000.0,0.0,587200000.0,124800000.0,1057400000.0,1520400000.0,0.0,0.0,124800000.0,764500000.0,0.3539188001,639700000.0,0.2961436971,-27400000.0,612300000.0,0.2834590991,155400000.0,456900000.0,0.2115179853,0.41,0.4,1101800000,1129900000,https://www.sec.gov/Archives/edgar/data/59478/000095011797001888/0000950117-97-001888-index.html,https://www.sec.gov/Archives/edgar/data/59478/,1.960519150481031,0.4146850608095843,0.4486295153385369,0.3781085496460337,1.3651297876202575,3.985206026502087,2.5837720094390995,3.985206026502087,2.511526592848067,66658900000.0,67922000000.0,36.47346246443423,30.859173186426556,134.85514869512443,160.0069611137782,15.181147372975929,15.181147372975929,31.44391463358178,88.84499672988882,137.41047946591138,163.03888622179548,0.0068542985257782,0.0062497280933228,0.630212484911977,0.23412752132124,1.652190974493133,1.263805867836578,0.0,1.0818559859925585,0.0029703460453142,0.433355219960604,0.2718392667006157,0.1599000046294153,0.1306433599566806,0.1571919886708476,0.0359705569186611,0.6225961538461539,0.0,6.09783745088139,0.0555337565572842,0.0444667205185351,-3.7802459611544745,962100000.0,2846800000.0,-2819200000.0,6601400000.0,1700550000.0,772450000.0,930250000.0,72.31748530160641,141.80345572354213,177.80345572354213,1.2445123005127614,0.634681288553804,0.5061768885973543,0.1040561160582113,0.0705209656925031,1997-10-20,0.4,bmo,2107414634.0,2025-04-25,1997-09-30,0.0249999999999998,55.74625,2763715.625
1997-06-30,LLY,USD,59478,1997-08-12,1997-08-12 00:00:00,1997,Q2,1988700000.0,412800000.0,1575900000.0,0.7924272138,326700000,572700000.0,0.0,572700000.0,136000000.0,1035400000.0,1448200000.0,0.0,0.0,136000000.0,676500000.0,0.3401719716,540500000.0,0.2717855886,-1829400000.0,-1288900000.0,-0.6481118318,443200000.0,-1732100000.0,-0.8709709861,-1.57,-1.57,1102500000,1102500000,https://www.sec.gov/Archives/edgar/data/59478/000095013197004974/0000950131-97-004974-index.html,https://www.sec.gov/Archives/edgar/data/59478/,1.803809523809524,-1.5710657596371882,0.5835827664399093,0.5134693877551021,1.6807256235827663,4.235736961451247,2.823219954648526,4.235736961451247,2.7934693877551022,60262650000.0,61489450000.0,-8.697917268056116,30.302534318901795,93.66280696300902,106.4523052464229,12.90448403606073,12.90448403606073,30.919419721426056,90.89349593495936,95.56955237799193,108.61941353117824,-0.0287425129827513,0.0093938782977515,0.6595002034304803,0.2506164099309133,1.8134515890613447,1.3492526825049325,0.0,-0.3714566133595058,0.0033005518343451,-0.11483170717626,0.2879770704480314,0.1642781716699351,0.1267241168859702,0.1201429903636928,0.038869613315231,0.5683823529411764,0.0,,0.0792359382644586,-0.1614018412911401,-3.668072562358277,1292200000.0,3112600000.0,-2626900000.0,7006000000.0,1730100000.0,755100000.0,911050000.0,75.36883391160053,177.77616279069767,206.2063953488372,1.1941275369280653,0.5062545989698307,0.4364559103404525,-0.3709072999421829,0.0701133786848072,1997-07-23,0.38,bmo,1988700000.0,2025-04-25,1997-06-30,0.0,46.27296875,2608253.125
1997-03-31,LLY,USD,59478,1997-05-15,1997-05-15 00:00:00,1997,Q1,1953000000.0,402300000.0,1550700000.0,0.7940092166,301200000,471700000.0,0.0,471700000.0,139000000.0,1550700000.0,1314200000.0,0.0,0.0,139000000.0,777800000.0,0.3982590886,638800000.0,0.3270865335,-62000000.0,576800000.0,0.2953405018,144200000.0,432600000.0,0.2215053763,0.39,0.38,1100600000,1125500000,https://www.sec.gov/Archives/edgar/data/59478/000005947897000011/0000059478-97-000011-index.html,https://www.sec.gov/Archives/edgar/data/59478/,1.7744866436489188,0.3930583318190078,0.2759403961475559,0.222605851353807,0.9468471742685808,5.969016899872797,2.33917862983827,5.969016899872797,3.491913501726331,45267678000.0,48068778000.0,26.160239251040224,23.178534562211983,149.05392821863683,184.7660326530612,6.890581931653856,6.890581931653856,24.61278955453149,61.80094883003343,158.27717484359565,196.199093877551,0.0095564875229518,0.0054122502152639,0.5850064692899003,0.264799911806857,3.601311391103111,1.0526872984218432,0.0,0.7020342117429496,0.0043717727249009,0.4574664817383264,0.2415258576548899,0.1542242703533026,0.2752590673575129,0.1932828449127428,0.0300563236047107,0.4223021582733813,0.0,7.26559468098985,0.0406516482117856,0.0411271461981632,-4.649963656187534,214000000.0,2574500000.0,-3668400000.0,8403300000.0,1765950000.0,762050000.0,878850000.0,82.70967741935483,155.43624161073825,196.04026845637583,1.0881435257410297,0.5790155440414507,0.4590893529613146,0.0658497602557272,0.0533345447937488,1997-04-21,0.4,bmo,1905365853.0,2025-04-25,1997-03-31,0.0249999999999998,42.76131147540984,2754937.704918033
1996-12-31,LLY,USD,59478,1997-03-24,1997-03-24 00:00:00,1996,Q4,2061100000.0,453700000.0,1607400000.0,0.7798748241,349400000,579800000.0,0.0,579800000.0,138700000.0,1067900000.0,1521600000.0,0.0,0.0,138700000.0,678200000.0,0.3290475959,539500000.0,0.2617534326,-56700000.0,482800000.0,0.2342438504,109800000.0,373000000.0,0.180971326,0.34,0.34,1094500000,1100600000,https://www.sec.gov/Archives/edgar/data/59478/000005947897000009/0000059478-97-000009-index.html,https://www.sec.gov/Archives/edgar/data/59478/,1.8831429876656007,0.3407948835084513,0.6426678848789401,0.5668341708542713,0.7434444952032891,5.57341251713111,1.893010507080859,5.57341251713111,3.407400639561444,39949250000.0,42864950000.0,26.775636729222523,19.382489932560283,56.79449815183395,64.39273049645391,6.548950017212833,6.548950017212833,20.79712289554121,63.20399587142436,60.93965027011658,69.09244036105738,0.0093368461235192,0.0155297033110759,0.611367026770053,0.2606659583985685,4.299174284871719,0.9216285348870256,0.0,1.8857908847184988,0.0047785628015544,0.5117962466487935,0.2813060986851681,0.1695211294939595,0.2815505479758443,0.1179982940005686,0.0402697588666246,0.5984138428262437,0.0,6.537299562067308,0.036892262745957,0.0362875766125109,-5.1620603015075375,-330900000.0,2071900000.0,-4315800000.0,8004300000.0,1764200000.0,768400000.0,879850000.0,75.85221483673766,164.50738373374477,174.84240687679085,1.1865177594841978,0.5470879054624382,0.5147492625368731,0.0611465385813347,0.0758337140246688,1997-01-27,0.34,bmo,2061100000.0,2025-04-25,1996-12-31,0.0,36.2446875,2558009.375
1996-09-30,LLY,USD,59478,1996-11-13,1996-11-13 00:00:00,1996,Q3,1803900000.0,367000000.0,1436900000.0,0.7965519153,290700000,473100000.0,0.0,473100000.0,135900000.0,1436900000.0,1266700000.0,0.0,0.0,135900000.0,673100000.0,0.3731359831,537200000.0,0.2977992128,22200000.0,559400000.0,0.3101058817,143800000.0,415600000.0,0.2303897112,0.38,0.37,1092932000,1118540000,https://www.sec.gov/Archives/edgar/data/59478/000005947896000007/0000059478-96-000007-index.html,https://www.sec.gov/Archives/edgar/data/59478/,1.6505143961380946,0.3802615350268818,0.4395515914988306,0.3223439335658577,0.6753393623757014,5.514249742893428,1.8185943864760112,5.514249742893428,3.734633078727679,35247057000.0,38590657000.0,21.202512632338788,19.53936304673208,73.37022689425478,100.04841612262275,5.848483747324407,5.848483747324407,21.39290259992239,57.33272470658149,80.33026019983348,109.53919103037184,0.0117910553496707,0.0099951607307242,0.6772694841289595,0.2904545713309803,4.967463972663794,0.920531222431511,0.0,1.1559191530317614,0.0053110817166948,0.4504331087584216,0.2622650923000166,0.1611508398469981,0.2874231469885005,0.2666527893422148,0.0710128055878929,0.9426048565121412,0.0,6.868717792606599,0.035138514121191,0.0415031406972447,-5.0372530038465335,-333300000.0,1987600000.0,-4165300000.0,7991600000.0,1736600000.0,776700000.0,874350000.0,89.37136204889407,173.50136239782017,215.3869209809264,1.0070339976553342,0.5187279151943462,0.4178526699305476,0.0689597955763519,0.1172076579329729,1996-10-22,0.32,bmo,,2025-04-25,1996-09-30,0.1875,29.89578125,2322243.75
1996-06-30,LLY,USD,59478,1996-08-12,1996-08-12 00:00:00,1996,Q2,1698300000.0,368900000.0,1329400000.0,0.7827827828,273400000,479000000.0,0.0,479000000.0,136200000.0,1329400000.0,1257500000.0,0.0,0.0,136200000.0,577000000.0,0.3397515162,440800000.0,0.2595536713,24500000.0,465300000.0,0.2739798622,119600000.0,345700000.0,0.2035564977,0.31,0.31,1094554000,1122626000,https://www.sec.gov/Archives/edgar/data/59478/000005947896000006/0000059478-96-000006-index.html,https://www.sec.gov/Archives/edgar/data/59478/,1.5515908762838562,0.3158364045994989,0.5359260484178944,0.4156030675508015,1.0278158957895178,5.384567595568606,1.6528193218425038,5.384567595568606,4.146072281495477,35507331760.0,38920431760.0,25.67785056407289,20.90757331449096,60.53073944766451,78.05524677951198,6.024624897772197,6.024624897772197,22.91728891244185,67.45308797227037,66.34918472553699,85.55821446471752,0.0097360174044235,0.0128114385804809,0.7699916860376335,0.3182666143013437,5.91525129982669,0.8985433454352254,0.0,1.696846977147816,0.0052805995468018,0.542377784205959,0.2820467526349879,0.1609845139256904,0.2864616938311779,0.2245141493351517,0.0775481363716657,0.9669603524229076,0.0,6.1858269914713535,0.0280084703843569,0.0339781014723516,-5.064597087032709,-458300000.0,1809100000.0,-4306200000.0,7867000000.0,1715900000.0,830650000.0,857050000.0,89.13089560148384,206.3730008132285,212.35023041474653,1.0097508769843628,0.4361035583402293,0.423828125,0.0586558528598333,0.1203229808670929,1996-07-16,0.32,bmo,,2025-04-25,1996-06-30,0.0,30.60761904761905,2978019.047619048
1996-03-31,LLY,USD,59478,1996-05-13,1996-05-13 00:00:00,1996,Q1,1783300000.0,385300000.0,1398000000.0,0.7839398867,276000000,460000000.0,0.0,460000000.0,132700000.0,1398000000.0,1254000000.0,0.0,0.0,132700000.0,662000000.0,0.371221892,529300000.0,0.2968092862,-5500000.0,523800000.0,0.2937251164,134600000.0,389200000.0,0.21824707,0.36,0.35,1092628000,1124714000,https://www.sec.gov/Archives/edgar/data/59478/000005947896000004/0000059478-96-000004-index.html,https://www.sec.gov/Archives/edgar/data/59478/,1.6321199896030487,0.3562054056824463,0.2022646316953254,0.1097354268790475,0.8222377607017209,5.350036792028027,1.5846198340148705,5.350036792028027,4.2135109113074165,35718009320.0,39423409320.0,22.943222841726616,20.02916464980654,161.61995167420812,297.89832627189327,6.110238353633502,6.110238353633502,22.10699788033421,59.55197782477342,178.38646751131222,328.8024130108424,0.0108964639242106,0.0033568500115952,0.7875667168468592,0.3251179345216237,5.597280966767372,0.867237687366167,0.0,0.5678314491264131,0.0052522523951231,0.4820143884892086,0.2579487467055459,0.1547692480233275,0.290542640038417,0.4574660633484163,0.0566926484607188,0.7618688771665411,0.0,6.548169254318953,0.0334669339491272,0.0387410165037526,-5.200420454171044,-589000000.0,1731400000.0,-4467300000.0,7739300000.0,1779150000.0,916700000.0,841650000.0,88.31436101609376,190.4645730599533,197.07500648845053,1.0190868049602837,0.4725288202109394,0.4566789143060329,0.0665799917886957,0.0925292048162778,1996-04-15,0.36,bmo,,2025-04-25,1996-03-31,0.0,29.60619047619048,2776888.888888889
1995-12-31,LLY,USD,59478,1996-03-25,1996-03-25 00:00:00,1995,Q4,1799800000.0,360200000.0,1439600000.0,0.7998666519,284500000,566400000.0,0.0,566400000.0,133900000.0,1439600000.0,1345000000.0,0.0,0.0,133900000.0,588700000.0,0.3270918991,454800000.0,0.2526947439,-91000000.0,363800000.0,0.2021335704,52500000.0,342600000.0,0.1903544838,0.31,0.31,1088164308,1092628000,https://www.sec.gov/Archives/edgar/data/59478/000005947896000001/0000059478-96-000001-index.html,https://www.sec.gov/Archives/edgar/data/59478/,1.6539781600702896,0.314842158928815,0.7044891974163152,0.5591067410749885,0.9185193749251332,4.992444578507532,1.2198525445478956,4.992444578507532,4.13696715367731,30610061984.04,34112261984.04,22.336589305341505,17.007479711101233,39.92963994787373,50.3123964234714,5.634514225976512,5.634514225976512,18.95336258697633,57.94506876854085,44.498124163892506,56.06880667988165,0.0111923981133599,0.0198758173151435,0.8286455840665611,0.3123469210754553,5.9490402581960256,0.8332192470304006,0.0,2.237594862813777,0.0061189029965917,0.5467016929363689,0.314701633514835,0.1580731192354706,0.2848360797918473,0.2063657709366032,0.0878986554061562,1.181478715459298,0.0,5.9469505347001,0.0342749253143722,0.0332385784832109,-5.7016205681320695,-828400000.0,1327400000.0,-4841300000.0,7516100000.0,1793850000.0,897050000.0,836800000.0,90.43004778308702,254.35868961687956,209.7834536368684,0.9952444149524442,0.3538310412573673,0.4290138161029061,0.0630637263925192,0.1453824563413267,1996-01-30,0.28,bmo,,2025-04-25,1995-12-31,0.0,24.70126984126984,2615107.936507937
1995-09-30,LLY,USD,59478,1995-11-14,1995-11-14 00:00:00,1995,Q3,1631900000.0,279200000.0,1352700000.0,0.8289110852,260600000,444100000.0,0.0,444100000.0,140500000.0,1352700000.0,1124400000.0,0.0,0.0,140500000.0,648000000.0,0.3970831546,507500000.0,0.3109871928,-70200000.0,437300000.0,0.2679698511,126800000.0,1228000000.0,0.7524970893,1.08,1.08,1146148000,1167140000,https://www.sec.gov/Archives/edgar/data/59478/000005947895000010/0000059478-95-000010-index.html,https://www.sec.gov/Archives/edgar/data/59478/,1.4238126315275166,1.0714148609080154,0.2715181634483505,0.1429134806325186,0.8517224651615672,4.786554615983277,1.27295951308208,4.786554615983277,4.099819569549482,25753945560.0,29476745560.0,5.243067092833876,15.781570905079969,82.7568944730077,157.22799487179486,4.694399584404221,4.694399584404221,18.06283813959189,45.48880487654321,94.71961940874036,179.9557115995116,0.0476820142816206,0.0063601905043399,0.8565283170193763,0.3297289332051561,5.745061728395061,0.7734276522491675,0.0,0.2534201954397394,0.0072416088465164,0.1518729641693811,0.2721367730865862,0.1596911575464182,0.2825816954480706,0.4736503856041131,0.0903241620197316,1.0491103202846974,0.0,10.741912275406444,0.0312880723295111,0.1201095461658841,-5.267491632843228,-1204300000.0,1459000000.0,-4654000000.0,6987000000.0,1817850000.0,825100000.0,868700000.0,98.12917458177584,250.1755014326648,268.839541547278,0.9171584330916652,0.3597474552248421,0.3347721822541966,0.223838428027196,0.1286046828158318,1995-10-17,0.27,bmo,,2025-04-25,1995-09-30,0.0,20.10253968253968,2834063.492063492
1995-06-30,LLY,USD,59478,1995-08-08,1995-08-08 00:00:00,1995,Q2,1614800000.0,320200000.0,1294600000.0,0.80170919,260500000,436300000.0,0.0,436300000.0,139200000.0,1294600000.0,1156200000.0,0.0,0.0,139200000.0,597800000.0,0.370200644,458600000.0,0.2839980183,-22000000.0,436600000.0,0.2703740401,126600000.0,327100000.0,0.202563785,0.29,0.29,1157136000,1174676000,https://www.sec.gov/Archives/edgar/data/59478/000005947895000006/0000059478-95-000006-index.html,https://www.sec.gov/Archives/edgar/data/59478/,1.3955144425547212,0.2826806874904938,0.4001258279061406,0.271532473278854,0.8553013647488281,5.162573802906486,1.401045339527938,5.162573802906486,4.555471439830755,22714579680.0,26996179680.0,17.360577560379088,14.066497200891751,49.059567343412525,72.29337899427117,3.80236694901068,3.80236694901068,16.717971067624475,45.15921659417865,58.30708354211663,85.92036817313813,0.0144004425619202,0.0138325253835381,0.8824031604673742,0.3491574596613941,7.16226162596186,0.7801422203353853,0.0,1.4154692754509324,0.0082237929396719,0.5710791806786916,0.2701882586078771,0.1613202873420857,0.2883051161804838,0.3213822894168466,0.0921476343819668,1.0689655172413792,0.0,5.730235424141439,0.025815867936068,0.0304431993745695,-5.435575420693851,-1242900000.0,1621200000.0,-4713100000.0,7577300000.0,1890600000.0,828900000.0,902250000.0,103.46544463710676,245.68707058088697,253.92254840724544,0.8698556345615169,0.3663196430614346,0.3544387868054018,0.0547557668485721,0.1285933546272867,1995-07-18,0.27,bmo,,2025-04-25,1995-06-30,0.0,18.715079365079365,2419936.507936508
1995-03-31,LLY,USD,59478,1995-05-12,1995-05-12 00:00:00,1995,Q1,1717300000.0,372400000.0,1344900000.0,0.7831479648,236700000,407200000.0,0.0,407200000.0,140100000.0,1344900000.0,1156400000.0,0.0,0.0,140100000.0,701000000.0,0.4081989169,560900000.0,0.3266173645,-33000000.0,527900000.0,0.307401153,153100000.0,393200000.0,0.2289640715,0.35,0.35,1156248000,1174132000,https://www.sec.gov/Archives/edgar/data/59478/000005947895000005/0000059478-95-000005-index.html,https://www.sec.gov/Archives/edgar/data/59478/,1.4852350014875702,0.3400654530861891,0.2454490732092077,0.1616435228428503,0.8465311939999032,5.046668188831462,1.2593319080335708,5.046668188831462,4.548072731801482,21136213440.0,25416113440.0,13.438589420142424,12.307816595819018,74.47573446088795,113.0883544141252,3.622191774060872,3.622191774060872,14.800042764805218,36.25693786019971,89.55642508809021,135.98776586409844,0.0186031429478221,0.0088426434815563,0.9012030435974774,0.3515009324430007,6.105420827389444,0.7233806493718388,0.0,0.7217700915564598,0.0088284498323082,0.4745676500508647,0.2371164036569032,0.1378326442671635,0.2927068920571898,0.3414376321353065,0.0564257846619693,0.6916488222698073,0.0,6.214052127616821,0.0319819331812881,0.0371588417630604,-5.407620164532177,-1695400000.0,1456100000.0,-4691900000.0,7100800000.0,1879700000.0,830950000.0,935000000.0,100.87462877773248,189.40118152524167,217.7738990332975,0.892196591853699,0.4751818297818043,0.4132726667406503,0.0673841513572799,0.0838055503663574,1995-04-17,0.32,bmo,,2025-04-25,1995-03-31,0.03125,16.725714285714286,2347866.6666666665
1994-12-31,LLY,USD,59478,1995-03-27,1995-03-27 00:00:00,1994,Q4,578700000.0,-373000000.0,951700000.0,1.6445481251,100300000,140700000.0,0.0,140700000.0,432200000.0,673200000.0,300200000.0,0.0,0.0,0.0,278500000.0,0.48125108,278500000.0,0.48125108,-33900000.0,244600000.0,0.4226715051,55500000.0,290100000.0,0.5012960083,0.25,0.25,1153215775,1156248000,https://www.sec.gov/Archives/edgar/data/59478/000005947895000004/0000059478-95-000004-index.html,https://www.sec.gov/Archives/edgar/data/59478/,0.5018141552911033,0.2515574329530828,0.4705971005296038,0.2728023729991033,0.4655676861513622,4.644057180019065,0.8186672611203224,4.644057180019065,4.205804416784014,18924270867.75,23237570867.75,16.308403022880043,32.701349348107826,34.870593085959094,60.15343568897012,3.533548223868474,3.533548223868474,40.15477945006048,83.43831550359066,42.81844641192187,73.86386162666878,0.0153295205943377,0.0166241543570446,0.9056314885353648,0.3343259302149248,15.487612208258527,0.6988799717788164,0.0,1.8707342295760083,0.009553868746833,0.6232333678042055,0.2431311560393986,0.1733195092448591,0.3040861904958848,0.4203058780173208,0.3941593226196647,0.0,0.0,5.1269444906875,0.0186215592023782,0.0287344367515526,-5.85709989962633,-1707200000.0,944100000.0,-5189500000.0,7115800000.0,1462350000.0,542900000.0,1005400000.0,285.3188180404355,-211.8981233243968,-233.7828418230563,0.3154366074348632,-0.4247324071965384,-0.3849726493962225,0.0541676002688774,0.1977947275305005,1995-02-14,0.27,bmo,,2025-04-25,1994-12-31,-0.1481481481481481,15.414603174603174,2760526.984126984
1994-09-30,LLY,USD,59478,1994-11-10,1994-11-10 00:00:00,1994,Q3,1817400000.0,578100000.0,1239300000.0,0.6819082205,260600000,455200000.0,0.0,455200000.0,0.0,1239300000.0,1293900000.0,0.0,0.0,0.0,523500000.0,0.288048861,523500000.0,0.288048861,-58200000.0,465300000.0,0.2560250908,146600000.0,318700000.0,0.175360405,0.28,0.28,1156280000,1167168000,https://www.sec.gov/Archives/edgar/data/59478/000005947894000011/0000059478-94-000011-index.html,https://www.sec.gov/Archives/edgar/data/59478/,1.5717646244854186,0.2756252810737883,0.4344103504341509,0.3502611824125644,0.8644964887397516,4.596378039921127,4.250008648424257,4.596378039921127,1.6543570761407271,16731371600.0,17644671600.0,13.124703169124569,9.206213051612194,33.309519410710735,41.31202864197531,3.1481309575328806,3.1481309575328806,9.708744139980192,33.7051988538682,35.1277555245869,43.56709037037037,0.0190480498323281,0.0242060250457888,0.3599262423090673,0.1820474509169466,1.744603629417383,1.5339723813721169,0.0,1.5760903671164104,0.0107940941315295,0.5666771258236586,0.2504677011114779,0.1433916584131176,0.0381149062116352,0.1937089388811467,0.0535380213491801,0.0,0.0,5.338984431184418,0.0420680931367656,0.0315319772043691,-2.469017020098938,1453900000.0,4914200000.0,-1016300000.0,6147000000.0,1042750000.0,208150000.0,1086600000.0,53.9831627599868,32.31966787752984,162.20550077841204,1.6671864966516834,2.784682080924856,0.5548517132162396,0.0599657553577812,0.0841491680215864,1994-10-18,0.29,bmo,,2025-04-25,1994-09-30,0.0689655172413793,13.45078125,4101475.0625
1994-06-30,LLY,USD,59478,1994-08-12,1994-08-12 00:00:00,1994,Q2,1678500000.0,524500000.0,1154000000.0,0.6875186178,250600000,428300000.0,0.0,428300000.0,0.0,1154000000.0,1203400000.0,0.0,0.0,-30900000.0,444200000.0,0.2646410486,475100000.0,0.2830503426,30900000.0,506000000.0,0.3014596366,159400000.0,346600000.0,0.2064938934,0.3,0.3,1157036000,1168396000,https://www.sec.gov/Archives/edgar/data/59478/000005947894000009/0000059478-94-000009-index.html,https://www.sec.gov/Archives/edgar/data/59478/0000059478-94-000009.txt,1.4506895204643588,0.2995585271331229,0.2758773279310237,0.1555699217656149,0.6108712261329812,4.450423323042672,4.10635451273772,4.450423323042672,1.5985673738760071,16453051920.0,17595851920.0,11.867463877668785,9.80223528150134,51.54464887218045,91.405844,3.195201662361874,3.195201662361874,10.483081274947873,39.61245366951824,55.124849373433584,97.7547328888889,0.021066000501626,0.0109402195334468,0.3591944536150545,0.1817342176369442,2.5727149932462856,1.5696679488185885,0.0,0.9209463358338142,0.0109827648316325,0.5213502596653202,0.2551683050342568,0.1492999702114983,0.0391156963890935,0.4360902255639097,0.0829311885612153,0.0,0.0,5.476874177376647,0.0391806056672209,0.0354418471480867,-2.6007833809838243,1451400000.0,4751200000.0,-1029000000.0,6138600000.0,999200000.0,214850000.0,1113250000.0,53.37265415549598,35.81124880838894,194.12202097235465,1.68625678119349,2.513176808816483,0.4636259170865376,0.0673101198221117,0.1203074061654088,1994-07-15,0.3,bmo,,2025-04-25,1994-06-30,0.0333333333333333,13.45,2006051.6129032257
1994-03-31,LLY,USD,59478,1994-05-12,1994-05-12 00:00:00,1994,Q1,1637000000.0,517900000.0,1119100000.0,0.6836285889,227200000,374100000.0,0.0,374100000.0,0.0,1119100000.0,1119200000.0,0.0,0.0,0.0,517800000.0,0.3163103238,517800000.0,0.3163103238,-35100000.0,482700000.0,0.2948686622,152000000.0,330700000.0,0.2020158827,0.29,0.29,1157652000,1157652000,https://www.sec.gov/Archives/edgar/data/59478/000005947894000008/0000059478-94-000008-index.html,https://www.sec.gov/Archives/edgar/data/59478/0000059478-94-000008.txt,1.4140691675909514,0.285664431107103,0.1452077135443121,0.0485465407566349,0.5225231762222153,4.268035644563306,3.9182759585782256,4.268035644563306,1.405171847843739,14435920440.0,15457720440.0,10.913154248563654,8.818521954795358,85.87698060678169,256.8669117437722,2.9217188042664293,2.9217188042664293,9.4427125473427,29.852685283893397,91.9555052944676,275.0484064056939,0.0229081340101927,0.0038930666204198,0.3292315165253294,0.1658374961769803,1.9733487833140209,1.4111552028218697,0.0,0.5083156939824615,0.0125381682970815,0.5473238584820078,0.2285277947464875,0.1387904703726328,0.0412784177795901,0.6656751933372992,0.0683567501527183,0.0,0.0,5.237612473527688,0.0451366735573477,0.0351655129145798,-2.5597934439710723,1119000000.0,4536000000.0,-1027500000.0,5729400000.0,976550000.0,275300000.0,1099100000.0,55.143555284056205,38.40509750917166,190.3224560726009,1.6321036889332003,2.343438914027149,0.472881665449233,0.0669311259082353,0.0966611727876771,1994-04-18,0.31,bmo,,2025-04-25,1994-03-31,0.032258064516129,14.09,2171053.9682539683
1993-12-31,LLY,USD,59478,1994-03-25,1994-03-25 00:00:00,1993,Q4,1800800000.0,177200000.0,1623600000.0,0.9015992892,0,0.0,0.0,1950800000.0,398300000.0,2349100000.0,2526300000.0,0.0,0.0,11900000.0,-713600000.0,-0.3962683252,-725500000.0,-0.4028764993,-11900000.0,-737400000.0,-0.4094846735,-213800000.0,-523600000.0,-0.2907596624,-0.44,-0.44,1177600000,1177600000,https://www.sec.gov/Archives/edgar/data/59478/000005947894000007/0000059478-94-000007-index.html,https://www.sec.gov/Archives/edgar/data/59478/,1.529211956521739,-0.444633152173913,0.4486243206521739,0.268257472826087,0.4582201086956521,3.879755434782609,2.827955163043478,3.879755434782609,1.1548913043478262,17475584000.0,18295984000.0,-8.343957219251337,9.704344735673034,33.078902138936215,55.31998733776511,3.824983365435125,3.824983365435125,10.15992003553976,-25.638991031390137,34.63180768502745,57.91701171256727,-0.0299618027071369,0.01807664911227,0.2976711609175276,0.141319256826967,-1.1496636771300448,1.2626707650273223,0.0,-1.0089763177998472,0.0101341391509433,-0.3382352941176471,0.0,0.0,0.1287044349307951,0.4020442930153322,0.1179475788538427,0.0,0.0,,-0.0713464984851332,-0.0624448419797257,-2.760805876358696,769100000.0,3330200000.0,-1357700000.0,6207900000.0,934150000.0,266450000.0,1125100000.0,47.48389604620169,167.4040632054176,560.214446952596,1.8953794337438163,0.537621359223301,0.1606527651858567,-0.1146033969532481,0.1803668478260869,1994-02-04,0.29,bmo,,2025-04-25,1993-12-31,-0.0344827586206894,14.03625,2176750.0
1993-09-30,LLY,USD,59478,1993-09-30,1993-09-29 20:00:00,1993,Q3,1530600000.0,467400000.0,1063200000.0,0.694629557,0,0.0,0.0,650100000.0,0.0,1063200000.0,1117500000.0,0.0,0.0,-4500000.0,408600000.0,0.2669541356,413100000.0,0.2698941592,4500000.0,417600000.0,0.2728341827,123200000.0,294400000.0,0.1923428721,0.25,0.25,1177600000,1177600000,,,1.2997622282608696,0.25,0.4172044836956521,0.30078125,0.5401664402173914,4.646144701086956,3.3369565217391304,4.646144701086956,1.1918308423913044,14720000000.0,15487400000.0,12.5,9.617143603815498,29.96132709139019,41.55844155844156,2.690402646537386,2.690402646537386,10.118515614791583,37.90357317670093,31.523305515978016,43.72501411631846,0.02,0.0240625,0.2565203882075558,0.1505029274883651,1.878120411160059,1.7372519467470484,0.0,1.6688179347826086,0.01203125,0.6015625,0.0,0.0,0.1653226671241984,0.2790555668634236,0.0895727165817326,0.0,0.0,5.112197565002171,0.0373440515749049,0.0378226293408019,-1.6607931385869563,1467500000.0,3929600000.0,-396100000.0,7147000000.0,517100000.0,205900000.0,1104150000.0,53.99059192473539,39.14634146341464,220.89858793324777,1.6669570899586146,2.299065420560748,0.4074267782426778,0.0538080529307477,0.1164232336956521,1993-10-19,0.24,bmo,,2025-04-25,1993-09-30,0.0416666666666667,11.851875,2061137.5
1993-06-30,LLY,USD,59478,1993-06-30,1993-06-29 20:00:00,1993,Q2,1561000000.0,469500000.0,1091500000.0,0.699231262,0,0.0,0.0,634800000.0,0.0,1091500000.0,1104300000.0,0.0,0.0,-35200000.0,421500000.0,0.2700192184,456700000.0,0.2925688661,35200000.0,491900000.0,0.3151185138,145100000.0,346800000.0,0.2221652787,0.3,0.3,1156000000,1156000000,,,1.3503460207612457,0.3,0.2785467128027681,0.1522491349480969,0.3872837370242215,4.632179930795847,3.3455017301038064,4.632179930795847,1.2939446366782006,14230360000.0,15278460000.0,10.258333333333336,9.116181934657272,44.193664596273294,80.85431818181819,2.6574960782849035,2.6574960782849035,9.787610506085842,36.24782918149466,47.44863354037267,86.80943181818182,0.0243704305442729,0.0123679232289274,0.2793381638903414,0.1643934981151567,2.4865954922894424,1.590723775720658,0.0,0.928489042675894,0.0124452227491082,0.5106689734717417,0.0,0.0,0.1634703095978635,0.453416149068323,0.0935297885970531,0.0,0.0,5.591709446392218,0.0416876948389722,0.045562635485778,-2.3173442906574397,1231600000.0,3867400000.0,-427600000.0,6787900000.0,568850000.0,209500000.0,1039450000.0,6.688020499679693,39.96805111821086,203.40575079872204,13.45689655172414,2.25179856115108,0.4424653661294883,0.0647643235975199,0.1262975778546712,1993-07-19,0.3,bmo,,2025-04-25,1993-06-30,0.0,12.284444444444444,2459092.0634920634
1993-03-31,LLY,USD,59478,1993-03-31,1993-03-30 19:00:00,1993,Q1,1560000000.0,446600000.0,1113400000.0,0.7137179487,0,0.0,0.0,605100000.0,0.0,1113400000.0,1051700000.0,0.0,0.0,-21500000.0,486800000.0,0.3120512821,508300000.0,0.3258333333,21500000.0,529800000.0,0.3396153846,156300000.0,362600000.0,0.2324358974,0.31,0.31,1169677419,1169677419,,,1.3337010483913598,0.310000000094043,0.1498703806301316,0.0318891340416652,0.5083452842137838,4.463709322920596,3.2730391626035145,4.463709322920596,1.3341285166761008,14258367737.61,15224267737.61,9.830645158308052,9.13997931898077,81.33695229669138,382.26186964101873,2.730912592673957,2.730912592673957,9.759145985647436,31.274173659839768,86.8469351831717,408.15731200026806,0.0254306808936868,0.0026160077146567,0.2988833770661355,0.1723338229285154,1.9841824157765,1.5403594695744582,0.0,0.4693440428380187,0.0124207765754879,0.4884169884169884,0.0,0.0,0.1538028293447891,0.7872219053051911,0.0884615384615384,0.0,0.0,5.579818324714186,0.04671031665261,0.047321987888912,-1.6792877831900763,1169500000.0,3828400000.0,-500200000.0,6641200000.0,1036400000.0,267050000.0,978100000.0,58.94423076923077,42.4205105239588,205.10971786833852,1.5268669863952236,2.1216152019002377,0.4387895460797799,0.0694489666928425,0.1179812465884664,1993-04-20,0.31,bmo,,2025-04-25,1993-03-31,0.032258064516129,13.468064516129033,3303670.9677419355
1992-12-31,LLY,USD,59478,1992-12-31,1992-12-30 19:00:00,1992,Q4,1655400000.0,115700000.0,1539700000.0,0.9301075269,0,0.0,0.0,726300000.0,368100000.0,1094400000.0,1210100000.0,0.0,0.0,0.0,445300000.0,0.2689984294,445300000.0,0.2689984294,-800000.0,444500000.0,0.2685151625,133300000.0,311200000.0,0.1879908179,0.27,0.27,1139860174,1167391304,,,1.452283392085598,0.2730159427431666,0.6140226809959587,0.2724895623908341,0.3793447739143485,4.29184220274372,3.1055563487035207,4.29184220274372,1.0295122391038114,17314476043.059998,18055576043.06,13.909444121995502,10.459391109737826,24.738499847206743,55.74525448506117,3.53927271377527,3.53927271377527,10.90707746953002,40.546993135099925,25.79736539942849,58.1312815294913,0.0179733997855935,0.017938746701174,0.2398765356390916,0.1353080896596254,1.6642712777902535,1.2532310514466771,0.0,2.249035989717224,0.0094545165324603,0.5260282776349614,0.0,0.0,0.1559127386772437,0.5562223174739248,0.235169747493053,0.0,0.0,5.134606145018056,0.0454103315158259,0.0425101767614676,-1.834238135246929,607400000.0,3539900000.0,-774700000.0,6031700000.0,1283150000.0,264600000.0,915900000.0,57.14570496556724,251.7199654278306,729.9567847882455,1.5749215107982113,0.357540173053152,0.1232949701619778,0.0636127634349257,0.3415331186051246,1992-12-30,,bmo,,2025-04-25,1992-12-31,,15.530625,2072862.5
1992-09-30,LLY,USD,59478,1992-09-30,1992-09-29 20:00:00,1992,Q3,1476500000.0,532500000.0,944000000.0,0.6393498137,0,0.0,0.0,1251400000.0,0.0,1251400000.0,1783900000.0,0.0,0.0,78200000.0,-229200000.0,-0.1552319675,-307400000.0,-0.2081950559,-78200000.0,-385600000.0,-0.2611581443,-117100000.0,-268500000.0,-0.1818489672,-0.23,-0.23,1167391304,1167391304,,,1.2647858476766587,-0.2300000000685288,0.2064432030410259,0.1028789572001129,0.3042681565152382,4.285795159563738,3.890897580302688,4.285795159563738,1.2820037247767608,18281347820.64,19422747820.64,-17.02173912536313,12.38154271631561,75.8562150234025,152.21771707443796,3.653931048257116,3.653931048257116,13.154587077981711,-84.74148263804537,80.59231460846473,161.72146395203995,-0.0146871008983734,0.0065695374968143,0.2991285577230572,0.1719360323514544,-4.979930191972077,1.294867422627675,0.0,-0.911497730711044,0.0086536289092092,-0.5891992551210429,0.0,0.0,0.0529617205091677,0.5016597510373444,0.0818828310193024,0.0,0.0,,-0.0288501579904334,-0.0325715117548584,-1.5101191810830896,691700000.0,4542200000.0,-663700000.0,5160600000.0,1297250000.0,201250000.0,895550000.0,92.35895699288858,34.749295774647884,150.9971830985915,0.9744588173178458,2.589980544747082,0.5960376091336468,-0.0536656539814518,0.1035642458409129,1993-02-11,0.29,bmo,,2025-04-25,1992-09-30,0.0,16.844375,1629475.0
1992-06-30,LLY,USD,59478,1992-06-30,1992-06-29 20:00:00,1992,Q2,1478300000.0,445600000.0,1032700000.0,0.6985726848,0,0.0,0.0,595200000.0,0.0,1032700000.0,1040800000.0,0.0,0.0,-49000000.0,388500000.0,0.262801867,437500000.0,0.2959480484,49000000.0,486500000.0,0.3290942299,148300000.0,338200000.0,0.2287762971,0.29,0.29,1166206897,1166206897,,,1.2676138374784454,0.2899999998885275,0.2342637491707442,-0.0185215848539095,0.3647723239283844,4.7620195132493714,3.454704315644259,4.7620195132493714,1.1419071550903372,18985848283.16,19892148283.16,14.034482764015378,12.843027993749578,69.49432021654466,-878.9744575537037,3.4187176164869006,3.4187176164869006,13.456097059568425,51.20244088329472,72.81167014333822,-920.9327908870372,0.0178132678064206,-0.0011376894873408,0.2397947240478977,0.1519563654620765,2.332818532818533,1.4167227294569915,0.0,0.807806031933767,0.0084694661835376,0.475458308693081,0.0,0.0,0.1739676164177231,1.0790629575402635,0.199418250693364,0.0,0.0,5.574242308332889,0.0401627830134276,0.0467185147324943,-1.3089229740681254,867200000.0,4028900000.0,-262000000.0,6392600000.0,1070250000.0,198700000.0,851950000.0,65.70858418453629,39.76885098743268,181.3128366247756,1.3696840544797555,2.2630777044184867,0.4963796368497271,0.060898532457009,0.2527853340246537,1992-06-29,,bmo,,2025-04-25,1992-06-30,,16.86952380952381,2298520.634920635
1992-03-31,LLY,USD,59478,1992-03-31,1992-03-30 19:00:00,1992,Q1,1557100000.0,435100000.0,1122000000.0,0.7205702909,0,0.0,0.0,541900000.0,0.0,1122000000.0,977000000.0,0.0,0.0,-56800000.0,523300000.0,0.3360734699,580100000.0,0.3725515381,56800000.0,636900000.0,0.4090296063,194300000.0,442600000.0,0.2842463554,0.38,0.38,1164736842,1164736842,,,1.3368685044136348,0.3800000000343425,0.2312968820814547,0.0620741075519271,0.301613194785505,4.555964754139716,3.381879801480513,4.555964754139716,1.0612697696395184,20674078945.5,21558878945.5,11.677631577892,13.2772968630788,76.74119875835189,285.9485331327801,3.8959915095637423,3.8959915095637423,13.845532686083104,41.19793415918211,80.02553431885671,298.18643078146613,0.0214084507061601,0.0034971328198268,0.2329407330632243,0.1467930219577944,1.6908083317408753,1.4438014907806984,0.0,0.6086760054225034,0.007787529515797,0.3637596023497514,0.0,0.0,0.1623974253921883,0.7316258351893096,0.1265814655449232,0.0,0.0,6.241273800388427,0.0561976270359761,0.0627516588215278,-1.342706733063055,905000000.0,3939000000.0,-170000000.0,6112100000.0,1093600000.0,238400000.0,801550000.0,61.337101021129016,41.47322454608136,166.76166398529074,1.4673011684885036,2.170074812967581,0.5396923840238155,0.0834071421841138,0.1692227745295275,1992-03-30,,bmo,,2025-04-25,1992-03-31,,19.21253968253968,2519892.0634920634
1991-12-31,LLY,USD,59478,1991-12-31,1991-12-30 19:00:00,1991,Q4,1572600000.0,184700000.0,1387900000.0,0.8825511891,0,0.0,0.0,655200000.0,299500000.0,1387900000.0,1139400000.0,0.0,0.0,-12300000.0,420900000.0,0.2676459367,433200000.0,0.2754673789,12300000.0,445500000.0,0.2832888211,134400000.0,311100000.0,0.1978252575,0.27,0.27,1144230769,1144230769,,,1.374373109520882,0.2718857143405483,0.3819159664635796,0.090366386572847,0.4187966387399254,4.34012100927868,3.203462185520026,4.34012100927868,0.9488470590148936,23891538456.72,24498038456.72,19.199243375699133,15.192381061121708,54.67171271560641,231.0593661191489,4.810925768051388,4.810925768051388,15.57804810932214,58.20394026305535,56.05958456915331,236.92493671876207,0.0130213464722484,0.0043278920772436,0.2186222589154467,0.1308292965078447,1.44095984794488,1.293705985915493,0.0,1.404693024750884,0.0061276924575286,0.4705882352941176,0.0,0.0,0.1567252307618152,0.7633867276887872,0.2121327737504769,0.0,0.0,5.152706111449934,0.0450379208954721,0.044455558731066,-1.4073647061661911,667300000.0,3665500000.0,-393200000.0,5750400000.0,1006900000.0,224100000.0,794950000.0,64.44105303319344,134.63454250135354,388.3107742284786,1.3966252220248667,0.66847629388346,0.2317731208432676,0.0626447312780652,0.2915495798907327,1991-12-30,,bmo,,2025-04-25,1991-12-31,,19.18,2459731.25
1991-09-30,LLY,USD,59478,1991-09-30,1991-09-29 20:00:00,1991,Q3,1341300000.0,392300000.0,949000000.0,0.7075225527,0,0.0,0.0,540000000.0,0.0,540000000.0,932300000.0,0.0,0.0,-16000000.0,393000000.0,0.292999329,409000000.0,0.3049280549,16000000.0,425000000.0,0.3168567807,127500000.0,297500000.0,0.2217997465,0.26,0.26,1144230769,1144230769,,,1.1722285716649872,0.2600000000524369,0.4119798320158614,0.1627294117975252,0.2565042017324042,4.247831933629815,3.866964706662245,4.247831933629815,1.006615126253435,22815961533.86,23674261533.86,19.17307691921009,17.010334402341012,48.40042752197709,122.5347021152524,4.694159352712684,4.694159352712684,17.650235990352645,60.23985123119593,50.22117423389903,127.14426172857144,0.0130391173546859,0.0081609534502269,0.2369715049891986,0.146128569797389,2.183969465648855,1.451172797397282,0.0,1.5845378151260503,0.0064077948143027,0.4914285714285714,0.0,0.0,0.0552898339275066,0.605006364022062,0.2126295385074181,0.0,0.0,4.984959058683044,0.0431694813027744,0.0399527282005828,-1.455781512898645,859800000.0,4424700000.0,-256100000.0,4779900000.0,886900000.0,176850000.0,763200000.0,59.57056586893312,39.436655620698446,181.92709660973745,1.5108132462266275,2.2821407795229787,0.4947036569987389,0.0612076946816171,0.2492504202183362,1991-09-29,,bmo,,2025-04-25,1991-09-30,,19.54078125,2613025.0
1991-06-30,LLY,USD,59478,1991-06-30,1991-06-29 20:00:00,1991,Q2,1376300000.0,388200000.0,988100000.0,0.7179394027,0,0.0,0.0,557800000.0,0.0,557800000.0,946000000.0,0.0,0.0,-23200000.0,407100000.0,0.2957930684,430300000.0,0.3126498583,23200000.0,453500000.0,0.3295066483,136000000.0,317500000.0,0.2306909831,0.27,0.27,1175925926,1175925926,,,1.170396850319975,0.2699999999829921,0.1341070866057255,-0.103152755899014,0.1959307086490752,4.133168503676651,3.756103936771269,4.133168503676651,0.8366173227819453,21719351853.22,22472751853.22,17.101851852929133,15.780972065116616,137.72575683715914,-179.05483803149215,4.468726591613686,4.468726591613686,16.328381786834264,55.20204336335052,142.5031823285986,-185.26588502242373,0.0146182999449373,-0.0055848812073099,0.2024154887558381,0.1298883050355153,1.850650945713584,1.453933322384628,0.0,0.4966929133858268,0.0067313242581097,0.4604724409448819,0.0,0.0,0.0585408359958807,1.7691819911223845,0.202717430792705,0.0,0.0,5.01088801094716,0.0467384637763542,0.0445251584674931,-1.2350267715757464,829200000.0,4416900000.0,-58000000.0,4496900000.0,899650000.0,194550000.0,718550000.0,57.937949574947325,42.1483771251932,170.03091190108194,1.5533860045146728,2.1353135313531357,0.5293155167712026,0.0653251856881262,0.2372598425047395,1991-06-29,,bmo,,2025-04-25,1991-06-30,,19.4984375,2618512.5
1991-03-31,LLY,USD,59478,1991-03-31,1991-03-30 19:00:00,1991,Q1,1435500000.0,389500000.0,1046000000.0,0.72866597,0,0.0,0.0,550200000.0,0.0,1046000000.0,939700000.0,0.0,0.0,-59400000.0,436400000.0,0.304005573,495800000.0,0.3453848833,59400000.0,555200000.0,0.3867641937,166600000.0,388600000.0,0.2707070707,0.34,0.34,1142941176,1142941176,,,1.2559701497708575,0.3400000001399897,0.1649253732022338,-0.0490838909105852,0.2649305199238005,4.099773547750807,3.703077716398591,4.099773547750807,0.6925990738826965,22641664696.56,23130464696.56,14.566176464590836,15.772667848526645,120.11493207724138,-403.5947361240641,4.831974197908575,4.831974197908575,16.113176382138626,53.00289802144821,122.70803552551725,-412.30774860178246,0.0171630489722357,-0.0024777330091158,0.1689359340987664,0.1085603006116459,1.1200733272227317,1.482493309545049,0.0,0.4850746268656716,0.0063555397506554,0.3703036541430777,0.0,0.0,0.0621794344331989,1.2976127320954909,0.1703935910832462,0.0,0.0,5.600291747150948,0.0573148594544576,0.0568261581656527,-1.1079966551139462,865400000.0,4232400000.0,53000000.0,4353400000.0,896000000.0,233600000.0,688350000.0,57.260188087774296,47.899871630295245,162.6007702182285,1.5717726924340305,1.878919440424505,0.5535029131732272,0.0829314097912843,0.214009264112819,1991-03-30,,bmo,,2025-04-25,1991-03-31,,19.34950819672131,3599855.7377049183
1990-12-31,LLY,USD,59478,1990-12-31,1990-12-30 19:00:00,1990,Q4,1443800000.0,186900000.0,1256900000.0,0.8705499377,0,0.0,0.0,624100000.0,247500000.0,1256900000.0,1058500000.0,0.0,0.0,0.0,385300000.0,0.2668652168,385300000.0,0.2668652168,-23200000.0,362100000.0,0.2507965092,106800000.0,255300000.0,0.176825045,0.23,0.23,1113224490,1116521739,,,1.2969531419489344,0.2293337977140621,0.3962363422313859,0.0267690841045007,0.3145816527985294,3.114825474240151,2.015226955705942,3.114825474240151,1.3622589276669614,20383140411.9,21549440411.9,19.959988652467683,14.117703568292006,46.2097946313761,683.9980003993288,5.878338979639509,5.878338979639509,14.925502432400608,55.928991466130284,48.85386627046021,723.1355842919462,0.0125250572208663,0.0014619925780721,0.4373467916366258,0.2123116984935879,3.026991954321308,0.8877413401476434,0.0,1.72777124951038,0.0053720868221106,0.4289071680376028,0.0,0.0,0.171375371002968,0.9324416232146906,0.2848732511428176,0.0,0.0,4.009056247116018,0.048817950541561,0.0431344720969131,-2.092637218212833,-316300000.0,2243400000.0,-1174000000.0,3844500000.0,860600000.0,221750000.0,674150000.0,54.774206953871726,125.15248796147672,324.0770465489567,1.643109138500057,0.7191227395151981,0.2777117384843982,0.0736265320836337,0.3694672581268851,1990-12-30,,bmo,,2025-04-25,1990-12-31,,18.2253125,2735631.25
1990-09-30,LLY,USD,59478,1990-09-30,1990-09-29 20:00:00,1990,Q3,1281800000.0,378400000.0,903400000.0,0.7047901389,0,0.0,0.0,537000000.0,0.0,537000000.0,915400000.0,0.0,0.0,0.0,366400000.0,0.2858480262,366400000.0,0.2858480262,-2100000.0,364300000.0,0.2842097051,107500000.0,256800000.0,0.2003432673,0.23,0.23,1116521739,1116521739,,,1.148029595149692,0.2300000000268691,0.4358177570602591,0.2299104361639303,0.4424454829177311,3.101954829022814,2.705813863244449,3.101954829022814,1.368535825705047,20867791301.91,21901791301.91,20.31521738893108,16.28006810883913,42.884897866646114,81.29252552360732,6.025232806464746,6.025232806464746,17.08674621774848,59.77563128250546,45.00984648974517,85.32057382902221,0.0123060460153488,0.0123012539413552,0.4411849627533638,0.2264575984823784,2.822052401746725,1.00882470918572,0.0,1.894859813084112,0.0053814990947183,0.4373052959501557,0.0,0.0,0.0655511752675104,0.4724619810933004,0.1793571540021844,0.0,0.0,4.00657163196521,0.0468969601661193,0.0407289337203216,-1.6304877338353374,22000000.0,3021100000.0,-769000000.0,3075400000.0,847100000.0,211700000.0,650000000.0,59.15509439850211,43.66807610993658,160.61575052854124,1.5214243323442136,2.0610021786492374,0.560343551014364,0.0741467921695443,0.2059073208963287,1990-09-29,,bmo,,2025-04-25,1990-09-30,,19.44174603174603,3354520.698412698
1990-06-30,LLY,USD,59478,1990-06-30,1990-06-29 20:00:00,1990,Q2,1225400000.0,366700000.0,858700000.0,0.7007507753,0,0.0,0.0,501100000.0,0.0,501100000.0,867800000.0,0.0,0.0,-31600000.0,326000000.0,0.2660355802,357600000.0,0.2918230782,31600000.0,389200000.0,0.3176105761,114800000.0,274400000.0,0.223926881,0.24,0.24,1143333333,1143333333,,,1.0717784259684484,0.2400000000699708,0.2145481050188186,0.0369096210020144,0.4015451896214417,3.406180759010548,3.0161807588968457,3.406180759010548,0.8050145774941734,23758466659.74,24219766659.74,21.645833327022597,19.388335775860945,96.8547356695475,562.9968402781991,6.1006744709685705,6.1006744709685705,19.76478428247103,74.29376275993866,98.73529009270284,573.9281198990521,0.0115495668946088,0.001776208902888,0.2363393590797042,0.1441684157764481,1.4150306748466257,1.3798659296718805,0.0,0.8939504373177842,0.0047982894532995,0.4154518950437317,0.0,0.0,0.0698443031233357,0.8279657562168773,0.1657417985963767,0.0,0.0,4.2887499465484655,0.0472765030863793,0.0462085108532745,-0.944234694152838,646000000.0,3448500000.0,-143200000.0,3504500000.0,847700000.0,204750000.0,613400000.0,62.553451934062345,58.85464957731115,153.32151622579767,1.4387695197839614,1.5291909924937448,0.5870017608452057,0.0704601479046836,0.1776384840168042,1990-06-29,,bmo,,2025-04-25,1990-06-30,,18.116666666666664,2311257.1428571427
1990-03-31,LLY,USD,59478,1990-03-31,1990-03-30 19:00:00,1990,Q1,1240600000.0,343800000.0,896800000.0,0.7228760277,0,0.0,0.0,466700000.0,0.0,466700000.0,810500000.0,0.0,0.0,-53300000.0,376800000.0,0.3037240045,430100000.0,0.3466870869,53300000.0,483400000.0,0.3896501693,142600000.0,340800000.0,0.2747057875,0.29,0.29,1175172414,1175172414,,,1.0556748824432498,0.2899999999489436,0.256473004649682,0.117769953030909,0.3567987088573711,3.493274647272311,3.110522299921856,3.493274647272311,0.4169600938233051,18990786210.24,19061486210.24,13.931034485211269,15.307743197033696,63.00858065773059,137.21666336878613,4.626031913241742,4.626031913241742,15.364731750959214,50.587808413588114,63.24315265507632,137.72750151907516,0.017945544551296,0.0072877446182493,0.1193608106791386,0.0801937743445386,0.1876326963906582,1.931650806785271,0.0,0.8843896713615024,0.0060187081637709,0.335387323943662,0.0,0.0,0.0736146116330071,0.5408095554080955,0.1313880380461067,0.0,0.0,4.774266128887127,0.0591909052116106,0.0602077591689633,-0.5547058391042184,1125900000.0,3655400000.0,329400000.0,3803600000.0,844750000.0,182950000.0,600800000.0,61.206674189908114,44.42408376963351,157.61780104712042,1.4704278772075383,2.025928108426635,0.5710014947683109,0.0830166617947968,0.1387030516187729,1990-03-30,,bmo,,2025-04-25,1990-03-31,,15.875873015873015,1909726.984126984
1989-12-31,LLY,USD,59478,1989-12-31,1989-12-30 19:00:00,1989,Q4,784000000.0,-60500000.0,844500000.0,1.0771683673,0,0.0,0.0,403900000.0,229300000.0,633200000.0,572700000.0,0.0,0.0,-83500000.0,127800000.0,0.1630102041,211300000.0,0.2695153061,83500000.0,294800000.0,0.3760204082,69500000.0,225300000.0,0.287372449,0.2,0.2,1117894737,1117894737,,,0.7013182673209061,0.2015395479941328,0.2352636534507631,0.0444585687319502,0.2889359698273631,3.3608709976420617,2.955108285834966,3.3608709976420617,0.3609463276326347,19216610529.030003,19297110529.030003,21.32335833225699,24.510982817640308,73.06696018642586,386.6521233205232,5.114745556155014,5.114745556155014,24.61366138906888,150.994605078482,73.37304383661598,388.2718416303824,0.0117242319950048,0.0025863041728883,0.107396662319342,0.0689979480164158,0.6298904538341158,1.7116195063214932,0.0,1.1673324456280514,0.0048291554777472,0.4118952507767421,0.0,0.0,0.0775649794801641,0.8110266159695817,0.2720663265306122,0.0,0.0,3.9038877403116814,0.0347041562620538,0.0417655346285036,-0.745866289913484,945600000.0,3303500000.0,183500000.0,3513800000.0,810050000.0,171400000.0,633250000.0,97.09438775510203,-291.8677685950413,-891.8181818181818,0.9269330811066446,-0.3083588175331294,-0.1009174311926605,0.0599664634957813,0.1908050847188128,1989-12-30,,bmo,,2025-04-25,1989-12-31,,,
1989-09-30,LLY,USD,59478,1989-09-30,1989-09-29 20:00:00,1989,Q3,1045100000.0,338700000.0,706400000.0,0.6759161803,0,0.0,0.0,455200000.0,0.0,455200000.0,793900000.0,0.0,0.0,-51300000.0,199900000.0,0.1912735623,251200000.0,0.2403597742,51300000.0,302500000.0,0.289445986,90100000.0,212400000.0,0.2032341403,0.19,0.19,1117894737,1117894737,,,0.9348822974197436,0.1899999999731638,0.2618314500571801,0.1478672316175328,0.5254519773269135,3.2889500936974176,2.8832768357509497,3.2889500936974176,0.4933380413615812,17427978949.829998,17392078949.829998,20.513157897634184,16.67589603849392,59.5421214548343,105.43241953920143,4.740114491209509,4.740114491209509,16.64154525866424,87.00389669749875,59.41947027615305,105.21523865595886,0.0121872995492728,0.0094847486605216,0.1499986400848587,0.0979138925876609,-0.1795897948974487,1.8783881026625089,0.0,1.378060263653484,0.0053591985776934,0.4397363465160075,0.0,0.0,0.0805148690634709,0.4352579432866416,0.1219022103148024,0.0,0.0,3.749701541265724,0.0378083575046711,0.041011778335586,-0.4062770715057047,1098600000.0,3223200000.0,393500000.0,3536800000.0,765350000.0,151300000.0,646050000.0,66.67974356520907,38.95482728077945,177.23649247121347,1.349735244737182,2.310368349249659,0.5077961019490255,0.0577691952022193,0.1139642184396472,1989-09-29,,bmo,,2025-04-25,1989-09-30,,,
1989-06-30,LLY,USD,59478,1989-06-30,1989-06-29 20:00:00,1989,Q2,1121500000.0,361300000.0,760200000.0,0.6778421757,0,0.0,0.0,459200000.0,0.0,459200000.0,820500000.0,0.0,0.0,-15900000.0,285100000.0,0.2542131074,301000000.0,0.2683905484,15900000.0,316900000.0,0.2825679893,99800000.0,217100000.0,0.1935800267,0.19,0.19,1142631579,1142631579,,,0.9815062182873556,0.1899999999912482,,,0.5009488714647191,3.11045140473927,2.7128604328552344,3.11045140473927,0.4768816213506733,15574068421.77,15546568421.77,17.93421052714187,13.886819814329025,0.0,0.0,4.3820006251287245,4.3820006251287245,13.862299083165404,54.53022946955454,0.0,0.0,0.0139398385907005,,0.1533158886919332,0.1007804986313531,-0.0964573833742546,2.059976829159611,0.0,0.0,0.0061812179016874,0.4434210526520037,0.0,0.0,0.0840238218539616,0.0,,0.0,,3.646529823633407,0.0456089801206375,0.043836446239273,-0.3504629202970767,1189400000.0,3099800000.0,458800000.0,3523900000.0,,,,60.70084707980383,38.85967340160531,155.71270412399667,1.482681121099947,2.316025641025641,0.5779875219964805,0.0610843814186432,,1989-06-29,,bmo,,2025-04-25,1989-06-30,,,
1989-03-31,LLY,USD,59478,1989-03-31,1989-03-30 19:00:00,1989,Q1,1225000000.0,0.0,1225000000.0,1.0,0,0.0,0.0,1225000000.0,0.0,1225000000.0,0.0,0.0,0.0,0.0,1225000000.0,1.0,1225000000.0,1.0,-1225000000.0,0.0,0.0,-284700000.0,0.0,0.0,0.25,0.25,1101640000,1101640000,,,1.1119785047746995,0.0,,,,,,,,14167090400.0,,0.0,11.56497175510204,0.0,0.0,0.0,0.0,,,0.0,0.0,0.0,,0.0,0.0,,0.0,0.0,0.0,0.0065610419906687,0.0,0.0,0.0,0.0,0.0,,0.0,,,0.0,0.0,,,,,,,,,,0.0,0.0,0.0,0.0,0.0,0.0,,1989-03-30,,bmo,,2025-04-25,1989-03-31,,,
1988-12-31,LLY,USD,59478,1988-12-31,1988-12-30 19:00:00,1988,Q4,1042300000.0,0.0,1042300000.0,1.0,0,0.0,0.0,-4065200000.0,1042300000.0,-3022900000.0,1042300000.0,0.0,0.0,0.0,-1980600000.0,-1.9002206658,-1980600000.0,-1.9002206658,1980600000.0,0.0,0.0,-175700000.0,0.0,0.0,0.16,0.16,1096968000,1098968000,,,0.950164453293077,0.0,,,0.6941861567520657,2.940195156103004,2.5665288321992983,2.940195156103004,0.4692023832965045,11726587920.0,11479787920.0,0.0,11.2506839873357,0.0,0.0,3.6358130778532223,3.6358130778532223,11.013899952029169,-5.796116287993537,0.0,0.0,0.0,,0.159582054382538,0.0978015087312596,0.1246087044330001,1.8736033519553077,0.0,0.0,0.006723573433115,0.0,0.0,0.0,0.0778877762365325,0.0,,0.0,,0.0,,0.0,-0.3349915403184049,1125900000.0,2815400000.0,377300000.0,3342400000.0,,,,65.77089129809076,0.0,0.0,1.368386503872916,0.0,0.0,0.0,,1988-12-30,,bmo,,2025-04-25,1988-12-31,,,
1988-09-30,LLY,USD,59478,1988-09-30,1988-09-29 20:00:00,1988,Q3,940600000.0,0.0,940600000.0,1.0,0,0.0,0.0,940600000.0,0.0,940600000.0,0.0,0.0,0.0,0.0,940600000.0,1.0,940600000.0,1.0,-940600000.0,0.0,0.0,-171400000.0,0.0,0.0,0.15,0.15,1098968000,1098968000,,,0.8558938931797833,0.0,,,,,,,,12088648000.0,,0.0,12.852060386987027,0.0,0.0,0.0,0.0,,,0.0,0.0,0.0,,0.0,0.0,,0.0,0.0,0.0,0.0065340909090909,0.0,0.0,0.0,0.0,0.0,,0.0,,,0.0,0.0,,,,,,,,,,0.0,0.0,0.0,0.0,0.0,0.0,,1988-09-29,,bmo,,2025-04-25,1988-09-30,,,
1988-06-30,LLY,USD,59478,1988-06-30,1988-06-29 20:00:00,1988,Q2,1014700000.0,0.0,1014700000.0,1.0,0,0.0,0.0,1014700000.0,0.0,1014700000.0,0.0,0.0,0.0,0.0,1014700000.0,1.0,1014700000.0,1.0,-1014700000.0,0.0,0.0,-180700000.0,0.0,0.0,0.16,0.16,1104688000,1104688000,,,0.9185398954274872,0.0,,,,,,,,11566083360.0,,0.0,11.398525041884302,0.0,0.0,0.0,0.0,,,0.0,0.0,0.0,,0.0,0.0,,0.0,0.0,0.0,0.0068648519579751,0.0,0.0,0.0,0.0,0.0,,0.0,,,0.0,0.0,,,,,,,,,,0.0,0.0,0.0,0.0,0.0,0.0,,1988-06-29,,bmo,,2025-04-25,1988-06-30,,,
1988-03-31,LLY,USD,59478,1988-03-31,1988-03-30 19:00:00,1988,Q1,1072100000.0,0.0,1072100000.0,1.0,0,0.0,0.0,1072100000.0,0.0,1072100000.0,0.0,0.0,0.0,0.0,1072100000.0,1.0,1072100000.0,1.0,-1072100000.0,0.0,0.0,-233200000.0,0.0,0.0,0.21,0.21,1114952000,1114952000,,,0.961566058449153,0.0,,,,,,,,11706996000.0,,0.0,10.91968659639959,0.0,0.0,0.0,0.0,,,0.0,0.0,0.0,,0.0,0.0,,0.0,0.0,0.0,0.006845238095238,0.0,0.0,0.0,0.0,0.0,,0.0,,,0.0,0.0,,,,,,,,,,0.0,0.0,0.0,0.0,0.0,0.0,,1988-03-30,,bmo,,2025-04-25,1988-03-31,,,
1987-12-31,LLY,USD,59478,1987-12-31,1987-12-30 19:00:00,1987,Q4,609500000.0,0.0,609500000.0,1.0,0,0.0,0.0,-3658300000.0,609500000.0,-3048800000.0,609500000.0,0.0,0.0,0.0,-2439300000.0,-4.0021328958,-2439300000.0,-4.0021328958,2439300000.0,0.0,0.0,95000000.0,0.0,0.0,0.13,0.13,1114952000,1114952000,,,0.5466603046588553,0.0,,,0.9246137950333287,2.728906715266666,2.374003544547209,2.728906715266666,0.5416376669130151,10870782000.0,10443782000.0,0.0,17.835573420836752,0.0,0.0,3.5728593965687243,3.5728593965687243,17.134999179655455,-4.28146681424999,0.0,0.0,0.0,,0.1984815618221258,0.1149213115378028,0.1750502193252162,1.881024720342494,0.0,0.0,0.0064102564102564,0.0,0.0,0.0,0.0753011475004281,0.0,,0.0,,0.0,,0.0,-0.1569798520474424,1275900000.0,2646900000.0,511800000.0,3314100000.0,,,,137.54716981132077,0.0,0.0,0.654320987654321,0.0,0.0,0.0,,1987-12-30,,bmo,,2025-04-25,1987-12-31,,,
1987-09-30,LLY,USD,59478,1987-09-30,1987-09-29 20:00:00,1987,Q3,957700000.0,0.0,957700000.0,1.0,0,0.0,0.0,957700000.0,0.0,957700000.0,0.0,0.0,0.0,0.0,957700000.0,1.0,957700000.0,1.0,-957700000.0,0.0,0.0,-150000000.0,0.0,0.0,0.13,0.13,1114952000,1114952000,,,0.8589607444984179,0.0,,,,,,,,13412872560.0,,0.0,14.00529660645296,0.0,0.0,0.0,0.0,,,0.0,0.0,0.0,,0.0,0.0,,0.0,0.0,0.0,0.005195344970906,0.0,0.0,0.0,0.0,0.0,,0.0,,,0.0,0.0,,,,,,,,,,0.0,0.0,0.0,0.0,0.0,0.0,,1987-09-29,,bmo,,2025-04-25,1987-09-30,,,
1987-06-30,LLY,USD,59478,1987-06-30,1987-06-29 20:00:00,1987,Q2,1017600000.0,0.0,1017600000.0,1.0,0,0.0,0.0,1017600000.0,0.0,1017600000.0,0.0,0.0,0.0,0.0,1017600000.0,1.0,1017600000.0,1.0,-1017600000.0,0.0,0.0,-150300000.0,0.0,0.0,0.13,0.13,1112448000,1112448000,,,0.9147393855712806,0.0,,,,,,,,13049015040.0,,0.0,12.823324528301889,0.0,0.0,0.0,0.0,,,0.0,0.0,0.0,,0.0,0.0,,0.0,0.0,0.0,0.0053282182438192,0.0,0.0,0.0,0.0,0.0,,0.0,,,0.0,0.0,,,,,,,,,,0.0,0.0,0.0,0.0,0.0,0.0,,1987-06-29,,bmo,,2025-04-25,1987-06-30,,,
1987-03-31,LLY,USD,59478,1987-03-31,1987-03-30 19:00:00,1987,Q1,1059000000.0,0.0,1059000000.0,1.0,0,0.0,0.0,1059000000.0,0.0,1059000000.0,0.0,0.0,0.0,0.0,1059000000.0,1.0,1059000000.0,1.0,-1059000000.0,0.0,0.0,-205200000.0,0.0,0.0,0.18,0.18,1112448000,1112448000,,,0.9519546082153952,0.0,,,,,,,,12726405120.0,,0.0,12.01737971671388,0.0,0.0,0.0,0.0,,,0.0,0.0,0.0,,0.0,0.0,,0.0,0.0,0.0,0.0054632867132867,0.0,0.0,0.0,0.0,0.0,,0.0,,,0.0,0.0,,,,,,,,,,0.0,0.0,0.0,0.0,0.0,0.0,,1987-03-30,,bmo,,2025-04-25,1987-03-31,,,
1986-12-31,LLY,USD,59478,1986-12-31,1986-12-30 19:00:00,1986,Q4,969400000.0,0.0,969400000.0,1.0,0,0.0,0.0,-3829500000.0,969400000.0,-2860100000.0,969400000.0,0.0,0.0,0.0,-1890700000.0,-1.9503816794,-1890700000.0,-1.9503816794,1890700000.0,0.0,0.0,-124300000.0,0.0,0.0,0.12,0.12,1112448000,1115992000,,,0.8714115176619491,0.0,,,0.4368743527787366,2.462676907145323,2.032274767000345,2.462676907145323,0.5629027154527673,10323517440.0,10463717440.0,0.0,10.649388735300183,0.0,0.0,3.76825720543145,3.76825720543145,10.794014276872293,-5.53430868990321,0.0,0.0,0.0,,0.2285735143816615,0.1362548413769093,-0.0741524303168138,1.782537634408602,0.0,0.0,0.0060614224137931,0.0,0.0,0.0,0.1041820792897863,0.0,,0.0,,0.0,,0.0,-0.3942431466459556,909700000.0,2260800000.0,216000000.0,2916100000.0,,,,72.3323705384774,0.0,0.0,1.244256193043255,0.0,0.0,0.0,,1986-12-30,,bmo,,2025-04-25,1986-12-31,,,
1986-09-30,LLY,USD,59478,1986-09-30,1986-09-29 20:00:00,1986,Q3,883400000.0,0.0,883400000.0,1.0,0,0.0,0.0,883400000.0,0.0,883400000.0,0.0,0.0,0.0,0.0,883400000.0,1.0,883400000.0,1.0,-883400000.0,0.0,0.0,-135600000.0,0.0,0.0,0.13,0.13,1115992000,1115992000,,,0.7915827353601101,0.0,,,,,,,,9117654640.0,,0.0,10.321094226850803,0.0,0.0,0.0,0.0,,,0.0,0.0,0.0,,0.0,0.0,,0.0,0.0,0.0,0.0068849449204406,0.0,0.0,0.0,0.0,0.0,,0.0,,,0.0,0.0,,,,,,,,,,0.0,0.0,0.0,0.0,0.0,0.0,,1986-09-29,,bmo,,2025-04-25,1986-09-30,,,
1986-06-30,LLY,USD,59478,1986-06-30,1986-06-29 20:00:00,1986,Q2,879300000.0,0.0,879300000.0,1.0,0,0.0,0.0,879300000.0,0.0,879300000.0,0.0,0.0,0.0,0.0,879300000.0,1.0,879300000.0,1.0,-879300000.0,0.0,0.0,-125700000.0,0.0,0.0,0.12,0.12,1115992000,1115992000,,,0.7879088738987376,0.0,,,,,,,,11282679120.0,,0.0,12.831433094506997,0.0,0.0,0.0,0.0,,,0.0,0.0,0.0,,0.0,0.0,,0.0,0.0,0.0,0.0055637982195845,0.0,0.0,0.0,0.0,0.0,,0.0,,,0.0,0.0,,,,,,,,,,0.0,0.0,0.0,0.0,0.0,0.0,,1986-06-29,,bmo,,2025-04-25,1986-06-30,,,
1986-03-31,LLY,USD,59478,1986-03-31,1986-03-30 19:00:00,1986,Q1,988300000.0,0.0,988300000.0,1.0,0,0.0,0.0,988300000.0,0.0,988300000.0,0.0,0.0,0.0,0.0,988300000.0,1.0,988300000.0,1.0,-988300000.0,0.0,0.0,-172600000.0,0.0,0.0,0.16,0.16,1115992000,1115992000,,,0.8855798249449817,0.0,,,,,,,,10389885520.0,,0.0,10.51288628958818,0.0,0.0,0.0,0.0,,,0.0,0.0,0.0,,0.0,0.0,,0.0,0.0,0.0,0.0060418904403866,0.0,0.0,0.0,0.0,0.0,,0.0,,,0.0,0.0,,,,,,,,,,0.0,0.0,0.0,0.0,0.0,0.0,,1986-03-30,,bmo,,2025-04-25,1986-03-31,,,
1985-12-31,LLY,USD,59478,1985-12-31,1985-12-30 19:00:00,1985,Q4,817000000.0,0.0,817000000.0,1.0,0,0.0,0.0,-3323200000.0,817000000.0,-2506200000.0,817000000.0,0.0,0.0,0.0,-1689200000.0,-2.0675642595,-1689200000.0,-2.0675642595,1689200000.0,0.0,0.0,-124500000.0,0.0,0.0,0.12,0.12,1115992000,1118048000,,,0.7320841009612972,0.0,,,0.3638914974300891,2.139531466175385,2.055032652563818,2.139531466175385,0.2138008157764571,7778464240.0,7610964240.0,0.0,9.52076406364749,0.0,0.0,3.2577225949658666,3.2577225949658666,9.31574570379437,-4.50566199384324,0.0,0.0,0.0,,0.0999288017757674,0.0603485342843412,0.0991593653800615,1.855230445591891,0.0,0.0,0.0071736011477761,0.0,0.0,0.0,0.0238510762070971,0.0,,0.0,,0.0,,0.0,-0.2669597989949748,894400000.0,2293400000.0,374200000.0,2362700000.0,,,,75.62423500611995,0.0,0.0,1.190094683175528,0.0,0.0,0.0,,1985-12-30,,bmo,,2025-04-25,1985-12-31,,,
1985-09-30,LLY,USD,59478,1985-09-30,1985-09-29 20:00:00,1985,Q3,787900000.0,0.0,787900000.0,1.0,0,0.0,0.0,787900000.0,0.0,787900000.0,0.0,0.0,0.0,0.0,787900000.0,1.0,787900000.0,1.0,-787900000.0,0.0,0.0,-122100000.0,0.0,0.0,0.11,0.11,1118048000,1118048000,,,0.7047103523283437,0.0,,,,,,,,6048639680.0,,0.0,7.676912907729407,0.0,0.0,0.0,0.0,,,0.0,0.0,0.0,,0.0,0.0,,0.0,0.0,0.0,0.0092421441774491,0.0,0.0,0.0,0.0,0.0,,0.0,,,0.0,0.0,,,,,,,,,,0.0,0.0,0.0,0.0,0.0,0.0,,1985-09-29,,bmo,,2025-04-25,1985-09-30,,,
