date,symbol,reportedCurrency,cik,fillingDate,acceptedDate,calendarYear,period,revenue,costOfRevenue,grossProfit,grossProfitRatio,researchAndDevelopmentExpenses,generalAndAdministrativeExpenses,sellingAndMarketingExpenses,sellingGeneralAndAdministrativeExpenses,otherExpenses,operatingExpenses,costAndExpenses,interestIncome,interestExpense,depreciationAndAmortization,ebitda,ebitdaratio,operatingIncome,operatingIncomeRatio,totalOtherIncomeExpensesNet,incomeBeforeTax,incomeBeforeTaxRatio,incomeTaxExpense,netIncome,netIncomeRatio,eps,epsdiluted,weightedAverageShsOut,weightedAverageShsOutDil,link,finalLink,revenuePerShare,netIncomePerShare,operatingCashFlowPerShare,freeCashFlowPerShare,cashPerShare,bookValuePerShare,tangibleBookValuePerShare,shareholdersEquityPerShare,interestDebtPerShare,marketCap,enterpriseValue,peRatio,priceToSalesRatio,pocfratio,pfcfRatio,pbRatio,ptbRatio,evToSales,enterpriseValueOverEBITDA,evToOperatingCashFlow,evToFreeCashFlow,earningsYield,freeCashFlowYield,debtToEquity,debtToAssets,netDebtToEBITDA,currentRatio,interestCoverage,incomeQuality,dividendYield,payoutRatio,salesGeneralAndAdministrativeToRevenue,researchAndDdevelopementToRevenue,intangiblesToTotalAssets,capexToOperatingCashFlow,capexToRevenue,capexToDepreciation,stockBasedCompensationToRevenue,grahamNumber,roic,returnOnTangibleAssets,grahamNetNet,workingCapital,tangibleAssetValue,netCurrentAssetValue,investedCapital,averageReceivables,averagePayables,averageInventory,daysSalesOutstanding,daysPayablesOutstanding,daysOfInventoryOnHand,receivablesTurnover,payablesTurnover,inventoryTurnover,roe,capexPerShare,report_date,epsEstimated,time,revenueEstimated,updatedFromDate,fiscalDateEnding,surprise(%),QuarterAvgPrice,QuarterAvgVolume
2025-03-31,LUV,USD,92380,2025-04-25,2025-04-24 18:02:51,2025,Q1,6428000000.0,5561000000.0,867000000.0,0.1348786559,0,0.0,0.0,0.0,1090000000.0,1090000000.0,6651000000.0,84000000.0,35000000.0,396000000.0,239000000.0,0.0371810828,-223000000.0,-0.0346919726,31000000.0,-192000000.0,-0.0298693217,-43000000.0,-149000000.0,-0.0231798382,-0.26,-0.26,584000000,584000000,https://www.sec.gov/Archives/edgar/data/92380/000009238025000083/0000092380-25-000083-index.htm,https://www.sec.gov/Archives/edgar/data/92380/000009238025000083/luv-20250331.htm,11.006849315068491,-0.2551369863013699,1.4726027397260273,0.6147260273972602,14.13013698630137,16.035958904109588,13.863013698630136,16.035958904109588,13.75,19610720000.0,19471720000.0,-32.90389261744966,3.0508276291225886,22.80316279069768,54.62596100278552,2.094043780032034,2.094043780032034,3.0292034847542,81.47163179916318,22.64153488372093,54.238774373259055,-0.0075978852382778,0.0183063140975956,0.8537106246663108,0.2407262435264362,-0.5815899581589958,0.7721746636932595,-6.371428571428571,-5.771812080536913,0.0054561994664142,-0.7181208053691275,0.0,0.0,0.0382090810550403,0.5825581395348837,0.077940261356565,1.2651515151515151,0.0,,-0.0077778558052434,-0.004664558745265,-24.64640410958904,-3167000000.0,8096000000.0,-13113000000.0,18562000000.0,1094000000.0,367500000.0,793000000.0,15.093341630367144,6.408919259126057,12.720733680992629,5.962894248608534,14.042929292929292,7.075063613231552,-0.0159103043246129,0.8578767123287672,2025-04-23,-0.18,bmo,7492799580.0,2025-05-12,2025-03-31,-0.2777777777777777,31.66708333333333,10547481.466666669
2024-12-31,LUV,USD,92380,2025-02-07,2025-02-07 16:00:58,2024,Q4,6930000000.0,5379000000.0,1551000000.0,0.2238095238,0,0.0,0.0,0.0,950000000.0,950000000.0,6652000000.0,105000000.0,47000000.0,407000000.0,818000000.0,0.118037518,278000000.0,0.0401154401,51000000.0,329000000.0,0.0474747475,68000000.0,261000000.0,0.0376623377,0.45,0.41,628952035,641000000,https://www.sec.gov/Archives/edgar/data/92380/000009238025000024/0000092380-25-000024-index.htm,https://www.sec.gov/Archives/edgar/data/92380/000009238025000024/luv-20241231.htm,11.01832828953324,0.4149760005148882,0.7568144683719801,0.0254391417940161,13.872282009549425,16.45594484800419,14.436712968104157,16.45594484800419,12.8865152650313,21145367416.7,21694367416.7,20.25418334932949,3.0512795695093797,44.42304079138655,1321.5854635437497,2.043030668280193,2.043030668280193,3.130500348730158,26.521231560757943,45.57640213592436,1355.8979635437497,0.0123431291051424,0.0007566669183229,0.7785507246376812,0.2387555555555555,0.6711491442542787,0.918377321603128,5.914893617021277,1.8237547892720307,4.7291682395181694e-05,0.003831417624521,0.0,0.0,0.0376296296296296,0.9684873949579832,0.0665223665223665,1.1326781326781328,0.0,12.395503176501672,0.0094208045038295,0.0080357142857142,-21.37285397287887,-1002000000.0,9080000000.0,-12126000000.0,20693000000.0,1143500000.0,407000000.0,785000000.0,14.415584415584416,5.672058003346347,13.385387618516454,6.243243243243243,15.867256637168142,6.72375,0.0252173913043478,0.73296527294009,2025-01-30,0.4616,bmo,6959234366.0,2025-04-30,2024-12-31,0.2131715771230503,31.90359375,6973463.75
2024-09-30,LUV,USD,92380,2024-10-28,2024-10-25 19:59:52,2024,Q3,6870000000.0,5753000000.0,1117000000.0,0.1625909753,0,0.0,0.0,1077000000.0,2000000.0,1077000000.0,6781000000.0,121000000.0,54000000.0,438000000.0,581000000.0,0.0845705968,38000000.0,0.0055312955,51000000.0,89000000.0,0.0129548763,22000000.0,67000000.0,0.0097525473,0.11,0.11,599000000,601000000,https://www.sec.gov/Archives/edgar/data/92380/000009238024000147/0000092380-24-000147-index.htm,https://www.sec.gov/Archives/edgar/data/92380/000009238024000147/luv-20240930.htm,11.469115191986644,0.1118530884808013,0.1886477462437395,-0.6911519198664441,15.662771285475792,17.380634390651085,15.26043405676127,17.380634390651085,15.273789649415694,17748370000.0,18340370000.0,66.22526119402986,2.5834599708879185,157.06522123893805,-42.87045893719807,1.7047709153779655,1.7047709153779655,2.66963173216885,31.56690189328744,162.3041592920354,-44.30041062801932,0.0037749945487951,-0.0233260857194209,0.8735952358082797,0.260998077309381,1.0189328743545611,0.8844243457632145,0.7037037037037037,1.6865671641791045,0.0121701316796979,3.223880597014926,0.0,0.0,0.0364450311361092,4.663716814159292,0.0767103347889374,1.2031963470319635,0.0,6.613754366309197,0.0011585429115921,0.0019954135271167,-23.01544240400668,-1559000000.0,9141000000.0,-12506000000.0,20585000000.0,1261500000.0,402500000.0,777000000.0,15.419213973799128,7.43090561446202,12.045889101338432,5.836873406966865,12.111578947368422,7.4714285714285715,0.0064355009124963,0.8797996661101837,2024-10-24,0.004,bmo,6772551644.0,2025-04-25,2024-09-30,36.5,27.68546875,10442384.078125
2024-06-30,LUV,USD,92380,2024-07-29,2024-07-26 18:19:57,2024,Q2,7354000000.0,5806000000.0,1548000000.0,0.2104976883,0,0.0,0.0,1091000000.0,-2000000.0,1091000000.0,6897000000.0,130000000.0,55000000.0,404000000.0,937000000.0,0.1274136524,457000000.0,0.0621430514,80000000.0,478000000.0,0.0649986402,111000000.0,367000000.0,0.0499048137,0.61,0.57,599000000,643000000,https://www.sec.gov/Archives/edgar/data/92380/000009238024000111/0000092380-24-000111-index.htm,https://www.sec.gov/Archives/edgar/data/92380/000009238024000111/luv-20240630.htm,12.2771285475793,0.6126878130217028,-0.0400667779632721,-0.8747913188647746,16.697829716193656,17.470784641068448,15.35058430717863,17.470784641068448,15.298831385642735,16837890000.0,18105890000.0,11.469952316076292,2.2896233342398693,-701.57875,-32.13337786259542,1.6089718107978976,1.6089718107978976,2.4620465053032365,19.32325506937033,-754.4120833333334,-34.5532251908397,0.021796080150185,-0.0311202888247874,0.8704252269469661,0.2561369963163962,1.353255069370331,0.903493233189258,8.309090909090909,-0.0653950953678474,0.0064034151547491,0.2937874659400545,0.0,0.0,0.0357112729522256,-20.83333333333333,0.0679902094098449,1.2376237623762376,0.0,15.519119780256904,0.0141613822915468,0.0107018925145073,-22.862270450751257,-1362000000.0,9195000000.0,-12347000000.0,20705000000.0,1350000000.0,305500000.0,798000000.0,16.472667935817245,5.115397864278333,12.152945229073373,5.463595839524517,17.593939393939394,7.405612244897959,0.0350692785475394,0.8347245409015025,2024-07-25,0.51,bmo,7322156344.0,2025-04-25,2024-06-30,0.1372549019607842,27.89888888888889,9865855.063492063
2024-03-31,LUV,USD,92380,2024-04-26,2024-04-26 16:36:48,2024,Q1,6329000000.0,5682000000.0,647000000.0,0.1022278401,0,0.0,0.0,1016000000.0,-1000000.0,1016000000.0,6698000000.0,141000000.0,58000000.0,408000000.0,168000000.0,0.0265444778,-369000000.0,-0.0583030495,95000000.0,-298000000.0,-0.0470848475,-67000000.0,-231000000.0,-0.036498657,-0.39,-0.39,597000000,597000000,https://www.sec.gov/Archives/edgar/data/92380/000009238024000055/0000092380-24-000055-index.htm,https://www.sec.gov/Archives/edgar/data/92380/000009238024000055/luv-20240331.htm,10.601340033500838,-0.3869346733668342,-0.1742043551088777,-1.1658291457286432,17.608040201005025,17.078726968174205,14.959798994974877,17.078726968174205,15.44221105527638,17420460000.0,18214460000.0,-18.85331168831169,2.7524822246800444,-167.50442307692308,-25.029396551724137,1.708558258140447,1.708558258140447,2.877936482856692,108.41940476190476,-175.13903846153846,-26.17020114942529,-0.0132602698206591,-0.0399530207583496,0.8984896037661828,0.2543450496973735,4.726190476190476,1.0863803680981594,-6.362068965517241,0.4502164502164502,0.0123418095733407,-0.9307359307359307,0.0,0.0,0.0351213282247765,-5.6923076923076925,0.0935376836783062,1.4509803921568627,0.0,,-0.0118036113049014,-0.0066469081805887,-23.263819095477388,1056000000.0,8931000000.0,-12541000000.0,23064000000.0,1254000000.0,273000000.0,809500000.0,19.25422657607837,4.450897571277719,12.861668426610349,4.674298375184638,20.22064056939502,6.997536945812808,-0.0226559435072577,0.9916247906197656,2024-04-25,-0.33625,bmo,6420452565.0,2025-04-25,2024-03-31,0.070631970260223,30.955737704918032,8413565.147540983
2023-12-31,LUV,USD,92380,2024-02-06,2024-02-06 17:09:57,2023,Q4,6823000000.0,6096000000.0,727000000.0,0.1065513704,0,863000000.0,266000000.0,1129000000.0,5000000.0,1131000000.0,7227000000.0,158000000.0,58000000.0,415000000.0,210000000.0,0.03077825,-404000000.0,-0.0592114905,118000000.0,-286000000.0,-0.0419170453,-34000000.0,-252000000.0,-0.0369339,-0.42,-0.42,596000000,596000000,https://www.sec.gov/Archives/edgar/data/92380/000009238024000027/0000092380-24-000027-index.htm,https://www.sec.gov/Archives/edgar/data/92380/000009238024000027/luv-20231231.htm,11.447986577181208,-0.4228187919463087,0.7130872483221476,-0.4916107382550335,19.25167785234899,17.642617449664428,15.518456375838928,17.642617449664428,15.533557046979864,17212480000.0,17124480000.0,-17.075873015873015,2.5227143485270407,40.49995294117647,-58.74566552901024,1.6369453162149312,1.6369453162149312,2.5098167961307345,81.54514285714286,40.29289411764706,-58.44532423208191,-0.0146405398873375,-0.0170225324880551,0.874940561103186,0.2521445994463782,-0.419047619047619,1.1386259791122717,-6.965517241379311,-1.6865079365079363,0.0062326869806094,-0.4257142857142857,0.1264839513410523,0.0,0.0346972894455559,1.6894117647058824,0.1052323025062289,1.730120481927711,0.0126044262054814,,-0.0144089062121849,-0.0071548224070866,-22.196308724832218,1699000000.0,9249000000.0,-12017000000.0,23563000000.0,1310500000.0,434000000.0,803000000.0,15.222043089550052,3.91240157480315,11.91437007874016,5.912478336221837,23.00377358490566,7.553903345724907,-0.023965763195435,1.2046979865771812,2024-01-25,0.11,bmo,6744680000.0,2025-04-25,2023-12-31,2.363636363636364,26.00857142857143,8235246.603174604
2023-09-30,LUV,USD,92380,2023-10-30,2023-10-27 18:21:05,2023,Q3,6525000000.0,5450000000.0,1075000000.0,0.1647509579,0,0.0,0.0,956000000.0,23000000.0,958000000.0,6408000000.0,156000000.0,59000000.0,375000000.0,671000000.0,0.102835249,117000000.0,0.0179310345,120000000.0,237000000.0,0.0363218391,44000000.0,193000000.0,0.0295785441,0.32,0.3,596000000,640000000,https://www.sec.gov/Archives/edgar/data/92380/000009238023000049/0000092380-23-000049-index.htm,https://www.sec.gov/Archives/edgar/data/92380/000009238023000049/luv-20230930.htm,10.947986577181208,0.3238255033557047,1.0335570469798658,-0.3926174496644295,19.686241610738257,18.546979865771817,16.91946308724832,18.546979865771817,15.657718120805368,16133720000.0,15909720000.0,20.89860103626943,2.472600766283525,26.191103896103893,-68.94752136752136,1.4595368192509497,1.4595368192509497,2.438271264367816,23.71046199701937,25.827467532467537,-67.9902564102564,0.0119625232122535,-0.014503784620038,0.8388818527229962,0.250757166035695,-0.3338301043219076,1.2079755614266845,1.9830508474576272,3.1917098445595853,0.0132641449089236,1.1088082901554404,0.0,0.0,0.0262303948080043,1.37987012987013,0.1302681992337164,2.2666666666666666,0.0,11.624743633394148,0.003760299984713,0.0053596223271313,-21.29739932885906,2519000000.0,10084000000.0,-11295000000.0,23852000000.0,1350000000.0,550500000.0,756500000.0,20.23448275862069,9.957798165137616,13.194495412844038,4.447852760736196,9.038142620232172,6.821026282853567,0.0174597430794282,1.4261744966442953,2023-10-26,0.38,bmo,6622160000.0,2025-04-25,2023-09-30,0.0,32.626349206349204,7438751.841269841
2023-06-30,LUV,USD,92380,2023-07-28,2023-07-28 16:49:23,2023,Q2,7037000000.0,5286000000.0,1751000000.0,0.2488276254,0,0.0,0.0,954000000.0,7000000.0,956000000.0,6242000000.0,144000000.0,60000000.0,367000000.0,1313000000.0,0.1865851926,795000000.0,0.1129742788,91000000.0,886000000.0,0.1259059258,203000000.0,683000000.0,0.0970584056,1.15,1.07,595000000,639000000,https://www.sec.gov/Archives/edgar/data/92380/000009238023000038/0000092380-23-000038-index.htm,https://www.sec.gov/Archives/edgar/data/92380/000009238023000038/luv-20230630.htm,11.826890756302522,1.1478991596638657,2.379831932773109,0.8117647058823529,20.46890756302521,18.132773109243697,16.502521008403363,18.132773109243697,15.778151260504202,21544950000.0,21714950000.0,7.886145680819913,3.0616669035100186,15.215360169491523,44.60652173913043,1.9969366947817224,1.9969366947817224,3.0858249253943444,16.53842345773039,15.335416666666667,44.95848861283644,0.0317011643099659,0.0224182465032409,0.8645842988228751,0.2554286809605958,0.1294744859101294,1.2500852660300137,13.25,2.0732064421669105,0.0049710024855012,0.1568081991215227,0.0,0.0,0.026561515923218,0.6588983050847458,0.1325849083416228,2.542234332425068,0.0,21.640896188136907,0.0242482348315732,0.0192129173816422,-20.62058823529412,2933000000.0,9819000000.0,-11069000000.0,23834000000.0,1241500000.0,487000000.0,725000000.0,15.769504050021316,8.47900113507378,12.156640181611804,5.707218167072182,10.614457831325302,7.403361344537816,0.0633052182778756,1.5680672268907565,2023-07-27,1.1,bmo,6976620000.0,2025-04-25,2023-06-30,-0.009090909090909,31.35516129032258,7156551.161290322
2023-03-31,LUV,USD,92380,2023-04-28,2023-04-28 15:58:50,2023,Q1,5706000000.0,5038000000.0,668000000.0,0.1170697511,0,0.0,0.0,950000000.0,952000000.0,952000000.0,5990000000.0,125000000.0,60000000.0,365000000.0,220000000.0,0.0385559061,-145000000.0,-0.0254118472,79000000.0,-205000000.0,-0.0359270943,-46000000.0,-159000000.0,-0.0278654048,-0.27,-0.27,594000000,594000000,https://www.sec.gov/Archives/edgar/data/92380/000009238023000024/0000092380-23-000024-index.htm,https://www.sec.gov/Archives/edgar/data/92380/000009238023000024/luv-20230331.htm,9.606060606060606,-0.2676767676767677,1.1885521885521886,-0.5824915824915825,19.653198653198658,17.343434343434343,15.710437710437713,17.343434343434343,15.885521885521886,19328760000.0,20345760000.0,-30.391132075471692,3.387444794952682,27.37784702549575,-55.863468208092485,1.8762143273150844,1.8762143273150844,3.565678233438486,92.48072727272728,28.818356940509915,-58.80277456647399,-0.0082260838253462,-0.0179007861859736,0.9101145408658512,0.2637708884262645,4.622727272727273,1.259952334716215,-2.4166666666666665,-4.440251572327044,0.0110715845196484,-1.3459119496855343,0.0,0.0,0.0272885838068981,1.4900849858356942,0.1843673326323168,2.882191780821918,0.0,,-0.0045504112738881,-0.0045985654789449,-20.6473063973064,2945000000.0,9332000000.0,-10970000000.0,23319000000.0,1145000000.0,503000000.0,763000000.0,19.71608832807571,8.50337435490274,13.14807463279079,4.5648,10.584033613445378,6.845108695652174,-0.0154338963308095,1.771043771043771,2023-04-27,-0.21,bmo,5726510000.0,2025-04-25,2023-03-31,0.2857142857142858,34.0133870967742,6838593.274193549
2022-12-31,LUV,USD,92380,2023-02-07,2023-02-06 17:38:32,2022,Q4,6172000000.0,5165000000.0,1007000000.0,0.1631561892,0,1169000000.0,224000000.0,1393000000.0,1393000000.0,1393000000.0,6558000000.0,116000000.0,60000000.0,367000000.0,142000000.0,0.023007129,-225000000.0,-0.0364549579,100000000.0,-286000000.0,-0.046338302,-66000000.0,-220000000.0,-0.0356448477,-0.37,-0.37,594000000,594000000,https://www.sec.gov/Archives/edgar/data/92380/000009238023000010/0000092380-23-000010-index.htm,https://www.sec.gov/Archives/edgar/data/92380/000009238023000010/luv-20221231.htm,10.390572390572393,-0.3703703703703703,0.9747474747474748,-1.3215488215488216,20.69360269360269,17.99158249158249,16.358585858585858,17.99158249158249,15.978114478114476,19999980000.0,19938980000.0,-22.72725,3.240437459494492,34.542279792746115,-25.47768152866242,1.871430710208665,1.871430710208665,3.230554115359689,140.41535211267606,34.43692573402418,-25.399974522292997,-0.0110000110000109,-0.0392500392500392,0.8824740338729298,0.2666459328790749,-0.4295774647887324,1.426864521102332,-3.75,-2.631818181818182,0.0,0.0,0.1894037589112119,0.0,0.0274251463145692,2.3557858376511227,0.22099805573558,3.7166212534059935,0.0136098509397278,,-0.0068409851018546,-0.0063955347539172,-18.88047138047138,4430000000.0,9717000000.0,-9874000000.0,24136000000.0,1178000000.0,1041500000.0,783000000.0,15.165262475696696,9.235237173281703,13.765730880929333,5.934615384615385,9.745283018867925,6.537974683544304,-0.0205857583980537,2.2962962962962963,2023-01-26,-0.11623,bmo,6223176809.0,2025-04-25,2022-12-31,2.269379678224211,36.05444444444444,6025853.26984127
2022-09-30,LUV,USD,92380,2022-10-31,2022-10-28 18:13:31,2022,Q3,6220000000.0,5006000000.0,1214000000.0,0.1951768489,0,0.0,0.0,817000000.0,819000000.0,819000000.0,5825000000.0,70000000.0,75000000.0,335000000.0,763000000.0,0.1226688103,395000000.0,0.0635048232,-42000000.0,353000000.0,0.0567524116,76000000.0,277000000.0,0.0445337621,0.44,0.43,627671000,639000000,https://www.sec.gov/Archives/edgar/data/92380/000009238022000060/0000092380-22-000060-index.htm,https://www.sec.gov/Archives/edgar/data/92380/000009238022000060/luv-20220930.htm,9.909650119250372,0.4413140004875165,0.3728067729750139,-1.3462466801875506,21.78370515763832,17.404022170850652,15.858626573475595,17.404022170850652,16.22984015511311,19357373640.0,19026373640.0,17.470553826714802,3.112117948553055,82.72381897435898,-22.9081344852071,1.7720041779567923,1.7720041779567923,3.058902514469453,24.936269515072084,81.30928905982906,-22.51641850887574,0.0143097924931101,-0.0436526160890904,0.9256682533870376,0.2813108551716463,-0.4338138925294889,1.5762288786482337,5.266666666666667,0.8447653429602888,0.0,0.0,0.0,0.0,0.0269849218271852,4.611111111111111,0.1734726688102894,3.2208955223880595,0.0,13.145887934932714,0.0117510523214221,0.0079197163769441,-15.890490400225596,6002000000.0,9954000000.0,-8604000000.0,24758000000.0,1352500000.0,1730500000.0,763500000.0,19.04180064308682,27.920495405513385,13.951258489812226,4.72644376899696,3.2234385061171924,6.451030927835052,0.0253570120834859,1.7190534531625643,2022-10-27,0.42,bmo,6217742328.0,2025-04-25,2022-09-30,0.1904761904761905,37.459375,5685910.625
2022-06-30,LUV,USD,92380,2022-08-02,2022-08-01 21:44:35,2022,Q2,6728000000.0,4779000000.0,1949000000.0,0.2896848989,0,0.0,0.0,789000000.0,791000000.0,791000000.0,5570000000.0,28000000.0,82000000.0,325000000.0,1443000000.0,0.2144768133,1158000000.0,0.1721165279,-122000000.0,1036000000.0,0.1539833532,276000000.0,760000000.0,0.112960761,1.2,1.2,631675710,635000000,https://www.sec.gov/Archives/edgar/data/92380/000009238022000048/0000092380-22-000048-index.htm,https://www.sec.gov/Archives/edgar/data/92380/000009238022000048/luv-20220630.htm,10.651034848245152,1.2031490018826274,3.0173710494582733,1.4501111654269565,26.01176480254401,17.60396960649318,16.06837153830088,17.60396960649318,19.128486039141823,22816126645.2,21583126645.2,7.505304817499999,3.391219774851367,11.970685543126969,24.9084352021834,2.0518099501079137,2.0518099501079137,3.2079558033888222,14.95712172224532,11.32378103105981,23.56236533318777,0.0333097730310804,0.040147042232197,1.079226618705036,0.313325674899483,-0.8544698544698545,1.6562206472547178,14.121951219512194,2.5078947368421054,0.0,0.0,0.0,0.0,0.0253250483003498,0.5194123819517313,0.1471462544589774,3.046153846153846,0.0,21.83012747048328,0.029561125708949,0.0203578699239258,-14.776173679371018,7685000000.0,10150000000.0,-7786000000.0,25744000000.0,1540500000.0,1778000000.0,687000000.0,18.580558858501785,35.932203389830505,14.143126177024484,4.843772498200144,2.5047169811320757,6.363515312916112,0.0683453237410072,1.5672598840313172,2022-07-28,1.19,bmo,6685141227.0,2025-04-25,2022-06-30,0.092436974789916,42.98758064516129,5952281.20967742
2022-03-31,LUV,USD,92380,2022-05-02,2022-05-02 15:21:26,2022,Q1,4694000000.0,4114000000.0,580000000.0,0.123561994,0,0.0,0.0,729000000.0,731000000.0,731000000.0,4845000000.0,3000000.0,84000000.0,324000000.0,32000000.0,0.0068172135,-292000000.0,-0.0622070729,-225000000.0,-376000000.0,-0.0801022582,-98000000.0,-278000000.0,-0.059224542,-0.47,-0.47,591489361,592000000,https://www.sec.gov/Archives/edgar/data/92380/000009238022000020/0000092380-22-000020-index.htm,https://www.sec.gov/Archives/edgar/data/92380/000009238022000020/luv-20220331.htm,7.935899289995851,-0.4700000005579137,1.8106834553867823,0.9416906485998486,26.610791398494825,17.611474841049592,15.97154678154896,17.611474841049592,20.83723024056217,27090212733.8,26233212733.8,-24.36170209874101,5.771242593481039,25.294316278057888,48.63592950412927,2.6005772039742725,2.6005772039742725,5.588669095398381,819.78789793125,24.494129536694675,47.09732986319569,-0.0102620087458059,0.0205609311921364,1.175098396851301,0.3285116204175836,-26.78125,1.8693018174595293,-3.4761904761904763,-3.852517985611511,0.0,0.0,0.0,0.0,0.0260318823466265,0.4799253034547152,0.1095014912654452,1.5864197530864197,0.0,,-0.0076863292872855,-0.0076600903780447,-16.102571961560606,8753000000.0,9447000000.0,-8023000000.0,26215000000.0,916500000.0,1008000000.0,580000000.0,32.44141457179378,36.052503646086535,13.629071463296064,2.7742316784869976,2.496359223300971,6.603531300160514,-0.0266871460113276,0.8689928067869339,2022-04-28,-0.34,bmo,4669455651.0,2025-04-25,2022-03-31,-0.0588235294117647,43.9566129032258,8075270.854838709
2021-12-31,LUV,USD,92380,2022-02-07,2022-02-04 17:59:21,2021,Q4,5051000000.0,4172000000.0,879000000.0,0.1740249456,0,497000000.0,185000000.0,682000000.0,-10000000.0,684000000.0,4856000000.0,7000000.0,114000000.0,323000000.0,515000000.0,0.1019600079,195000000.0,0.0386062166,-118000000.0,78000000.0,0.0154424866,10000000.0,68000000.0,0.0134626807,0.11,0.11,592000000,603000000,https://www.sec.gov/Archives/edgar/data/92380/000009238022000007/0000092380-22-000007-index.htm,https://www.sec.gov/Archives/edgar/data/92380/000009238022000007/luv-20211231.htm,8.532094594594595,0.1148648648648648,0.4172297297297297,0.1081081081081081,26.18918918918919,17.591216216216218,15.952702702702704,17.591216216216218,20.9375,25361280000.000004,25162280000.000004,93.24,5.021041377944962,102.67724696356277,396.27,2.4353063184175148,2.4353063184175148,4.981643238962582,48.85879611650486,101.87157894736843,393.160625,0.0026812526812526,0.0025235319352966,1.1792778951411562,0.3381332599118942,-0.3864077669902913,1.968136185072021,1.7105263157894737,3.632352941176471,0.0,0.0,0.0983963571569986,0.0,0.0267070484581497,0.7408906882591093,0.0362304494159572,0.56656346749226,0.0114828746782815,6.742683824219896,0.0061045676529732,0.0019236209335219,-16.93876689189189,8872000000.0,9444000000.0,-7870000000.0,26274000000.0,810000000.0,798500000.0,524000000.0,2.512373787368838,7.938638542665389,11.584372003835092,35.822695035460995,11.33695652173913,7.769087523277467,0.0065296715959285,0.3091216216216216,2022-01-27,0.07,bmo,4505710000.0,2025-04-25,2021-12-31,1.0,46.9425,8886736.6875
2021-09-30,LUV,USD,92380,2021-10-26,2021-10-26 15:01:26,2021,Q3,4679000000.0,3284000000.0,1395000000.0,0.2981406283,0,0.0,0.0,661000000.0,-29000000.0,662000000.0,3946000000.0,2000000.0,106000000.0,322000000.0,1028000000.0,0.2197050652,733000000.0,0.1566574054,-133000000.0,600000000.0,0.1282325283,154000000.0,446000000.0,0.0953195127,0.75,0.73,592000000,607000000,https://www.sec.gov/Archives/edgar/data/92380/000009238021000160/0000092380-21-000160-index.htm,https://www.sec.gov/Archives/edgar/data/92380/000009238021000160/luv-20210930.htm,7.903716216216216,0.7533783783783784,-0.9712837837837838,-1.204391891891892,27.033783783783782,17.31418918918919,15.675675675675675,17.31418918918919,21.826013513513512,30446560000.0,30281560000.0,17.06645739910314,6.507065612310322,-52.950539130434784,-42.7020476858345,2.970396097560976,2.970396097560976,6.471801667022868,29.456770428015563,-52.663582608695656,-42.47063113604488,0.0146486171179929,-0.0234180807289887,1.2502439024390244,0.3453247103206683,-0.1605058365758755,2.0310892172961137,6.915094339622642,-1.289237668161435,0.0,0.0,0.0,0.0,0.0261385071409323,-0.24,0.0294934815131438,0.4285714285714285,0.0,17.131639002777156,0.0189940505240651,0.0123408965135583,-16.03251689189189,9419000000.0,9280000000.0,-8306000000.0,27056000000.0,1403500000.0,1303500000.0,487500000.0,28.448386407352,33.68148599269184,14.004263093788063,3.1636240703177823,2.6720911310008137,6.426614481409002,0.0435121951219512,0.2331081081081081,2021-10-21,-0.27,bmo,4828020000.0,2025-04-25,2021-09-30,-0.1481481481481481,50.50859375,7284481.296875
2021-06-30,LUV,USD,92380,2021-07-27,2021-07-27 14:34:25,2021,Q2,4008000000.0,2828000000.0,1180000000.0,0.2944111776,0,0.0,0.0,585000000.0,14000000.0,586000000.0,3414000000.0,2000000.0,108000000.0,315000000.0,925000000.0,0.2307884232,594000000.0,0.1482035928,-92000000.0,502000000.0,0.125249501,154000000.0,348000000.0,0.0868263473,0.59,0.57,591000000,615000000,https://www.sec.gov/Archives/edgar/data/92380/000009238021000143/0000092380-21-000143-index.htm,https://www.sec.gov/Archives/edgar/data/92380/000009238021000143/luv-20210630.htm,6.781725888324873,0.5888324873096447,3.3925549915397637,3.2318104906937397,28.553299492385783,16.392554991539765,14.751269035532994,16.392554991539765,22.686971235194587,31376190000.000004,30552190000.000004,22.540366379310345,7.828390718562876,15.648972568578554,16.427324607329844,3.2386653592072667,3.2386653592072667,7.622801896207585,33.0293945945946,15.238,15.9959109947644,0.011091212795435,0.0608741851703473,1.3728323699421965,0.348112861854159,-0.8908108108108108,1.5379929464571978,5.5,5.761494252873563,0.0,0.0,0.0,0.0,0.0253886824059048,0.0473815461346633,0.0237025948103792,0.3015873015873015,0.0,14.7370468854225,0.0144838864731016,0.0093457943925233,-17.622673434856175,6712000000.0,8718000000.0,-9330000000.0,24893000000.0,1132500000.0,1236000000.0,456000000.0,29.820359281437124,43.85431400282885,14.766619519094766,3.0180722891566263,2.0522496371552976,6.094827586206897,0.0359207266721717,0.1607445008460236,2021-07-22,-0.21,bmo,3306600000.0,2025-04-25,2021-06-30,0.6666666666666666,59.934444444444445,5859365.476190476
2021-03-31,LUV,USD,92380,2021-04-27,2021-04-27 16:04:32,2021,Q1,2052000000.0,1390000000.0,662000000.0,0.3226120858,0,0.0,0.0,0.0,48000000.0,463000000.0,1853000000.0,2000000.0,103000000.0,312000000.0,561000000.0,0.2733918129,199000000.0,0.0969785575,-53000000.0,146000000.0,0.0711500975,30000000.0,116000000.0,0.0565302144,0.2,0.19,591000000,609000000,https://www.sec.gov/Archives/edgar/data/92380/000009238021000101/0000092380-21-000101-index.htm,https://www.sec.gov/Archives/edgar/data/92380/000009238021000101/luv-20210331.htm,3.472081218274112,0.1962774957698815,1.0913705583756346,0.9306260575296108,24.27749576988156,15.385786802030458,13.744500846023689,15.385786802030458,21.80710659898477,36086460000.0,36900460000.0,77.77254310344829,17.585994152046784,55.948,65.61174545454546,3.9685978225008247,3.9685978225008247,17.98268031189084,65.7762210338681,57.21001550387597,67.09174545454546,0.0032145020597753,0.0152411735592795,1.4060266138788078,0.3602118727636435,1.4509803921568627,1.9677340503544365,1.9320388349514563,5.560344827586207,0.0,0.0,0.0,0.0,0.0273293325444453,0.1472868217054263,0.0462962962962962,0.3044871794871794,0.0,8.24302028014709,0.0056226738634813,0.0033600787880543,-18.82445008460237,7918000000.0,8123000000.0,-10300000000.0,26568000000.0,1033500000.0,683000000.0,431000000.0,41.09649122807018,70.83453237410072,29.00719424460432,2.1899679829242262,1.270566727605119,3.102678571428572,0.0127570658748487,0.1607445008460236,2021-04-22,-1.82,bmo,2196194594.0,2025-04-25,2021-03-31,-0.0549450549450549,53.20770491803279,8244349.540983606
2020-12-31,LUV,USD,92380,2021-02-08,2021-02-08 13:37:31,2020,Q4,2013000000.0,2662000000.0,-649000000.0,-0.3224043716,0,1000000.0,156000000.0,157000000.0,-63000000.0,520000000.0,3182000000.0,2000000.0,101000000.0,316000000.0,-925000000.0,-0.4595131644,-1169000000.0,-0.5807252856,-162000000.0,-1331000000.0,-0.6612021858,-423000000.0,-908000000.0,-0.4510680576,-1.54,-1.54,588212049,590000000,https://www.sec.gov/Archives/edgar/data/92380/000009238021000033/0000092380-21-000033-index.htm,https://www.sec.gov/Archives/edgar/data/92380/000009238021000033/luv-20201231.htm,3.422235235443128,-1.543661000388654,-1.0149401070837296,-1.167946153377759,22.668695792051007,15.089796298953408,13.440731133339977,15.089796298953408,20.91082632685071,27416563603.89,28552563603.89,-7.548613327062225,13.61975340481371,-45.923892133819095,-39.90766172327511,3.088842226666291,3.088842226666291,14.184085247834078,-30.86763632852973,-47.82673970500837,-41.56122795326056,-0.0331186655307585,-0.0250578449555408,1.374380351509689,0.3526945761535793,-1.228108108108108,2.0214495070610177,-11.574257425742577,0.6574889867841409,0.0,0.0,0.0004967709885742,0.0,0.0280444084653637,-0.1507537688442211,0.044709388971684,0.2848101265822785,0.0084451068057625,,-0.0288859967417625,-0.0270093402343982,-19.250710724560488,7667000000.0,7906000000.0,-10539000000.0,26360000000.0,1013500000.0,626000000.0,420000000.0,50.52160953800298,9.196093163035313,13.996994740796394,1.78141592920354,9.786764705882351,6.429951690821256,-0.1022983325822442,0.1530060462940295,2021-01-28,-1.69,bmo,2480303571.0,2025-04-25,2020-12-31,-0.2366863905325443,43.3246875,8877872.796875
2020-09-30,LUV,USD,92380,2020-10-27,2020-10-27 09:49:56,2020,Q3,1793000000.0,2716000000.0,-923000000.0,-0.5147796988,0,0.0,0.0,0.0,-35000000.0,488000000.0,3204000000.0,4000000.0,100000000.0,315000000.0,-1127000000.0,-0.6285554936,-1411000000.0,-0.7869492471,-131000000.0,-1542000000.0,-0.8600111545,-385000000.0,-1157000000.0,-0.6452872281,-1.96,-1.96,590000000,590000000,https://www.sec.gov/Archives/edgar/data/92380/000009238020000145/0000092380-20-000145-index.htm,https://www.sec.gov/Archives/edgar/data/92380/000009238020000145/luv-20200930.htm,3.038983050847458,-1.9610169491525424,-1.7796610169491525,-1.9305084745762715,24.681355932203388,16.557627118644067,14.913559322033898,16.557627118644067,21.516949152542377,22125000000.0,22611000000.0,-4.780682800345722,12.339654210819855,-21.071428571428573,-19.424934152765584,2.2648172791483265,2.2648172791483265,12.610708310094813,-20.062999112688555,-21.53428571428572,-19.851624231782264,-0.0522937853107344,-0.0514802259887005,1.2892824239942675,0.3537424519028226,-0.4312333629103815,2.067273193234239,-14.11,0.9075194468452896,0.0,0.0,0.0,0.0,0.0272433646959696,-0.0847619047619047,0.0496374790853318,0.2825396825396825,0.0,,-0.0363155600692139,-0.0334055146528078,-17.60720338983051,8329000000.0,8799000000.0,-9703000000.0,27122000000.0,833500000.0,975000000.0,424000000.0,45.02509760178472,32.47422680412371,14.11634756995582,1.998885172798216,2.771428571428572,6.375586854460094,-0.1184358685638243,0.1508474576271186,2020-10-22,-2.44,bmo,2117361809.0,2025-04-25,2020-09-30,-0.1844262295081967,35.53046875,12611375.875
2020-06-30,LUV,USD,92380,2020-07-27,2020-07-27 14:31:01,2020,Q2,1008000000.0,1915000000.0,-907000000.0,-0.8998015873,0,0.0,0.0,0.0,-32000000.0,220000000.0,2135000000.0,9000000.0,89000000.0,313000000.0,-837000000.0,-0.8303571429,-1127000000.0,-1.1180555556,-112000000.0,-1239000000.0,-1.2291666667,-324000000.0,-915000000.0,-0.9077380952,-1.63,-1.63,561349693,563000000,https://www.sec.gov/Archives/edgar/data/92380/000009238020000122/0000092380-20-000122-index.htm,https://www.sec.gov/Archives/edgar/data/92380/000009238020000122/luv-20200630.htm,1.7956721319521591,-1.6300000007303823,1.5979344269455225,1.396633880407235,25.754000011540043,19.378295090650383,17.650316947799595,19.378295090650383,20.50593443541796,19186932506.74,18257932506.74,-5.242331285994536,19.034655264623016,21.39011427730212,24.47312819737245,1.7638290592700865,1.7638290592700865,18.11302828049603,-21.81353943457587,20.35443980684504,23.288179217780613,-0.0476887068674775,0.0408611433706037,1.0500091928663358,0.3208787504213957,1.109916367980884,1.6955453477192608,-12.662921348314606,-0.980327868852459,0.0,0.0,0.0,0.0,0.0272502528373974,0.1259754738015607,0.1121031746031746,0.3610223642172524,0.0,,-0.0301531822184341,-0.0264252295962571,-16.874508204282566,6511000000.0,9908000000.0,-8846000000.0,25573000000.0,739500000.0,594000000.0,470000000.0,68.75,45.587467362924286,19.832898172323763,1.309090909090909,1.9742268041237112,4.537914691943128,-0.0841147269718698,0.2013005465382877,2020-07-23,-2.53,bmo,1004224719.0,2025-04-25,2020-06-30,0.0553359683794466,31.77714285714286,25143370.15873016
2020-03-31,LUV,USD,92380,2020-04-28,2020-04-28 06:18:59,2020,Q1,4234000000.0,3646000000.0,588000000.0,0.1388757676,0,0.0,0.0,0.0,-2000000.0,698000000.0,4344000000.0,17000000.0,23000000.0,311000000.0,190000000.0,0.0448748229,-110000000.0,-0.0259801606,-34000000.0,-144000000.0,-0.0340103921,-50000000.0,-94000000.0,-0.0222012282,-0.18,-0.18,515000000,515000000,https://www.sec.gov/Archives/edgar/data/92380/000009238020000060/0000092380-20-000060-index.htm,https://www.sec.gov/Archives/edgar/data/92380/000009238020000060/luv-3312020x10q.htm,8.22135922330097,-0.1825242718446602,-0.7320388349514563,-1.166990291262136,10.766990291262136,17.62135922330097,15.737864077669904,17.62135922330097,12.372815533980582,18339150000.0,20748150000.0,-48.77433510638298,4.331400566839868,-48.6449602122016,-30.514392678868557,2.0208429752066115,2.0208429752066115,4.900366084081247,109.2007894736842,-55.034880636604775,-34.52271214642263,-0.0051256464994288,-0.0327714207037948,0.6996143250688706,0.2361539892133159,12.678947368421053,0.6862611073137389,-4.782608695652174,4.01063829787234,0.0102512929988576,-2.0,0.0,0.0,0.0360795982890087,-0.5941644562334217,0.0529050543221539,0.7202572347266881,0.0,,-0.0035725934402485,-0.0036272429095118,-22.28009708737864,-3213000000.0,8105000000.0,-10782000000.0,16024000000.0,897500000.0,406500000.0,523500000.0,15.07085498346717,5.381239714755897,12.786615469007131,5.97179125528914,16.724770642201836,7.038610038610039,-0.010358126721763,0.4349514563106796,2020-04-28,-0.48,bmo,11572933333.0,2025-04-25,2020-03-31,-0.6874999999999999,49.56967741935484,7128110.064516129
2019-12-31,LUV,USD,92380,2020-02-04,2020-02-03 18:19:28,2019,Q4,5729000000.0,4299000000.0,1430000000.0,0.2496072613,0,4000000.0,212000000.0,216000000.0,766000000.0,765000000.0,5064000000.0,20000000.0,19000000.0,313000000.0,993000000.0,0.1733286787,665000000.0,0.116076104,1000000.0,666000000.0,0.1162506546,152000000.0,514000000.0,0.0897189736,0.98,0.98,525000000,527000000,https://www.sec.gov/Archives/edgar/data/92380/000009238020000024/0000092380-20-000024-index.htm,https://www.sec.gov/Archives/edgar/data/92380/000009238020000024/luv-12312019x10k.htm,10.912380952380952,0.979047619047619,1.5695238095238095,1.0723809523809524,7.7561904761904765,18.727619047619047,16.88,18.727619047619047,7.647619047619048,28339500000.0,29787500000.0,13.783803501945524,4.946674812358178,34.39259708737864,50.33658969804618,2.8823738812042308,2.8823738812042308,5.199423983243149,29.99748237663645,36.1498786407767,52.90852575488455,0.0181372289560507,0.0198662644012773,0.4064279902359642,0.1543155049237304,1.458207452165156,0.66733690795353,35.0,1.603112840466926,0.0033345683586513,0.183852140077821,0.0006982021295164,0.0,0.0374589689129175,0.316747572815534,0.0455576889509513,0.8338658146964856,0.0096002792808518,20.31114703500398,0.0283316714451133,0.0206218655967903,-20.784761904761904,-2978000000.0,8862000000.0,-10089000000.0,16366000000.0,976500000.0,934500000.0,528500000.0,17.060569034735558,12.45638520586183,11.074668527564551,5.275322283609577,7.225210084033613,8.126654064272211,0.0522782750203417,0.4971428571428571,2020-01-23,1.09,bmo,6373163265.0,2025-04-25,2019-12-31,0.0642201834862383,55.4578125,3439940.53125
2019-09-30,LUV,USD,92380,2019-11-08,2019-11-08 14:10:59,2019,Q3,5639000000.0,4058000000.0,1581000000.0,0.2803688597,0,0.0,0.0,0.0,-3000000.0,762000000.0,4820000000.0,23000000.0,20000000.0,308000000.0,1137000000.0,0.2016314949,819000000.0,0.1452385175,0.0,819000000.0,0.1452385175,160000000.0,659000000.0,0.1168646923,1.24,1.23,533000000,534000000,https://www.sec.gov/Archives/edgar/data/92380/000009238019000085/0000092380-19-000085-index.htm,https://www.sec.gov/Archives/edgar/data/92380/000009238019000085/luv-9302019x10q.htm,10.579737335834896,1.2363977485928703,2.0469043151969983,1.3433395872420262,7.534709193245779,18.632270168855538,16.81238273921201,18.632270168855538,8.25703564727955,28787330000.0,30680330000.0,10.920838391502276,5.105041674055683,26.38618698441796,40.20576815642458,2.898734266438425,2.898734266438425,5.440739492817875,26.98357959542656,28.12129239230064,42.849622905027935,0.0228920153414714,0.0248720530872435,0.4411438928607391,0.1655268825329655,1.6649076517150396,0.6547688028740294,40.95,1.655538694992413,0.0033348004139321,0.1456752655538695,0.0,0.0,0.0366494124759134,0.3437213565536205,0.0665011526866465,1.2175324675324677,0.0,22.766865835657075,0.0344323109880349,0.0258461779817233,-21.77439024390244,-2979000000.0,8961000000.0,-10886000000.0,17185000000.0,822000000.0,1302000000.0,519000000.0,13.83755985103742,28.2552981764416,11.710202069985217,6.5040369088812,3.185243328100471,7.6856060606060606,0.0663578692981572,0.7035647279549718,2019-10-24,1.08,bmo,4951317073.0,2025-04-25,2019-09-30,0.1388888888888887,52.31015625,3595858.625
2019-06-30,LUV,USD,92380,2019-07-30,2019-07-30 17:21:44,2019,Q2,5909000000.0,4173000000.0,1736000000.0,0.2937891352,0,0.0,0.0,0.0,-2000000.0,768000000.0,4941000000.0,24000000.0,22000000.0,302000000.0,1284000000.0,0.2172956507,968000000.0,0.1638179049,0.0,968000000.0,0.1638179049,227000000.0,741000000.0,0.1254019293,1.37,1.37,542000000,542000000,https://www.sec.gov/Archives/edgar/data/92380/000009238019000077/0000092380-19-000077-index.htm,https://www.sec.gov/Archives/edgar/data/92380/000009238019000077/luv-6302019x10q.htm,10.90221402214022,1.367158671586716,1.7822878228782288,1.3579335793357934,7.354243542435424,18.339483394833948,16.54981549815498,18.339483394833948,8.38929889298893,27934680000.0,30013680000.0,9.424655870445344,4.727480115078693,28.91788819875776,37.954728260869565,2.810329979879276,2.810329979879276,5.079316297173802,23.37514018691589,31.07006211180124,40.77945652173913,0.026526167473549,0.026347178489247,0.4552313883299799,0.1715704860847804,1.6191588785046729,0.6449889675995819,44.0,1.3036437246963564,0.0035081840923182,0.1322537112010796,0.0,0.0,0.0367786456358534,0.238095238095238,0.0389236757488576,0.7615894039735099,0.0,23.751676456674083,0.0387613119213265,0.0291686348606518,-21.42112546125461,-3057000000.0,8970000000.0,-10880000000.0,17070000000.0,780500000.0,1371000000.0,497000000.0,11.834489761380944,28.6843997124371,10.999281092739038,7.604890604890605,3.137593984962406,8.18235294117647,0.0745472837022132,0.4243542435424354,2019-07-25,1.34,bmo,5779605839.0,2025-04-25,2019-06-30,0.0223880597014925,51.80968253968253,3554540.587301587
2019-03-31,LUV,USD,92380,2019-04-30,2019-04-30 16:04:55,2019,Q1,5149000000.0,3914000000.0,1235000000.0,0.2398523985,0,0.0,0.0,0.0,-2000000.0,730000000.0,4644000000.0,23000000.0,22000000.0,297000000.0,814000000.0,0.1580889493,505000000.0,0.0980772966,-1000000.0,504000000.0,0.0978830841,117000000.0,387000000.0,0.0751602253,0.7,0.7,551000000,552000000,https://www.sec.gov/Archives/edgar/data/92380/000009238019000049/0000092380-19-000049-index.htm,https://www.sec.gov/Archives/edgar/data/92380/000009238019000049/luv-3312019x10q.htm,9.344827586206897,0.7023593466424682,2.005444646098004,1.715063520871143,7.007259528130671,17.76950998185118,16.00907441016334,17.76950998185118,8.540834845735027,28877910000.0,31217910000.0,18.65498062015504,5.608450184501845,26.133855203619905,30.55863492063492,2.9494341742416506,2.9494341742416506,6.062907360652554,38.35124078624079,28.25150226244344,33.0348253968254,0.0134012468353838,0.0327239748305885,0.4783985292615667,0.1770286103027325,2.8746928746928746,0.628568153158317,22.954545454545453,2.855297157622739,0.0061638809733806,0.4599483204134367,0.0,0.0,0.0366604935938622,0.1447963800904977,0.0310739949504758,0.5387205387205387,0.0,16.757478389445136,0.0203777317327687,0.015183020126329,-21.73684210526316,-3240000000.0,8821000000.0,-11185000000.0,17011000000.0,676000000.0,933000000.0,472500000.0,13.703631773159836,32.46806336228922,11.129279509453244,6.567602040816326,2.771954674220963,8.086776859504132,0.0395260953937289,0.2903811252268602,2019-04-25,0.61,bmo,4486985714.0,2025-04-25,2019-03-31,0.1475409836065573,52.75836065573771,5596876.524590164
2018-12-31,LUV,USD,92380,2019-02-05,2019-02-05 09:00:47,2018,Q4,5704000000.0,4127000000.0,1577000000.0,0.2764726508,0,12000000.0,215000000.0,227000000.0,-2000000.0,757000000.0,4884000000.0,23000000.0,24000000.0,331000000.0,1112000000.0,0.1949509116,820000000.0,0.1437587658,-3000000.0,817000000.0,0.1432328191,163000000.0,654000000.0,0.1146563815,1.17,1.17,560000000,561000000,https://www.sec.gov/Archives/edgar/data/92380/000009238019000022/0000092380-19-000022-index.htm,https://www.sec.gov/Archives/edgar/data/92380/000009238019000022/luv-12312018x10k.htm,10.185714285714283,1.167857142857143,1.7660714285714283,0.7964285714285714,6.5875,17.59464285714286,15.8625,17.59464285714286,6.073214285714286,26028800000.0,27551800000.0,9.94984709480122,4.563253856942496,26.31830131445905,58.360538116591925,2.6417131838018872,2.6417131838018872,4.8302594670406735,24.77679856115108,27.8582406471183,61.775336322869954,0.0251260142611261,0.0171348659945906,0.3427382523089414,0.1286819342300804,1.3696043165467626,0.6360531309297913,34.166666666666664,1.5122324159021407,0.0034423407917383,0.1370030581039755,0.0021037868162692,0.0,0.0369622375490607,0.5490394337714863,0.0951963534361851,1.6404833836858006,0.0080645161290322,21.501875733910538,0.0346495707764067,0.025877418589008,-21.508035714285715,-2877000000.0,8883000000.0,-11362000000.0,17618000000.0,676000000.0,446500000.0,472000000.0,8.962131837307153,9.90065422825297,10.053307487278897,10.04225352112676,9.090308370044053,8.952277657266812,0.0663757231300111,0.9696428571428573,2019-01-24,1.06,bmo,5216478632.0,2025-04-25,2018-12-31,0.1037735849056602,53.12031746031746,5337811.238095238
2018-09-30,LUV,USD,92380,2018-10-30,2018-10-30 16:50:53,2018,Q3,5575000000.0,4038000000.0,1537000000.0,0.2756950673,0,0.0,0.0,0.0,-8000000.0,739000000.0,4777000000.0,20000000.0,24000000.0,301000000.0,1120000000.0,0.200896861,798000000.0,0.1431390135,-12000000.0,786000000.0,0.1409865471,171000000.0,615000000.0,0.1103139013,1.08,1.08,569000000,569000000,https://www.sec.gov/Archives/edgar/data/92380/000009238018000130/0000092380-18-000130-index.htm,https://www.sec.gov/Archives/edgar/data/92380/000009238018000130/luv-9302018x10q.htm,9.797891036906854,1.0808435852372584,2.233743409490334,1.421792618629174,6.713532513181019,17.84358523725835,16.13884007029877,17.84358523725835,6.098418277680141,35107300000.0,36449300000.0,14.271260162601626,6.297273542600897,27.62179386309992,43.39592088998763,3.457825273318231,3.457825273318231,6.537991031390135,32.544017857142855,28.67765538945712,45.05475896168109,0.0175177242339912,0.0230436404964209,0.339407071801438,0.128189866825385,1.1982142857142857,0.7141399974499554,33.25,2.066666666666667,0.0025920535045417,0.1479674796747967,0.0,0.0,0.0360836247303028,0.3634933123524783,0.0828699551569506,1.5348837209302326,0.0,20.831173861062435,0.0322099207107092,0.0237341772151898,-21.229349736379618,-2242000000.0,9183000000.0,-11128000000.0,18007000000.0,774500000.0,434000000.0,471000000.0,12.656502242152465,9.784546805349184,10.765230312035662,7.110969387755102,9.198177676537586,8.360248447204969,0.060573229587314,0.81195079086116,2018-10-25,1.04,bmo,5523379629.0,2025-04-25,2018-09-30,0.0384615384615384,58.486666666666665,4250219.365079365
2018-06-30,LUV,USD,92380,2018-08-01,2018-08-01 16:56:05,2018,Q2,5742000000.0,4039000000.0,1703000000.0,0.2965865552,0,0.0,0.0,0.0,-4000000.0,731000000.0,4770000000.0,15000000.0,23000000.0,292000000.0,1285000000.0,0.2237896203,972000000.0,0.1692789969,-12000000.0,960000000.0,0.1671891327,227000000.0,733000000.0,0.127655869,1.27,1.27,578000000,579000000,https://www.sec.gov/Archives/edgar/data/92380/000009238018000110/0000092380-18-000110-index.htm,https://www.sec.gov/Archives/edgar/data/92380/000009238018000110/luv-6302018x10q.htm,9.934256055363322,1.268166089965398,2.8217993079584773,1.8910034602076125,6.377162629757786,17.29584775086505,15.617647058823527,17.29584775086505,6.129757785467128,29408640000.0,30814640000.0,10.030231923601638,5.121671891327064,18.031048436542,26.906349496797805,2.941746523957188,2.941746523957188,5.366534308603274,23.98026459143969,18.89309625996321,28.19271729185727,0.0249246479946029,0.0371659485103697,0.3521056316895068,0.1330058567919894,1.0941634241245135,0.7008812856402281,42.26086956521739,2.2251023192360164,0.003162335966573,0.1268758526603001,0.0,0.0,0.0366521821273379,0.3298589822194972,0.0936955764541971,1.8424657534246576,0.0,22.21520135704728,0.0388282149210003,0.0287507354383212,-20.72448096885813,-2308000000.0,9027000000.0,-11060000000.0,17728000000.0,722500000.0,388000000.0,444500000.0,11.990595611285269,9.559296855657342,10.227779153255756,7.505882352941176,9.414918414918414,8.799564270152505,0.0733219965989797,0.9307958477508652,2018-07-26,1.22,bmo,5605285714.0,2025-04-25,2018-06-30,0.0327868852459016,52.6553125,6058372.1875
2018-03-31,LUV,USD,92380,2018-05-01,2018-05-01 13:14:58,2018,Q1,4944000000.0,3703000000.0,1241000000.0,0.2510113269,0,0.0,0.0,0.0,-4000000.0,625000000.0,4328000000.0,12000000.0,22000000.0,277000000.0,898000000.0,0.1816343042,616000000.0,0.1245954693,-14000000.0,602000000.0,0.121763754,139000000.0,463000000.0,0.0936488673,0.79,0.79,587000000,588000000,https://www.sec.gov/Archives/edgar/data/92380/000009238018000073/0000092380-18-000073-index.htm,https://www.sec.gov/Archives/edgar/data/92380/000009238018000073/luv-3312018x10q.htm,8.422487223168654,0.7887563884156729,1.706984667802385,0.969335604770017,5.524701873935264,16.38671209540034,14.734241908006814,16.38671209540034,6.156729131175468,33623360000.0,35393360000.0,18.15516198704104,6.80084142394822,33.55624750499002,59.09202108963093,3.4955151263125064,3.4955151263125064,7.158851132686084,39.41354120267261,35.32271457085828,62.20274165202109,0.0137701883452456,0.0169227584631637,0.3734275912256991,0.1408461749598086,1.9710467706013364,0.6703434794750069,28.0,2.16414686825054,0.0044017016740742,0.3196544276457883,0.0,0.0,0.0380347410108614,0.4321357285429141,0.0875809061488673,1.5631768953068592,0.0,17.053307205156614,0.0253270309986349,0.0188725390290628,-20.29982964224872,-2361000000.0,8649000000.0,-11083000000.0,17382000000.0,671000000.0,347000000.0,425000000.0,12.37864077669903,8.433702403456657,10.450985687280582,7.270588235294118,10.671469740634006,8.611627906976745,0.0481339016529784,0.737649063032368,2018-04-26,0.74,bmo,4878080000.0,2025-04-25,2018-03-31,0.0135135135135135,60.0527868852459,5181807.377049181
2017-12-31,LUV,USD,92380,2018-02-07,2018-02-07 12:58:11,2017,Q4,5274000000.0,3835000000.0,1439000000.0,0.2728479333,0,14000000.0,224000000.0,238000000.0,-28000000.0,666000000.0,4501000000.0,11000000.0,19000000.0,279000000.0,1035000000.0,0.1962457338,773000000.0,0.1465680698,-36000000.0,737000000.0,0.1397421312,-1151000000.0,1888000000.0,0.3579825559,3.19,3.18,592000000,594000000,https://www.sec.gov/Archives/edgar/data/92380/000009238018000031/0000092380-18-000031-index.htm,https://www.sec.gov/Archives/edgar/data/92380/000009238018000031/luv-12312017x10k.htm,8.908783783783784,3.189189189189189,0.9493243243243245,0.0489864864864864,5.528716216216216,17.618243243243242,15.97972972972973,17.618243243243242,6.22804054054054,38746400000.0,40919400000.0,5.130614406779661,7.346681835419036,68.94377224199289,1336.0827586206897,3.714899328859061,3.714899328859061,7.758703071672355,39.53565217391304,72.81032028469751,1411.0137931034485,0.0487271075506369,0.0007484566308095,0.3516778523489933,0.1460772600557547,2.09951690821256,0.6973207820419985,40.68421052631579,0.2976694915254237,0.0019098548510313,0.0391949152542372,0.0026545316647705,0.0,0.0386300278773397,0.9483985765124556,0.1010618126659082,1.9103942652329748,0.0070155479711793,35.555983953292284,0.106733278916882,0.0782104391052195,-18.07516891891892,-2090000000.0,9460000000.0,-9865000000.0,17419000000.0,620500000.0,342000000.0,429000000.0,11.296928327645052,8.143415906127771,9.856584093872227,7.966767371601208,11.051873198847264,9.13095238095238,0.1810162991371045,0.9003378378378378,2018-01-25,0.76,bmo,5258000000.0,2025-04-25,2017-12-31,0.0131578947368421,58.80936507936509,4688973.634920635
2017-09-30,LUV,USD,92380,2017-11-01,2017-11-01 17:07:16,2017,Q3,5271000000.0,3738000000.0,1533000000.0,0.2908366534,0,0.0,0.0,0.0,-39000000.0,699000000.0,4437000000.0,9000000.0,13000000.0,302000000.0,1180000000.0,0.223866439,834000000.0,0.1582242459,-87000000.0,791000000.0,0.1500664011,288000000.0,503000000.0,0.0954278126,0.84,0.84,597000000,598000000,https://www.sec.gov/Archives/edgar/data/92380/000009238017000167/0000092380-17-000167-index.htm,https://www.sec.gov/Archives/edgar/data/92380/000009238017000167/luv-9302017x10q.htm,8.829145728643216,0.8425460636515912,1.6683417085427137,0.5711892797319933,5.09212730318258,14.74036850921273,13.115577889447236,14.74036850921273,5.1792294807370185,33420060000.0,35039060000.0,16.610367793240556,6.340364257256687,33.55427710843374,98.00604105571848,3.79773409090909,3.79773409090909,6.647516600265604,29.6941186440678,35.179779116465866,102.75384164222874,0.0150508407226079,0.0102034526568773,0.3498863636363636,0.1269743082188956,1.3720338983050848,0.6145010768126346,64.15384615384616,1.9801192842942343,0.0022441611415419,0.1491053677932405,0.0,0.0,0.0400016495525588,0.6576305220883534,0.1242648453803832,2.1688741721854305,0.0,16.716380826744434,0.0301331743477761,0.021607457365007,-19.69137353433836,-2685000000.0,7830000000.0,-11169000000.0,16441000000.0,577500000.0,309000000.0,401500000.0,9.886169607285144,8.113964686998395,10.545746388443018,9.103626943005182,11.0919881305638,8.534246575342467,0.0571590909090909,1.0971524288107202,2017-10-26,0.81,bmo,5242738636.0,2025-04-25,2017-09-30,0.0864197530864196,56.122063492063496,5564840.063492063
2017-06-30,LUV,USD,92380,2017-08-01,2017-07-31 19:11:45,2017,Q2,5744000000.0,3812000000.0,1932000000.0,0.3363509749,0,0.0,0.0,0.0,-74000000.0,682000000.0,4494000000.0,8000000.0,14000000.0,319000000.0,1501000000.0,0.261316156,1250000000.0,0.2176183844,-7000000.0,1170000000.0,0.2036908078,424000000.0,746000000.0,0.1298746518,1.24,1.23,604000000,605000000,https://www.sec.gov/Archives/edgar/data/92380/000009238017000146/0000092380-17-000146-index.htm,https://www.sec.gov/Archives/edgar/data/92380/000009238017000146/luv-6302017x10q.htm,9.509933774834437,1.2350993377483444,1.2350993377483444,0.2450331125827814,5.218543046357616,14.12251655629139,12.516556291390728,14.12251655629139,5.147350993377484,37532560000.0,39090560000.0,12.57793565683646,6.534220055710306,50.31174262734584,253.5983783783784,4.400065650644783,4.400065650644783,6.805459610027855,26.04301132578281,52.4002144772118,264.1254054054054,0.0198760755994262,0.0039432428803151,0.3628370457209847,0.1293842230675975,1.0379746835443038,0.6119487107228406,89.28571428571429,1.0,0.0020249085061077,0.1018766756032171,0.0,0.0,0.0405501442247397,0.8016085790884718,0.104108635097493,1.8746081504702192,0.0,19.810628309959007,0.0465243445805,0.032504030325476,-19.24586092715232,-2754000000.0,7560000000.0,-11048000000.0,15895000000.0,580500000.0,275000000.0,360500000.0,9.025069637883009,6.634312696747115,8.617523609653725,9.97222222222222,13.565836298932384,10.443835616438356,0.0874560375146541,0.9900662251655628,2017-07-27,1.16,bmo,5546129032.0,2025-04-25,2017-06-30,0.0689655172413793,58.184444444444445,4537122.825396826
2017-03-31,LUV,USD,92380,2017-05-03,2017-05-03 15:43:34,2017,Q1,4883000000.0,3583000000.0,1300000000.0,0.2662297768,0,0.0,0.0,0.0,-94000000.0,642000000.0,4225000000.0,7000000.0,18000000.0,318000000.0,900000000.0,0.1843129224,658000000.0,0.1347532255,-21000000.0,553000000.0,0.1132500512,202000000.0,351000000.0,0.0718820397,0.57,0.57,613000000,614000000,https://www.sec.gov/Archives/edgar/data/92380/000009238017000078/0000092380-17-000078-index.htm,https://www.sec.gov/Archives/edgar/data/92380/000009238017000078/luv-3312017x10q.htm,7.965742251223491,0.5725938009787929,2.6508972267536706,1.8955954323001631,5.680261011419249,13.38336052202284,11.800978792822184,13.38336052202284,5.030995106035889,32954880000.0,34169880000.0,23.47213675213675,6.748900266229777,20.27992615384615,28.360481927710843,4.016928327645051,4.016928327645051,6.997722711447881,37.96653333333333,21.027618461538463,29.406092943201376,0.0106509263574924,0.0352603317020119,0.3737201365187713,0.1290241131170307,1.35,0.6245642263341379,36.55555555555556,4.62962962962963,0.0037323759030529,0.3504273504273504,0.0,0.0,0.0408197618145857,0.2849230769230769,0.0948187589596559,1.4559748427672956,0.0,13.130980869738105,0.0251745370476343,0.0153994647479489,-18.695350734094617,-2800000000.0,7234000000.0,-10901000000.0,15456000000.0,565500000.0,264000000.0,346500000.0,10.782305959451158,6.7569076193134245,8.942227183924086,8.347008547008548,13.319702602230484,10.064606741573034,0.0427840078010726,0.7553017944535073,2017-04-27,0.63,bmo,5013147540.0,2025-04-25,2017-03-31,-0.0317460317460317,53.7791935483871,5826792.596774193
2016-12-31,LUV,USD,92380,2017-02-07,2017-02-07 16:34:39,2016,Q4,5076000000.0,3571000000.0,1505000000.0,0.2964933018,0,0.0,232000000.0,232000000.0,-26000000.0,659000000.0,4230000000.0,7000000.0,18000000.0,318000000.0,1145000000.0,0.225571316,846000000.0,0.1666666667,-36000000.0,809000000.0,0.1593774626,287000000.0,522000000.0,0.1028368794,0.85,0.84,617000000,621000000,https://www.sec.gov/Archives/edgar/data/92380/000009238017000029/0000092380-17-000029-index.htm,https://www.sec.gov/Archives/edgar/data/92380/000009238017000029/luv-12312016x10k.htm,8.226904376012966,0.8460291734197731,1.1491085899513775,-0.0081037277147487,5.356564019448946,13.680713128038898,12.108589951377631,13.680713128038898,5.518638573743922,30751280000.000004,32458280000.000004,14.727624521072798,6.058171788810087,43.37275035260931,-6150.256,3.643084942542353,3.643084942542353,6.394460204885737,28.347842794759828,45.780366713681246,-6491.656000000001,0.0169749031585026,-0.00016259485784,0.4012557753820637,0.1454522030404535,1.490829694323144,0.657218001168907,47.0,1.3582375478927202,3.251897156801277e-05,0.0019157088122605,0.0,0.0,0.0416559306020785,1.007052186177715,0.1406619385342789,2.2452830188679247,0.0065011820330969,16.13757585385504,0.0320951269060324,0.0233912887614267,-17.766612641815236,-2346000000.0,7471000000.0,-10347000000.0,15668000000.0,697000000.0,249000000.0,334000000.0,9.680851063829786,6.5275833099972,8.493419210305237,9.296703296703296,13.787644787644789,10.596439169139463,0.0618410140978557,1.1572123176661264,2017-01-26,0.68,bmo,4736666666.0,2025-04-25,2016-12-31,0.1029411764705881,44.833333333333336,7372801.888888889
2016-09-30,LUV,USD,92380,2016-10-31,2016-10-31 10:59:12,2016,Q3,5139000000.0,3786000000.0,1353000000.0,0.2632807939,0,0.0,0.0,0.0,-64000000.0,658000000.0,4444000000.0,6000000.0,19000000.0,315000000.0,949000000.0,0.1846662775,695000000.0,0.1352403191,-77000000.0,618000000.0,0.1202568593,230000000.0,388000000.0,0.0755010702,0.63,0.62,618000000,625000000,https://www.sec.gov/Archives/edgar/data/92380/000009238016000270/0000092380-16-000270-index.htm,https://www.sec.gov/Archives/edgar/data/92380/000009238016000270/luv-9302016x10q.htm,8.315533980582524,0.627831715210356,1.3851132686084142,0.580906148867314,5.576051779935275,13.021035598705502,11.451456310679612,13.021035598705502,5.362459546925567,24034020000.0,25363020000.0,15.48583762886598,4.676789258610625,28.0771261682243,66.94713091922006,2.9867056045731326,2.9867056045731326,4.935399883245768,26.72604847207587,29.62969626168224,70.64908077994428,0.0161437828544704,0.014937159909162,0.4094693674661364,0.1429811238880451,1.4004214963119073,0.619114636642784,36.578947368421055,2.206185567010309,0.0025796766416937,0.1597938144329896,0.0,0.0,0.0420915599913213,0.580607476635514,0.0967114224557306,1.5777777777777775,0.0,13.562371844901744,0.0269330931467932,0.0175764439411098,-17.395631067961165,-2977000000.0,7077000000.0,-10159000000.0,14539000000.0,686000000.0,743000000.0,329500000.0,14.851138353765323,5.681458003169572,7.868462757527734,6.060141509433962,15.841004184100418,11.438066465256798,0.0482167267304585,0.8042071197411004,2016-10-26,0.87,bmo,4862709677.0,2025-04-25,2016-09-30,0.0689655172413793,38.0103125,6997478.90625
2016-06-30,LUV,USD,92380,2016-07-28,2016-07-27 19:55:09,2016,Q2,5384000000.0,3489000000.0,1895000000.0,0.3519687964,0,0.0,0.0,0.0,43000000.0,619000000.0,4108000000.0,6000000.0,21000000.0,299000000.0,1624000000.0,0.3016344725,1276000000.0,0.2369985141,28000000.0,1304000000.0,0.2421991085,484000000.0,820000000.0,0.1523031204,1.3,1.28,632000000,639000000,https://www.sec.gov/Archives/edgar/data/92380/000009238016000252/0000092380-16-000252-index.htm,https://www.sec.gov/Archives/edgar/data/92380/000009238016000252/luv-6302016x10q.htm,8.518987341772151,1.2974683544303798,1.759493670886076,0.9873417721518988,5.403481012658228,12.375,10.84018987341772,12.375,5.340189873417722,24780720000.0,26094720000.0,7.55509756097561,4.602659732540862,22.284820143884893,39.71269230769231,3.1684848484848485,3.1684848484848485,4.846716196136701,16.068177339901478,23.466474820143883,41.81846153846154,0.0330902411229375,0.0251808664155036,0.4288454161871883,0.1494186305519668,0.8091133004926109,0.5705349163794204,60.76190476190476,1.35609756097561,0.0025422990131037,0.0768292682926829,0.0,0.0,0.0432129015013142,0.4388489208633093,0.0906389301634472,1.6321070234113713,0.0,19.006942019607177,0.0515113717684284,0.0381803790101038,-16.85759493670886,-3364000000.0,6851000000.0,-10157000000.0,13900000000.0,517500000.0,1200000000.0,308500000.0,8.7592867756315,32.16680997420465,8.460877042132417,10.274809160305344,2.797914995990377,10.63719512195122,0.1048459276307377,0.7721518987341772,2016-07-21,1.21,bmo,5474487394.0,2025-04-25,2016-06-30,-0.0165289256198347,42.7990625,6537594.28125
2016-03-31,LUV,USD,92380,2016-04-29,2016-04-28 17:59:47,2016,Q1,4826000000.0,3304000000.0,1522000000.0,0.3153750518,0,0.0,0.0,0.0,-114000000.0,578000000.0,3882000000.0,5000000.0,19000000.0,290000000.0,1125000000.0,0.2331123083,944000000.0,0.1956071281,-128000000.0,816000000.0,0.1690841276,305000000.0,511000000.0,0.1058847907,0.8,0.79,641000000,648000000,https://www.sec.gov/Archives/edgar/data/92380/000009238016000213/0000092380-16-000213-index.htm,https://www.sec.gov/Archives/edgar/data/92380/000009238016000213/luv-3312016x10q.htm,7.528861154446178,0.797191887675507,2.5210608424336973,1.8205928237129485,5.58814352574103,11.694227769110764,10.180967238689547,11.694227769110764,5.190327613104524,28716800000.0,29636800000.0,14.04931506849315,5.950435142975549,17.77029702970297,24.607369323050555,3.830949839914621,3.830949839914621,6.141069208454207,26.343822222222222,18.33960396039604,25.395715509854327,0.0177944617784711,0.040638232672164,0.4413020277481323,0.1487343195000224,0.8177777777777778,0.5542227068944626,49.68421052631579,3.162426614481409,0.0033429908624916,0.1878669275929549,0.0,0.0,0.0436131468908772,0.2778465346534653,0.0930377123912142,1.5482758620689656,0.0,14.48299792787069,0.0395660841138543,0.0240233181326688,-16.591653666146644,-3679000000.0,6526000000.0,-10171000000.0,13255000000.0,492500000.0,1170500000.0,300000000.0,9.529631164525489,31.40738498789346,7.87227602905569,9.44422700587084,2.865568083261058,11.432525951557093,0.0681696905016008,0.7004680187207488,2016-04-21,0.84,bmo,4606636363.0,2025-04-25,2016-03-31,0.0476190476190476,40.69901639344262,7150306.180327869
2015-12-31,LUV,USD,92380,2016-02-03,2016-02-02 19:09:00,2015,Q4,4977000000.0,3334000000.0,1643000000.0,0.3301185453,0,0.0,218000000.0,218000000.0,-164000000.0,611000000.0,3945000000.0,4000000.0,19000000.0,263000000.0,1132000000.0,0.2274462528,1026000000.0,0.2061482821,-179000000.0,847000000.0,0.1701828411,311000000.0,536000000.0,0.1076953988,0.83,0.82,648000000,656000000,https://www.sec.gov/Archives/edgar/data/92380/000009238016000175/0000092380-16-000175-index.htm,https://www.sec.gov/Archives/edgar/data/92380/000009238016000175/luv-12312015x10k.htm,7.680555555555555,0.8271604938271605,0.5,-0.7901234567901234,4.708333333333333,11.354938271604938,9.858024691358024,11.354938271604938,4.933641975308642,27902880000.0,29497880000.0,13.014402985074629,5.606365280289331,86.12,-54.4978125,3.792182658331068,3.792182658331068,5.926839461523006,26.058197879858657,91.04283950617284,-57.613046875,0.0192094866193023,-0.0183493603527664,0.4319108453384072,0.1491178678678678,1.4090106007067138,0.5433432352146907,54.0,0.6044776119402985,0.0017417556897352,0.0906716417910447,0.0,0.0,0.0455142642642642,2.580246913580247,0.1679726743017882,3.178707224334601,0.0058268032951577,14.537125501028305,0.0446451962145235,0.026349424835316,-16.037037037037038,-3382000000.0,6388000000.0,-9930000000.0,13189000000.0,469500000.0,1211500000.0,309500000.0,8.571428571428571,32.06958608278344,8.395320935812837,10.5,2.8063973063973062,10.720257234726688,0.0728458820331611,1.2901234567901234,2016-01-21,0.9,bmo,4977000000.0,2025-04-25,2015-12-31,0.0,44.2878125,6292258.703125
2015-09-30,LUV,USD,92380,2015-10-29,2015-10-29 12:55:51,2015,Q3,5318000000.0,3515000000.0,1803000000.0,0.339037232,0,0.0,0.0,0.0,-272000000.0,572000000.0,4087000000.0,2000000.0,22000000.0,258000000.0,1213000000.0,0.2280932681,1225000000.0,0.2303497555,-292000000.0,933000000.0,0.1754418954,349000000.0,584000000.0,0.1098157202,0.89,0.88,655000000,663000000,https://www.sec.gov/Archives/edgar/data/92380/000009238015000129/0000092380-15-000129-index.htm,https://www.sec.gov/Archives/edgar/data/92380/000009238015000129/luv-9302015x10q.htm,8.119083969465649,0.8916030534351145,1.2763358778625955,0.8763358778625954,4.7267175572519085,10.638167938931298,9.157251908396946,10.638167938931298,4.106870229007634,24916200000.0,25844200000.0,10.666181506849314,4.6852576156449794,29.80406698564593,43.40801393728223,3.575803673938002,3.575803673938002,4.85975930801053,21.306018136850785,30.914114832535883,45.02473867595819,0.0234385660734783,0.0230372207640009,0.3828932261768082,0.1260929155442128,0.765045342126958,0.6455392433653303,55.68181818181818,1.4315068493150684,0.0019665920164391,0.0839041095890411,0.0,0.0,0.0458433763410369,0.3133971291866029,0.0492666415945844,1.0155038759689925,0.0,14.608662426430437,0.0533890717032994,0.0289266432215562,-16.171374045801528,-2511000000.0,5998000000.0,-9618000000.0,13388000000.0,463500000.0,1184500000.0,317000000.0,7.869499811959384,31.621621621621625,7.88620199146515,11.436559139784949,2.8461538461538463,11.412337662337665,0.0838117106773823,0.4,2015-10-22,0.92,bmo,5204851063.0,2025-04-25,2015-09-30,0.0217391304347825,36.9040625,8179973.71875
2015-06-30,LUV,USD,92380,2015-07-31,2015-07-31 12:30:14,2015,Q2,5111000000.0,3460000000.0,1651000000.0,0.3230287615,0,0.0,0.0,0.0,-88000000.0,563000000.0,4023000000.0,2000000.0,22000000.0,250000000.0,1249000000.0,0.2443748777,1085000000.0,0.2122872236,-108000000.0,977000000.0,0.1911563295,369000000.0,608000000.0,0.1189591078,0.91,0.9,665000000,673000000,https://www.sec.gov/Archives/edgar/data/92380/000009238015000098/0000092380-15-000098-index.htm,https://www.sec.gov/Archives/edgar/data/92380/000009238015000098/luv-6302015x10q.htm,7.685714285714286,0.9142857142857144,0.9428571428571428,0.2661654135338346,4.709774436090226,10.76390977443609,9.305263157894736,10.76390977443609,4.073684210526316,22004850000.000004,22919850000.000004,9.048046875,4.305390334572492,35.09545454545455,124.321186440678,3.074161777032691,3.074161777032691,4.4844159655644695,18.35056044835869,36.55478468899522,129.4906779661017,0.0276302724172171,0.0080436812793543,0.3753841855266834,0.127497034400949,0.732586068855084,0.6684118673647469,49.31818181818182,1.03125,0.0022722263501,0.0822368421052631,0.0,0.0,0.0460260972716488,0.7177033492822966,0.0880453922911367,1.8,0.0,14.880490619402098,0.0466466201034855,0.030241233523999,-15.45187969924812,-2280000000.0,6188000000.0,-9321000000.0,13550000000.0,480500000.0,1139500000.0,315000000.0,8.135394247701036,29.497109826589597,8.479768786127167,11.062770562770565,3.051146384479718,10.613496932515336,0.0849399273540095,0.6766917293233082,2015-07-23,1.02,bmo,5061378640.0,2025-04-25,2015-06-30,0.0098039215686274,39.10698412698413,8967328.07936508
2015-03-31,LUV,USD,92380,2015-04-30,2015-04-30 16:18:17,2015,Q1,4414000000.0,3114000000.0,1300000000.0,0.2945174445,0,0.0,0.0,0.0,-32000000.0,497000000.0,3611000000.0,1000000.0,26000000.0,244000000.0,993000000.0,0.2249660172,780000000.0,0.1767104667,-57000000.0,723000000.0,0.1637970095,270000000.0,453000000.0,0.1026280018,0.67,0.66,674000000,682000000,https://www.sec.gov/Archives/edgar/data/92380/000009238015000042/0000092380-15-000042-index.htm,https://www.sec.gov/Archives/edgar/data/92380/000009238015000042/luv-3312015x10q.htm,6.548961424332345,0.672106824925816,2.1543026706231454,1.271513353115727,5.100890207715134,10.240356083086054,8.801186943620179,10.240356083086054,4.025222551928783,29858200000.0,30520200000.0,16.4780353200883,6.764431354780244,20.56349862258953,34.840373395565926,4.326021443059982,4.326021443059982,6.914408699592205,30.735347432024167,21.019421487603303,35.61283547257876,0.0151717116236075,0.028702333027443,0.3893074471167777,0.1269668761517743,0.6666666666666666,0.7189627698102274,30.0,3.205298013245033,0.0027128226081947,0.1788079470198675,0.0,0.0,0.045834711524831,0.4097796143250689,0.1347983688264612,2.4385245901639343,0.0,12.444227468791963,0.0336324886756629,0.0224335165651463,-15.27707715133531,-1940000000.0,5932000000.0,-9298000000.0,13637000000.0,432000000.0,1174000000.0,323000000.0,10.174444947893068,33.092485549132945,8.786127167630058,8.845691382765532,2.7196506550218342,10.24342105263158,0.0656331498116487,0.8827893175074184,2015-04-23,0.65,bmo,4347121212.0,2025-04-25,2015-03-31,0.0153846153846153,43.69065573770492,7721437.852459016
2014-12-31,LUV,USD,92380,2015-02-11,2015-02-11 15:34:29,2014,Q4,4628000000.0,3382000000.0,1246000000.0,0.2692307692,0,0.0,207000000.0,207000000.0,-293000000.0,577000000.0,3959000000.0,1000000.0,27000000.0,251000000.0,580000000.0,0.1253241141,621000000.0,0.1341832325,-319000000.0,302000000.0,0.0652549697,112000000.0,190000000.0,0.0410544512,0.28,0.28,677000000,686000000,https://www.sec.gov/Archives/edgar/data/92380/000009238015000030/0000092380-15-000030-index.htm,https://www.sec.gov/Archives/edgar/data/92380/000009238015000030/luv-12312014x10ka.htm,6.836041358936485,0.2806499261447562,0.2998522895125554,-0.4224519940915805,4.413589364844904,10.00738552437223,8.574593796159528,10.00738552437223,4.016248153618907,28650640000.0,30060640000.0,37.69821052631579,6.190717372515126,141.13615763546798,-100.17706293706294,4.228876752767528,4.228876752767528,6.495384615384616,51.82868965517241,148.08197044334975,-105.10713286713286,0.0066316145119271,-0.009982325002164,0.3973431734317343,0.134170653907496,2.431034482758621,0.7205807867634645,23.0,1.068421052631579,3.4903234273300704e-05,0.0052631578947368,0.0,0.0,0.0483452950558213,2.4088669950738915,0.1056611927398444,1.948207171314741,0.0045375972342264,7.949394328320636,0.027133506787861,0.0099507698753535,-14.558714918759232,-1655000000.0,5805000000.0,-9021000000.0,13607000000.0,416500000.0,1194000000.0,385500000.0,7.0980985306828,32.01360141927854,9.101123595505618,12.67945205479452,2.811305070656692,9.88888888888889,0.0280442804428044,0.7223042836041359,2015-01-22,0.54,bmo,4314237288.0,2025-04-25,2014-12-31,0.0925925925925924,37.33125,9744659.046875
2014-09-30,LUV,USD,92380,2014-10-29,2014-10-29 17:09:58,2014,Q3,4800000000.0,3595000000.0,1205000000.0,0.2510416667,0,0.0,0.0,0.0,-66000000.0,568000000.0,4163000000.0,2000000.0,25000000.0,238000000.0,788000000.0,0.1641666667,614000000.0,0.1279166667,-89000000.0,525000000.0,0.109375,196000000.0,329000000.0,0.0685416667,0.48,0.48,683000000,691000000,https://www.sec.gov/Archives/edgar/data/92380/000009238014000151/0000092380-14-000151-index.htm,https://www.sec.gov/Archives/edgar/data/92380/000009238014000151/luv-9302014x10q.htm,7.027818448023426,0.4816983894582723,0.3513909224011713,-0.2825768667642752,5.212298682284041,10.87701317715959,9.456808199121523,10.87701317715959,4.036603221083455,23064910000.000004,23964910000.000004,17.526527355623102,4.805189583333334,96.10379166666668,-119.50730569948188,3.104712612733881,3.104712612733881,4.992689583333334,30.412322335025387,99.85379166666668,-124.17051813471504,0.0142640920775324,-0.0083676892734461,0.3677480145376228,0.1330152393008423,1.1421319796954317,0.7604716103009619,24.56,0.729483282674772,0.0017775920218201,0.1246200607902735,0.0,0.0,0.0472272262524952,1.8041666666666667,0.0902083333333333,1.819327731092437,0.0,10.857596138877566,0.0261750566893424,0.0168123051765547,-13.154465592972182,-1544000000.0,6459000000.0,-8208000000.0,13391000000.0,457500000.0,1238500000.0,432000000.0,8.775,29.666203059805284,10.739916550764953,10.256410256410255,3.0337552742616034,8.37995337995338,0.0442859065823125,0.6339677891654466,2014-10-23,0.53,bmo,4625454545.0,2025-04-25,2014-09-30,0.0377358490566038,30.53796875,6156012.5
2014-06-30,LUV,USD,92380,2014-07-30,2014-07-30 16:05:12,2014,Q2,5011000000.0,3665000000.0,1346000000.0,0.2686090601,0,0.0,0.0,0.0,-3000000.0,533000000.0,4198000000.0,2000000.0,28000000.0,228000000.0,1002000000.0,0.1999600878,775000000.0,0.1546597486,-29000000.0,746000000.0,0.1488724805,281000000.0,465000000.0,0.0927958491,0.67,0.67,690000000,698000000,https://www.sec.gov/Archives/edgar/data/92380/000009238014000117/0000092380-14-000117-index.htm,https://www.sec.gov/Archives/edgar/data/92380/000009238014000117/luv-6302014x10q.htm,7.26231884057971,0.6739130434782609,1.9391304347826088,1.2144927536231884,5.788405797101449,10.892753623188408,9.486956521739131,10.892753623188408,4.0376811594202895,18533400000.0,19409400000.0,9.964193548387096,3.698543204949112,13.851569506726458,22.116229116945107,2.465859499733901,2.465859499733901,3.8733586110556777,19.37065868263473,14.50627802690583,23.16157517899761,0.0250898378063388,0.0452156646918536,0.3669505055880788,0.1320185725910679,0.874251497005988,0.7566529102035008,27.678571428571427,2.8774193548387097,0.002266178898637,0.0903225806451612,0.0,0.0,0.0464314776698099,0.3736920777279521,0.0997804829375374,2.192982456140351,0.0,12.851742947413374,0.0333869934001453,0.0233422016967019,-12.794565217391304,-1710000000.0,6546000000.0,-8058000000.0,12987000000.0,452000000.0,1295500000.0,436500000.0,8.02833765715426,31.727148703956345,10.68212824010914,11.210290827740492,2.836687306501548,8.425287356321839,0.0618680149015433,0.7246376811594203,2014-07-24,0.61,bmo,4366728571.0,2025-04-25,2014-06-30,0.1475409836065573,25.207619047619048,6148941.428571428
2014-03-31,LUV,USD,92380,2014-05-01,2014-04-30 18:47:19,2014,Q1,4166000000.0,3407000000.0,759000000.0,0.1821891503,0,0.0,0.0,0.0,53000000.0,526000000.0,3933000000.0,2000000.0,26000000.0,221000000.0,491000000.0,0.1178588574,215000000.0,0.0516082573,29000000.0,244000000.0,0.0585693711,92000000.0,152000000.0,0.0364858377,0.22,0.21,698000000,707000000,https://www.sec.gov/Archives/edgar/data/92380/000009238014000024/0000092380-14-000024-index.htm,https://www.sec.gov/Archives/edgar/data/92380/000009238014000024/luv-3312014x10q.htm,5.968481375358167,0.2177650429799427,1.6031518624641834,1.0200573065902578,5.011461318051576,10.300859598853869,8.911174785100286,10.300859598853869,4.068767908309456,16479780000.0,17552780000.0,27.104901315789476,3.955780124819971,14.727238605898124,23.14575842696629,2.292041724617524,2.292041724617524,4.213341334613538,35.74904276985743,15.686130473637176,24.652780898876404,0.0092234240991081,0.0432044602537169,0.3913769123783032,0.1408690428514217,2.185336048879837,0.7473994721316566,8.26923076923077,7.361842105263157,0.0033981036154608,0.3684210526315789,0.0,0.0,0.0485582699239086,0.3637176050044682,0.0976956313010081,1.841628959276018,0.0,7.104312809743268,0.0094473038181214,0.0079974744817426,-12.50179083094556,-1627000000.0,6220000000.0,-7972000000.0,12763000000.0,438000000.0,1273000000.0,452500000.0,9.87277964474316,34.3146463164074,11.570296448488408,9.11597374179431,2.6227867590454195,7.7785388127853885,0.0211404728789986,0.5830945558739254,2014-04-24,0.16,bmo,3704000000.0,2025-04-25,2014-03-31,0.1249999999999999,21.87655737704918,8170218.114754098
2013-12-31,LUV,USD,92380,2014-02-04,2014-02-03 20:12:25,2013,Q4,4428000000.0,3451000000.0,977000000.0,0.2206413731,0,0.0,208000000.0,208000000.0,-27000000.0,572000000.0,4023000000.0,1000000.0,26000000.0,223000000.0,602000000.0,0.1359530262,386000000.0,0.0871725384,-52000000.0,334000000.0,0.0754290876,122000000.0,212000000.0,0.0478771454,0.3,0.3,699000000,707000000,https://www.sec.gov/Archives/edgar/data/92380/000009238014000010/0000092380-14-000010-index.htm,https://www.sec.gov/Archives/edgar/data/92380/000009238014000010/luv-12312013x10k.htm,6.334763948497854,0.3032904148783977,0.4320457796852646,-0.2131616595135908,4.509298998569385,10.494992846924177,9.107296137339056,10.494992846924177,4.071530758226038,13169160000.0,14634160000.0,15.529669811320757,2.9740650406504066,43.60649006622517,-88.38362416107383,1.7951417666303162,1.7951417666303162,3.3049141824751582,24.30923588039867,48.45748344370861,-98.2158389261745,0.0160982173502334,-0.011314313137664,0.3844056706652126,0.1457741018350995,2.4335548172757475,0.7850599013389711,14.846153846153848,1.4245283018867925,0.0021231422505307,0.1318867924528302,0.0,0.0,0.0501421555957611,1.4933774834437086,0.1018518518518518,2.022421524663677,0.0040650406504065,8.462753188561782,0.0171356824747483,0.0115374149659863,-11.88733905579399,-1220000000.0,6366000000.0,-7553000000.0,13139000000.0,441000000.0,1190500000.0,494000000.0,8.516260162601625,32.52100840336134,12.179078527962908,10.56801909307876,2.7674418604651163,7.389721627408994,0.0288985823336968,0.6452074391988555,2014-01-23,0.29,bmo,3891272727.0,2025-04-25,2013-12-31,0.1379310344827587,17.4403125,6645283.375
2013-09-30,LUV,USD,92380,2013-10-30,2013-10-30 11:41:45,2013,Q3,4545000000.0,3595000000.0,950000000.0,0.2090209021,0,0.0,0.0,0.0,59000000.0,532000000.0,4127000000.0,1000000.0,31000000.0,221000000.0,671000000.0,0.1476347635,390000000.0,0.0858085809,29000000.0,419000000.0,0.0921892189,160000000.0,259000000.0,0.0569856986,0.37,0.36,703000000,711000000,https://www.sec.gov/Archives/edgar/data/92380/000009238013000111/0000092380-13-000111-index.htm,https://www.sec.gov/Archives/edgar/data/92380/000009238013000111/luv-9302013x10q.htm,6.465149359886202,0.3684210526315789,0.6088193456614509,0.2275960170697012,4.733997155049787,9.975817923186344,8.596017069701281,9.975817923186344,4.13371266002845,10235680000.0,11777680000.0,9.88,2.252074807480748,23.915140186915888,63.973,1.459529445315842,1.459529445315842,2.5913487348734874,17.55242921013413,27.517943925233645,73.6105,0.0253036437246963,0.015631594578963,0.4099529445315842,0.1484713902086346,2.2980625931445604,0.8606202668589975,12.580645161290322,1.6525096525096523,0.0027355290513185,0.1081081081081081,0.0,0.0,0.0500929560008262,0.6261682242990654,0.0589658965896589,1.2126696832579185,0.0,9.093639543809118,0.0171253808112659,0.0140806784821137,-11.970483641536273,-773000000.0,6043000000.0,-7578000000.0,13400000000.0,488500000.0,1183000000.0,491000000.0,9.168316831683168,28.3894297635605,13.043115438108485,9.816414686825054,3.170194003527337,6.900191938579654,0.0369314130899757,0.3812233285917496,2013-10-24,0.34,bmo,4545000000.0,2025-04-25,2013-09-30,0.0,13.60765625,5675835.28125
2013-06-30,LUV,USD,92380,2013-07-31,2013-07-31 13:14:46,2013,Q2,4643000000.0,3665000000.0,978000000.0,0.2106396726,0,0.0,0.0,0.0,-47000000.0,519000000.0,4184000000.0,2000000.0,25000000.0,213000000.0,601000000.0,0.129442171,433000000.0,0.093258669,-70000000.0,363000000.0,0.0781822098,139000000.0,224000000.0,0.0482446694,0.31,0.31,714000000,722000000,https://www.sec.gov/Archives/edgar/data/92380/000009238013000097/0000092380-13-000097-index.htm,https://www.sec.gov/Archives/edgar/data/92380/000009238013000097/luv-6302013x10q.htm,6.502801120448179,0.3137254901960784,1.0896358543417366,0.819327731092437,4.7521008403361344,9.49719887955182,8.138655462184873,9.49719887955182,4.144257703081233,9360540000.0,10805540000.0,10.44703125,2.016054275253069,12.031542416452442,16.000923076923076,1.3804070196136262,1.3804070196136262,2.327275468447125,17.97926788685524,13.888868894601542,18.471008547008548,0.0239302433406619,0.0624963944387823,0.4326795457897065,0.1513775668145702,2.40432612312812,0.84166810866932,17.32,3.4732142857142856,0.0029912804175827,0.125,0.0,0.0,0.0500464348364461,0.2480719794344473,0.0415679517553306,0.9061032863849764,0.0,8.187737838651373,0.0192698393398601,0.0121659787095372,-12.033613445378151,-915000000.0,5811000000.0,-7737000000.0,13219000000.0,471500000.0,1241000000.0,470500000.0,9.96338574197717,30.2537517053206,11.320600272851296,9.03307392996109,2.9748376623376624,7.950108459869848,0.033033475888512,0.2703081232492997,2013-07-25,0.38,bmo,4642000000.0,2025-04-25,2013-06-30,0.0,13.62796875,7564188.640625
2013-03-31,LUV,USD,92380,2013-05-02,2013-05-02 15:38:31,2013,Q1,4084000000.0,3500000000.0,584000000.0,0.1429970617,0,0.0,0.0,0.0,46000000.0,501000000.0,4001000000.0,2000000.0,24000000.0,210000000.0,328000000.0,0.0803134182,70000000.0,0.0171400588,24000000.0,94000000.0,0.0230166503,35000000.0,59000000.0,0.014446621,0.0814,0.0812,725000000,727000000,https://www.sec.gov/Archives/edgar/data/92380/000009238013000020/0000092380-13-000020-index.htm,https://www.sec.gov/Archives/edgar/data/92380/000009238013000020/luv-3312013x10q.htm,5.633103448275862,0.0813793103448275,1.3558620689655172,0.6193103448275862,4.324137931034483,9.601379310344829,8.26344827586207,9.601379310344829,4.15448275862069,9591750000.0,11241750000.0,40.64300847457628,2.348616552399608,9.75762970498474,21.362472160356347,1.3779270219796007,1.3779270219796007,2.75263222331048,34.27362804878049,11.43616480162767,25.03730512249443,0.006151119451612,0.0468110615893867,0.4292486711679356,0.1556493202062822,5.030487804878049,0.8342265754943633,2.9166666666666665,16.661016949152543,0.0015638439283759,0.2542372881355932,0.0,0.0,0.0505287284471532,0.54323499491353,0.1307541625857003,2.5428571428571427,0.0,4.192905508032176,0.0031235724593179,0.0032369561639326,-11.778275862068966,-897000000.0,5991000000.0,-7722000000.0,13203000000.0,380500000.0,1178500000.0,474500000.0,9.453966699314398,32.142857142857146,12.342857142857143,9.51981351981352,2.8,7.291666666666667,0.0084757937078006,0.736551724137931,2013-04-25,0.02055,bmo,1166857142.0,2025-04-25,2013-03-31,2.406326034063261,11.722166666666668,7604327.116666666
2012-12-31,LUV,USD,92380,2013-02-07,2013-02-06 19:28:58,2012,Q4,4173000000.0,3533000000.0,640000000.0,0.1533668823,0,5054000000.0,223000000.0,-5054000000.0,62000000.0,535000000.0,4068000000.0,2000000.0,30000000.0,224000000.0,379000000.0,0.0908219506,91000000.0,0.0218068536,34000000.0,125000000.0,0.0299544692,47000000.0,78000000.0,0.0186915888,0.11,0.11,735000000,736000000,https://www.sec.gov/Archives/edgar/data/92380/000119312513041608/0001193125-13-041608-index.htm,https://www.sec.gov/Archives/edgar/data/92380/000119312513041608/d480533d10k.htm,5.677551020408163,0.1061224489795918,0.3156462585034013,-0.2272108843537415,4.040816326530612,9.477551020408164,8.157823129251701,9.477551020408164,4.331972789115646,7526400000.0,9567400000.0,24.12307692307693,1.8035945363048167,32.44137931034483,-45.06826347305389,1.0804478897502152,1.0804478897502152,2.29269110951354,25.24379947229551,41.23879310344827,-57.28982035928144,0.0103635204081632,-0.02218856292517,0.4527706000574217,0.1696884919567439,5.385224274406332,0.9070967741935484,3.033333333333333,2.9743589743589745,0.0009765625,0.0942307692307692,1.2111190989695662,0.0,0.0521870124280411,1.7198275862068966,0.0956146657081236,1.78125,0.0038341720584711,4.757107398811986,0.0039966216216216,0.0044275415791564,-11.112244897959185,-432000000.0,5996000000.0,-7403000000.0,13304000000.0,381000000.0,1123500000.0,506500000.0,7.160316319194824,28.1998301726578,11.947353523917352,12.569277108433734,3.191508581752484,7.533049040511727,0.0111972437553832,0.5428571428571428,2013-01-24,0.08,bmo,3709333333.0,2025-04-25,2012-12-31,0.1249999999999999,9.372741935483871,6540799.580645162
2012-09-30,LUV,USD,92380,2012-10-26,2012-10-26 12:40:32,2012,Q3,4309000000.0,2198000000.0,2111000000.0,0.4899048503,0,1189000000.0,0.0,1189000000.0,217000000.0,1915000000.0,4113000000.0,2000000.0,30000000.0,217000000.0,280000000.0,0.0649802738,51000000.0,0.0118356927,-18000000.0,33000000.0,0.0076583894,17000000.0,16000000.0,0.0037131585,0.0217,0.0216,739000000,740000000,https://www.sec.gov/Archives/edgar/data/92380/000009238012000103/0000092380-12-000103-index.htm,https://www.sec.gov/Archives/edgar/data/92380/000009238012000103/form10q.htm,5.83085250338295,0.0216508795669824,0.6265223274695535,0.0771312584573748,4.377537212449256,9.474966170500675,8.162381596752368,9.474966170500675,4.40595399188092,6547540000.0,8605540000.0,102.3053125,1.5195033650498957,14.141555075593953,114.86912280701756,0.9350956869465866,0.9350956869465866,1.9971083778138776,30.73407142857143,18.58647948164147,150.97438596491227,0.0024436658653479,0.0087055596453019,0.4607255069980006,0.1714771700419922,7.35,0.9362044676997384,1.7,28.9375,0.0012218329326739,0.5,0.2759340914365282,0.0,0.0515600914261415,0.8768898488120951,0.0942213970758876,1.870967741935484,0.0,2.148413462958588,0.00175258861204,0.000896710194474,-10.80040595399188,-317000000.0,6032000000.0,-7159000000.0,13225000000.0,466000000.0,1146500000.0,495000000.0,8.981202135066141,46.678798908098265,22.27479526842584,10.02093023255814,1.9280701754385965,4.040441176470588,0.0022850614110254,0.5493910690121786,2012-10-18,0.12,bmo,3977538461.0,2025-04-25,2012-09-30,0.0833333333333334,9.092539682539684,7904339.317460317
2012-06-30,LUV,USD,92380,2012-07-27,2012-07-26 18:32:34,2012,Q2,4616000000.0,2218000000.0,2398000000.0,0.5194974003,0,1222000000.0,0.0,1222000000.0,202000000.0,1927000000.0,4145000000.0,2000000.0,32000000.0,202000000.0,675000000.0,0.1462305026,460000000.0,0.0996533795,-92000000.0,368000000.0,0.0797227036,140000000.0,228000000.0,0.0493934142,0.3,0.3,757000000,764000000,https://www.sec.gov/Archives/edgar/data/92380/000009238012000089/0000092380-12-000089-index.htm,https://www.sec.gov/Archives/edgar/data/92380/000009238012000089/form10q.htm,6.09775429326288,0.3011889035667107,0.1915455746367239,-0.3579920739762219,4.301188903566711,9.035667107001322,7.754293262879789,9.035667107001322,4.3698811096433285,6979540000.000001,9172540000.0,7.6530043859649135,1.5120320623916814,48.13475862068966,-25.75476014760148,1.0204005847953217,1.0204005847953217,1.9871187175043328,13.588948148148148,63.258896551724135,-33.8470110701107,0.0326669092805543,-0.0388277737501325,0.4789473684210526,0.1769280622164614,3.2488888888888887,0.9234251968503936,14.375,0.6359649122807017,0.0010029314252801,0.0307017543859649,0.2647313691507799,0.0,0.0523871246489522,2.8689655172413797,0.0901213171577123,2.0594059405940595,0.0,7.82511725480259,0.0208135543708464,0.0129944146814088,-10.330911492734478,-389000000.0,5870000000.0,-6985000000.0,12923000000.0,434500000.0,1180500000.0,439000000.0,9.787694974003466,46.785392245266,18.097385031559963,9.195219123505977,1.9236773633998263,4.973094170403588,0.0333333333333333,0.5495376486129459,2012-07-19,0.32,bmo,4103111111.0,2025-04-25,2012-06-30,0.1249999999999999,8.494285714285715,9820132.634920634
2012-03-31,LUV,USD,92380,2012-04-25,2012-04-25 16:46:47,2012,Q1,3991000000.0,2124000000.0,1867000000.0,0.4678025558,0,1141000000.0,0.0,1141000000.0,201000000.0,1832000000.0,3956000000.0,2000000.0,35000000.0,201000000.0,395000000.0,0.0989726885,22000000.0,0.0055124029,137000000.0,159000000.0,0.0398396392,61000000.0,98000000.0,0.0245552493,0.13,0.13,771000000,772000000,https://www.sec.gov/Archives/edgar/data/92380/000009238012000016/0000092380-12-000016-index.htm,https://www.sec.gov/Archives/edgar/data/92380/000009238012000016/form10q.htm,5.176394293125811,0.1271076523994811,1.5888456549935148,1.424124513618677,4.907911802853437,9.204928664072632,7.946822308690013,9.204928664072632,4.334630350194552,6353040000.0,8102040000.0,16.206734693877554,1.5918416436983212,5.186155102040817,5.7860109289617485,0.8951726081442865,0.8951726081442865,2.0300776747682283,20.511493670886075,6.613910204081632,7.378907103825137,0.0154256859708108,0.1728306448566355,0.4659715372692687,0.1756613194518219,4.427848101265822,1.0144640380424017,0.6285714285714286,12.5,0.0011018347122007,0.0714285714285714,0.2858932598346279,0.0,0.0515244874110273,0.1036734693877551,0.0318215985968428,0.6318407960199005,0.0,5.130826409301596,0.0009659316446554,0.0054883512544802,-9.66763942931258,73000000.0,6127000000.0,-6609000000.0,13138000000.0,333000000.0,1132500000.0,416500000.0,8.276121272863943,51.1864406779661,18.305084745762716,10.874659400544958,1.7582781456953642,4.916666666666667,0.0138086515429054,0.1647211413748378,2012-04-19,-0.05,bmo,9975000000.0,2025-04-25,2012-03-31,-0.6,8.940967741935484,6488318.274193549
2011-12-31,LUV,USD,92380,2012-02-09,2012-02-09 17:23:28,2011,Q4,4108000000.0,2080000000.0,2028000000.0,0.4936708861,0,1145000000.0,0.0,1145000000.0,699000000.0,1844000000.0,3924000000.0,2000000.0,47000000.0,192000000.0,494000000.0,0.1202531646,147000000.0,0.0357838364,109000000.0,255000000.0,0.0620740019,103000000.0,152000000.0,0.0370009737,0.2,0.2,771000000,771000000,https://www.sec.gov/Archives/edgar/data/92380/000119312512049647/0001193125-12-049647-index.htm,https://www.sec.gov/Archives/edgar/data/92380/000119312512049647/d293991d10k.htm,5.328145265888456,0.1971465629053177,0.5188067444876784,-0.0259403372243839,4.077821011673152,8.91958495460441,7.66147859922179,8.91958495460441,4.926070038910506,6599760000.0,9521760000.0,10.854868421052632,1.6065628042843232,16.499399999999998,-329.988,0.9596859095535843,0.9596859095535843,2.3178578383641675,19.274817813765186,23.8044,-476.088,0.0230311405263221,-0.0030304132271476,0.5454413261596627,0.2076046048262121,5.91497975708502,0.9585263622325172,3.127659574468085,2.631578947368421,0.0005257009345794,0.0228256578947368,0.2787244401168451,0.0,0.0536860748284259,1.05,0.1022395326192794,2.1875,0.0,6.290109229393437,0.0061798102413262,0.0088899286466253,-9.886186770428017,-188000000.0,5907000000.0,-6846000000.0,12909000000.0,334000000.0,1070000000.0,430000000.0,6.5506329113924044,45.73557692307692,17.350961538461537,13.73913043478261,1.967833491012299,5.187032418952619,0.0221026610440599,0.5447470817120622,2012-01-19,0.08,bmo,3651555555.0,2025-04-25,2011-12-31,0.1249999999999999,8.305873015873015,8487894.793650793
2011-09-30,LUV,USD,92380,2011-10-25,2011-10-24 20:00:18,2011,Q3,4311000000.0,2205000000.0,2106000000.0,0.4885177453,0,1146000000.0,0.0,1146000000.0,713000000.0,1859000000.0,4064000000.0,1000000.0,47000000.0,191000000.0,15000000.0,0.0034794711,225000000.0,0.0521920668,-451000000.0,-226000000.0,-0.0524240315,-86000000.0,-140000000.0,-0.0324750638,-0.18,-0.18,792000000,792000000,https://www.sec.gov/Archives/edgar/data/92380/000009238011000088/0000092380-11-000088-index.htm,https://www.sec.gov/Archives/edgar/data/92380/000009238011000088/form10q.htm,5.443181818181818,-0.1767676767676767,-0.273989898989899,-0.6224747474747475,4.616161616161616,8.188131313131313,6.963383838383838,8.188131313131313,5.369949494949495,6367679999.999999,9557680000.0,-11.370857142857142,1.4770772442588724,-29.344147465437786,-12.916186612576062,0.9819090208172704,0.9819090208172704,2.2170447691950823,637.1786666666667,-44.04460829493088,-19.386774847870186,-0.021986029448716,-0.0774222322729785,0.6485736314572089,0.2351691361476097,212.66666666666663,0.8635338345864662,4.787234042553192,1.55,0.0006281722699633,-0.0285714285714285,0.2658315935977731,0.0,0.0542353927872518,-1.271889400921659,0.0640222686151704,1.4450261780104712,0.0,,0.0102856269628404,-0.0082766775051729,-9.138573232323232,-726000000.0,5515000000.0,-6806000000.0,12078000000.0,379000000.0,1066000000.0,426500000.0,7.703549060542797,44.204081632653065,18.73469387755102,11.682926829268292,2.03601108033241,4.803921568627451,-0.0215882806476484,0.3484848484848485,2011-10-20,0.13,bmo,3736200000.0,2025-04-25,2011-09-30,0.1538461538461537,9.14359375,11026937.125
2011-06-30,LUV,USD,92380,2011-08-05,2011-08-05 16:59:57,2011,Q2,4136000000.0,2099000000.0,2037000000.0,0.4925048356,0,1125000000.0,0.0,1125000000.0,176000000.0,1772000000.0,3871000000.0,4000000.0,49000000.0,177000000.0,500000000.0,0.1208897485,207000000.0,0.0500483559,68000000.0,275000000.0,0.0664893617,114000000.0,161000000.0,0.038926499,0.21,0.2,780000000,787000000,https://www.sec.gov/Archives/edgar/data/92380/000009238011000070/0000092380-11-000070-index.htm,https://www.sec.gov/Archives/edgar/data/92380/000009238011000070/form10q.htm,5.302564102564102,0.2064102564102564,0.3038461538461538,-0.0166666666666666,5.607692307692307,9.233333333333333,7.988461538461539,9.233333333333333,5.4884615384615385,8907600000.0,11544600000.0,13.831677018633542,2.1536750483558995,37.58481012658228,-685.2,1.2368231046931408,1.2368231046931408,2.791247582205029,23.0892,48.71139240506329,-888.0461538461539,0.0180744532758543,-0.0014594279042615,0.5876145515134685,0.2233834784903668,5.274,1.019368183527642,4.224489795918367,1.4720496894409938,0.0003367910548295,0.0186335403726708,0.2720019342359768,0.0,0.0512536289258379,1.0548523206751057,0.0604448742746615,1.4124293785310735,0.0,6.548414370611466,0.0082909687972286,0.0089573828863914,-8.820833333333333,103000000.0,6231000000.0,-6322000000.0,12795000000.0,335500000.0,982500000.0,357000000.0,8.464700193423598,44.97856121962839,16.893758932825154,10.632390745501285,2.0009532888465205,5.3274111675126905,0.0223549014162732,0.3205128205128205,2011-08-04,0.2,bmo,5514666666.0,2025-04-25,2011-06-30,-0.25,11.659841269841271,9556256.42857143
2011-03-31,LUV,USD,92380,2011-04-25,2011-04-22 19:38:51,2011,Q1,3103000000.0,1484000000.0,1619000000.0,0.5217531421,0,954000000.0,0.0,954000000.0,155000000.0,1505000000.0,2989000000.0,3000000.0,40000000.0,155000000.0,213000000.0,0.0686432485,114000000.0,0.03673864,-96000000.0,18000000.0,0.0058008379,13000000.0,5000000.0,0.0016113439,0.0067,0.0067,748000000,749000000,https://www.sec.gov/Archives/edgar/data/92380/000009238011000020/0000092380-11-000020-index.htm,https://www.sec.gov/Archives/edgar/data/92380/000009238011000020/form10q.htm,4.148395721925134,0.0066844919786096,1.2901069518716577,1.213903743315508,5.969251336898396,8.806149732620321,8.806149732620321,8.806149732620321,4.509358288770054,9447240000.0,10741240000.0,472.362,3.0445504350628423,9.789886010362697,10.404449339207048,1.4342249886139369,1.4342249886139369,3.461566226232678,50.42835680751174,11.13081865284974,11.82955947136564,0.0005292551051947,0.0961127271033656,0.5059966600880522,0.2030583648105276,6.075117370892019,1.2228086278109225,2.85,193.0,0.0007409571472726,1.4,0.3074444086368031,0.0,0.0,0.0590673575129533,0.0183693200128907,0.3677419354838709,0.0,1.1508493985435524,0.0024432271172491,0.0003046180090166,-6.671791443850268,971000000.0,6587000000.0,-4498000000.0,11467000000.0,238500000.0,827500000.0,281500000.0,8.179181437318725,55.55256064690028,19.40700808625337,11.00354609929078,1.6200873362445414,4.6375,0.0007590708972218,0.0762032085561497,2011-04-21,0.03214,bmo,3103000000.0,2025-04-25,2011-03-31,-0.0665836963285626,12.400483870967742,7981844.096774193
2010-12-31,LUV,USD,92380,2011-02-08,2011-02-07 19:13:03,2010,Q4,3114000000.0,2862000000.0,252000000.0,0.0809248555,0,956000000.0,0.0,956000000.0,562000000.0,1518000000.0,4380000000.0,3000000.0,38000000.0,159000000.0,410000000.0,0.1316634554,216000000.0,0.0693641618,-3000000.0,213000000.0,0.0684007707,82000000.0,131000000.0,0.0420680796,0.18,0.18,748000000,748000000,https://www.sec.gov/Archives/edgar/data/92380/000119312511026045/0001193125-11-026045-index.htm,https://www.sec.gov/Archives/edgar/data/92380/000119312511026045/d10k.htm,4.163101604278075,0.1751336898395722,0.3596256684491978,0.232620320855615,4.729946524064171,8.338235294117647,8.338235294117647,8.338235294117647,4.56951871657754,9709040000.0,11828040000.0,18.528702290076332,3.117867694283879,36.09308550185874,55.79908045977012,1.55668430335097,1.55668430335097,3.7983429672447016,28.848878048780488,43.970408921933085,67.97724137931034,0.0134925801109069,0.0179214422847161,0.5419272085938752,0.2185863027872987,5.168292682926829,1.2947049924357037,5.684210526315789,2.053435114503817,0.0003466872110939,0.0256946564885496,0.3070006422607578,0.0,0.0,0.3531598513011152,0.0305073859987154,0.5974842767295597,-0.0009633911368015,5.732092380685339,0.0104908055296955,0.0084718359956024,-7.246323529411764,974000000.0,6237000000.0,-4947000000.0,11552000000.0,242000000.0,723000000.0,237000000.0,5.635838150289017,23.238993710691823,7.641509433962264,15.96923076923077,3.872801082543978,11.77777777777778,0.0210036876703543,0.1270053475935829,2011-01-20,0.15,bmo,3114000000.0,2025-04-25,2010-12-31,0.0,13.28390625,5320520.078125
2010-09-30,LUV,USD,92380,2010-10-22,2010-10-22 16:43:00,2010,Q3,3192000000.0,869000000.0,2323000000.0,0.7277568922,0,938000000.0,0.0,938000000.0,524000000.0,1462000000.0,2331000000.0,2000000.0,38000000.0,161000000.0,531000000.0,0.1663533835,355000000.0,0.1112155388,-23000000.0,332000000.0,0.1040100251,127000000.0,205000000.0,0.0642230576,0.27,0.27,746000000,747000000,https://www.sec.gov/Archives/edgar/data/92380/000009238010000099/0000092380-10-000099-index.htm,https://www.sec.gov/Archives/edgar/data/92380/000009238010000099/form10q.htm,4.278820375335121,0.274798927613941,0.5160857908847185,0.3820375335120643,4.529490616621984,7.975871313672922,7.975871313672922,7.975871313672922,4.693029490616622,9750220000.0,12182220000.0,11.89051219512195,3.054580200501253,25.325246753246752,34.21129824561403,1.63869243697479,1.63869243697479,3.816484962406015,22.942033898305084,31.64212987012987,42.74463157894737,0.0210251666116251,0.0292301096795764,0.5820168067226891,0.2286865218252658,4.580037664783427,1.2682773768434263,9.342105263157896,1.8780487804878048,0.0003076853650481,0.0146341463414634,0.293859649122807,0.0,0.0,0.2597402597402597,0.031328320802005,0.6211180124223602,0.0,7.022436890791014,0.0181623835635856,0.0135376081357723,-7.34819034852547,855000000.0,5950000000.0,-5151000000.0,11421000000.0,283000000.0,747000000.0,228500000.0,8.148496240601505,73.22209436133487,23.924050632911392,11.044982698961938,1.229137199434229,3.761904761904762,0.034453781512605,0.1340482573726541,2010-10-21,0.25,bmo,3069230769.0,2025-04-25,2010-09-30,0.04,11.71375,6510427.328125
2010-06-30,LUV,USD,92380,2010-08-02,2010-07-30 18:20:42,2010,Q2,3168000000.0,876000000.0,2292000000.0,0.7234848485,0,946000000.0,0.0,946000000.0,481000000.0,1427000000.0,2303000000.0,9000000.0,42000000.0,154000000.0,375000000.0,0.1183712121,363000000.0,0.1145833333,-179000000.0,184000000.0,0.0580808081,72000000.0,112000000.0,0.0353535354,0.15,0.15,745000000,746000000,https://www.sec.gov/Archives/edgar/data/92380/000009238010000079/0000092380-10-000079-index.htm,https://www.sec.gov/Archives/edgar/data/92380/000009238010000079/form10q.htm,4.252348993288591,0.1503355704697986,0.7248322147651006,0.5114093959731544,4.193288590604027,7.446979865771812,7.446979865771812,7.446979865771812,4.683221476510068,8276950000.0,10734950000.0,18.47533482142857,2.612673611111111,15.327685185185183,21.72427821522309,1.4918799567411678,1.4918799567411678,3.3885574494949493,28.62653333333333,19.87953703703704,28.175721784776904,0.0135315544977316,0.0460314487824621,0.6213049747656814,0.2299993327550543,6.554666666666667,1.1896345116836429,8.642857142857142,4.821428571428571,0.0003624523526178,0.0267857142857142,0.2986111111111111,0.0,0.0,0.2944444444444444,0.0501893939393939,1.0324675324675323,0.0,5.018942542404024,0.0187696671541904,0.0074731433909388,-8.045973154362416,633000000.0,5548000000.0,-5468000000.0,11260000000.0,256000000.0,738500000.0,226500000.0,7.869318181818182,80.85616438356163,23.21917808219177,11.436823104693142,1.1130876747141043,3.8761061946902657,0.0201874549387166,0.2134228187919463,2010-07-29,0.27,bmo,2949517241.0,2025-04-25,2010-06-30,0.0740740740740739,12.64968253968254,9623563.126984129
2010-03-31,LUV,USD,92380,2010-04-26,2010-04-23 21:10:28,2010,Q1,2630000000.0,750000000.0,1880000000.0,0.7148288973,0,864000000.0,0.0,864000000.0,488000000.0,1352000000.0,2102000000.0,3000000.0,36000000.0,154000000.0,211000000.0,0.0802281369,54000000.0,0.0205323194,-37000000.0,17000000.0,0.0064638783,6000000.0,11000000.0,0.0041825095,0.0148,0.0148,743000000,744000000,https://www.sec.gov/Archives/edgar/data/92380/000009238010000032/0000092380-10-000032-index.htm,https://www.sec.gov/Archives/edgar/data/92380/000009238010000032/form10q.htm,3.5397039030955586,0.0148048452220726,0.5020188425302826,0.3149394347240915,3.732166890982503,7.4522207267833105,7.4522207267833105,7.4522207267833105,4.7254374158815615,9822460000.0,12187460000.0,223.23772727272728,3.73477566539924,26.333672922252013,41.97632478632479,1.773967852627777,1.773967852627777,4.634015209125475,57.76047393364929,32.67415549597855,52.0831623931624,0.0011198823919873,0.0238229527022762,0.6275961712118475,0.2391603578802477,11.208530805687204,1.2413438464175524,1.5,33.90909090909091,0.0007126524312646,0.6363636363636364,0.3285171102661597,0.0,0.0,0.3726541554959786,0.0528517110266159,0.9025974025974026,0.0019011406844106,1.575564002021768,0.0029653888203843,0.0007570543702684,-7.981493943472409,704000000.0,5537000000.0,-5372000000.0,11325000000.0,202000000.0,718000000.0,224000000.0,8.041825095057034,82.8,27.24,11.191489361702128,1.0869565217391304,3.303964757709251,0.0019866353621094,0.1870794078061911,2010-04-22,0.02636,bmo,2630000000.0,2025-04-25,2010-03-31,0.1380880121396053,12.15377049180328,9923952.55737705
2009-12-31,LUV,USD,92380,2010-01-29,2010-01-29 17:14:04,2009,Q4,2712000000.0,729000000.0,1983000000.0,0.7311946903,0,861000000.0,0.0,861000000.0,501000000.0,1362000000.0,2091000000.0,2000000.0,41000000.0,154000000.0,379000000.0,0.1397492625,167000000.0,0.0615781711,17000000.0,184000000.0,0.0678466077,69000000.0,115000000.0,0.0424041298,0.15,0.15,741000000,743000000,https://www.sec.gov/Archives/edgar/data/92380/000119312510017191/0001193125-10-017191-index.htm,https://www.sec.gov/Archives/edgar/data/92380/000119312510017191/d10k.htm,3.659919028340081,0.1551956815114709,0.6639676113360324,0.5101214574898786,3.499325236167341,7.376518218623482,7.376518218623482,7.376518218623482,4.798920377867747,8469630000.0,10870630000.0,18.412239130434784,3.1230199115044246,17.214695121951216,22.40642857142857,1.5495115257958287,1.5495115257958287,4.008344395280236,28.68240105540897,22.094776422764227,28.758280423280425,0.0135779248916422,0.0446300487742675,0.6430662275887303,0.2463382157123834,6.33509234828496,1.2548579970104634,4.073170731707317,4.278260869565218,0.0003937007874015,0.028995652173913,0.3174778761061947,0.0,0.0,0.2317073170731707,0.0420353982300885,0.7402597402597403,0.0033185840707964,5.075242346206109,0.0088581006534838,0.008059429532553,-8.060391363022942,682000000.0,5466000000.0,-5445000000.0,11316000000.0,197000000.0,720000000.0,208500000.0,5.608407079646018,92.09876543209876,27.28395061728395,16.047337278106507,0.9772117962466488,3.2986425339366514,0.0210391511159897,0.1538461538461538,2010-01-21,0.07,bmo,1897699999.0,2025-04-25,2009-12-31,0.4285714285714285,9.6259375,9382722.734375
2009-09-30,LUV,USD,92380,2009-10-23,2009-10-22 18:49:52,2009,Q3,2666000000.0,771000000.0,1895000000.0,0.7108027007,0,909000000.0,0.0,909000000.0,486000000.0,1395000000.0,2166000000.0,3000000.0,43000000.0,162000000.0,185000000.0,0.0693923481,22000000.0,0.008252063,-42000000.0,-20000000.0,-0.0075018755,-4000000.0,-16000000.0,-0.0060015004,-0.0216,-0.0216,742000000,742000000,https://www.sec.gov/Archives/edgar/data/92380/000009238009000048/0000092380-09-000048-index.htm,https://www.sec.gov/Archives/edgar/data/92380/000009238009000048/form10q.htm,3.592991913746631,-0.0215633423180593,0.0970350404312668,-0.1698113207547169,3.037735849056604,7.03099730458221,7.03099730458221,7.03099730458221,4.877358490566038,7123200000.0,9797200000.0,-111.29999999999998,2.671867966991748,98.93333333333334,-56.53333333333333,1.365382403680276,1.365382403680276,3.674868717179294,52.95783783783784,136.07222222222222,-77.75555555555556,-0.0022461814914645,-0.017688679245283,0.6854514088556641,0.2536170212765957,14.454054054054057,1.0340608465608463,0.5116279069767442,-4.5,0.0004211590296495,-0.1875,0.340960240060015,0.0,0.0,2.75,0.0742685671417854,1.2222222222222223,0.00112528132033,,0.0015611140677665,-0.0011347517730496,-8.574460916442048,103000000.0,5217000000.0,-5756000000.0,10801000000.0,231000000.0,713000000.0,198000000.0,7.595648912228056,81.01167315175098,22.87937743190661,11.848888888888888,1.1109510086455332,3.933673469387755,-0.0030668966839179,0.2668463611859838,2009-10-15,0.02091,bmo,1777333333.0,2025-04-25,2009-09-30,0.4347202295552366,8.32921875,9157597.34375
2009-06-30,LUV,USD,92380,2009-07-23,2009-07-23 13:53:24,2009,Q2,2616000000.0,690000000.0,1926000000.0,0.7362385321,0,863000000.0,0.0,863000000.0,488000000.0,1351000000.0,2041000000.0,3000000.0,42000000.0,150000000.0,304000000.0,0.1162079511,123000000.0,0.0470183486,-16000000.0,50000000.0,0.0191131498,-4000000.0,54000000.0,0.0206422018,0.0729,0.0729,741000000,741000000,https://www.sec.gov/Archives/edgar/data/92380/000009238009000027/0000092380-09-000027-index.htm,https://www.sec.gov/Archives/edgar/data/92380/000009238009000027/form10q.htm,3.530364372469636,0.0728744939271255,0.1821862348178137,-0.0701754385964912,2.9662618083670718,6.944669365721997,6.944669365721997,6.944669365721997,4.622132253711201,4986930000.0,7423930000.0,23.087638888888893,1.9063188073394497,36.94022222222223,-95.9025,0.9690886125145746,0.9690886125145746,2.8378937308868504,24.420822368421053,54.99207407407408,-142.76788461538462,0.010828305189766,-0.0104272568494043,0.6574038087835212,0.2411777286661438,8.016447368421053,1.0068337129840548,2.9285714285714284,2.5,0.0006015725105425,0.0555555555555555,0.3298929663608562,0.0,0.0,1.385185185185185,0.0714831804281345,1.2466666666666666,0.0011467889908256,3.3744641758595613,0.012011935979745,0.0038497184002281,-8.644062078272604,21000000.0,5146000000.0,-5787000000.0,10682000000.0,234000000.0,712500000.0,185500000.0,8.153669724770642,95.47826086956522,26.08695652173913,11.037974683544304,0.9426229508196722,3.45,0.0104935872522347,0.252361673414305,2009-07-21,0.07,bmo,2289000000.0,2025-04-25,2009-06-30,0.1428571428571427,6.943333333333333,9149416.095238095
2009-03-31,LUV,USD,92380,2009-04-20,2009-04-17 19:29:53,2009,Q1,2357000000.0,671000000.0,1686000000.0,0.7153160798,0,836000000.0,0.0,836000000.0,478000000.0,1314000000.0,1985000000.0,10000000.0,44000000.0,150000000.0,87000000.0,0.036911328,-50000000.0,-0.0212134069,-57000000.0,-107000000.0,-0.0453966907,-16000000.0,-91000000.0,-0.0386084005,-0.12,-0.12,740000000,740000000,https://www.sec.gov/Archives/edgar/data/92380/000009238009000016/0000092380-09-000016-index.htm,https://www.sec.gov/Archives/edgar/data/92380/000009238009000016/form10q.htm,3.185135135135136,-0.1229729729729729,0.3864864864864865,0.2716216216216216,2.883783783783784,6.65945945945946,6.65945945945946,6.65945945945946,4.937837837837838,4684200000.0,7149200000.0,-12.868681318681318,1.9873568095036065,16.37832167832168,23.3044776119403,0.9505275974025974,0.9505275974025974,3.033177768349597,82.17471264367816,24.9972027972028,35.5681592039801,-0.0194270099483369,0.042910208786986,0.7325487012987013,0.2546018760138233,28.33333333333333,0.9593339737431956,-1.1363636363636365,-3.142857142857143,0.0014943853806413,-0.0769230769230769,0.3546881629189647,0.0,0.0,0.2972027972027972,0.0360627916843445,0.5666666666666667,0.0012728044123886,,-0.003790299000444,-0.0064179420269412,-9.267905405405406,-127000000.0,4928000000.0,-6255000000.0,10686000000.0,220000000.0,680500000.0,187000000.0,8.820534577853204,92.95081967213116,22.93591654247392,10.203463203463205,0.9682539682539684,3.923976608187135,-0.018465909090909,0.1148648648648648,2009-04-16,-0.009,bmo,785666666.0,2025-04-25,2009-03-31,2.333333333333333,6.893934426229508,12525112.819672132
2008-12-31,LUV,USD,92380,2009-02-02,2009-01-30 19:54:01,2008,Q4,2734000000.0,1061000000.0,1673000000.0,0.611923921,0,846000000.0,0.0,846000000.0,350000000.0,1196000000.0,2257000000.0,13000000.0,35000000.0,154000000.0,134000000.0,0.049012436,69000000.0,0.0252377469,-152000000.0,-83000000.0,-0.0303584492,-27000000.0,-56000000.0,-0.0204828091,-0.0759,-0.0757,738000000,740000000,https://www.sec.gov/Archives/edgar/data/92380/000119312509015591/0001193125-09-015591-index.htm,https://www.sec.gov/Archives/edgar/data/92380/000119312509015591/d10k.htm,3.704607046070461,-0.075880758807588,-3.448509485094851,-3.66260162601626,2.4430894308943087,6.711382113821138,6.711382113821138,6.711382113821138,5.008130081300813,6361559999.999999,8654560000.0,-28.39982142857143,2.326832479882955,-2.4996306483300588,-2.353518312985571,1.2843852210781344,1.2843852210781344,3.1655303584491588,64.58626865671641,-3.400612966601179,-3.201834998150204,-0.0088028722514603,-0.4248957802803086,0.7391479911164951,0.2558708414872798,17.111940298507463,1.0310049893086244,1.9714285714285715,45.44642857142857,0.000522041763341,-0.0593035714285714,0.3094367227505486,0.0,0.0,-0.062082514734774,0.057790782735918,1.025974025974026,-0.0025603511338697,,0.0039909315788658,-0.0039138943248532,-9.883130081300813,87000000.0,4953000000.0,-6462000000.0,11127000000.0,297000000.0,684500000.0,244500000.0,6.880029261155816,56.66352497643733,17.219604147031102,13.08133971291866,1.5883233532934131,5.226600985221675,-0.0113062790228144,0.2140921409214092,2009-01-22,0.05,bmo,1708750000.0,2025-04-25,2008-12-31,0.6,10.0859375,11711065.390625
2008-09-30,LUV,USD,92380,2008-10-20,2008-10-17 19:32:32,2008,Q3,2891000000.0,985000000.0,1906000000.0,0.6592874438,0,856000000.0,0.0,856000000.0,554000000.0,1410000000.0,2395000000.0,13000000.0,35000000.0,152000000.0,-18000000.0,-0.0062262193,86000000.0,0.0297474922,-291000000.0,-205000000.0,-0.0709097198,-85000000.0,-120000000.0,-0.0415081287,-0.16,-0.16,736000000,736000000,https://www.sec.gov/Archives/edgar/data/92380/000009238008000018/0000092380-08-000018-index.htm,https://www.sec.gov/Archives/edgar/data/92380/000009238008000018/form10q.htm,3.9279891304347823,-0.1630434782608695,-3.092391304347826,-3.3342391304347827,4.661684782608695,9.597826086956522,9.597826086956522,9.597826086956522,3.650815217391304,10679360000.0,10941360000.0,-22.248666666666665,3.6940020754064338,-4.692161687170475,-4.351817440912796,1.5118006795016987,1.5118006795016987,3.784628156347285,-607.8533333333334,-4.807275922671353,-4.458581907090465,-0.0112366284121894,-0.2297890510292751,0.3754246885617214,0.1459147180192572,-14.555555555555555,0.948639942734431,2.4571428571428573,18.8099173553719,0.0002809157103047,-0.025,0.2960913178830854,0.0,0.0,-0.078207381370826,0.0615703908682116,1.1710526315789471,0.0055344171566931,,0.0039767330290413,-0.0066024759284731,-9.848165760869565,-287000000.0,7064000000.0,-5810000000.0,10911000000.0,416000000.0,802000000.0,293500000.0,11.98547215496368,64.0507614213198,26.131979695431472,7.509090909090909,1.405135520684736,3.444055944055944,-0.0169875424688561,0.2418478260869565,2008-10-16,0.07,bmo,2248555555.0,2025-04-25,2008-09-30,0.2857142857142855,15.0403125,11551449.671875
2008-06-30,LUV,USD,92380,2008-07-28,2008-07-25 19:32:10,2008,Q2,2869000000.0,888000000.0,1981000000.0,0.6904844894,0,839000000.0,0.0,839000000.0,543000000.0,1382000000.0,2270000000.0,11000000.0,32000000.0,148000000.0,703000000.0,0.2450331126,205000000.0,0.0714534681,324000000.0,529000000.0,0.1843848031,208000000.0,321000000.0,0.1118856745,0.44,0.44,732000000,737000000,https://www.sec.gov/Archives/edgar/data/92380/000009238008000014/0000092380-08-000014-index.htm,https://www.sec.gov/Archives/edgar/data/92380/000009238008000014/form10q.htm,3.919398907103825,0.4385245901639344,3.191256830601093,2.886612021857923,7.975409836065574,11.92622950819672,11.92622950819672,11.92622950819672,3.67896174863388,9545280000.0,7553280000.0,7.434018691588784,3.3270407807598468,4.086164383561644,4.5174065309985805,1.0933883161512026,1.0933883161512026,2.6327222028581385,10.744352773826458,3.2334246575342465,3.574671083767156,0.0336291863622649,0.2213659525964665,0.3048109965635739,0.1143925715759607,-2.8335704125177807,1.0662765703367567,6.40625,7.277258566978193,0.0003142914613295,0.0093457943925233,0.2924363889857093,0.0,0.0,0.0954623287671233,0.0777274311606831,1.5067567567567568,0.0017427675148135,10.847753703595377,0.0083157353476945,0.0137993293783853,-11.213456284153006,555000000.0,8730000000.0,-5603000000.0,11725000000.0,398500000.0,845000000.0,283000000.0,14.022307424189616,91.52027027027027,30.50675675675676,6.41834451901566,0.9833887043189368,2.9501661129568104,0.0367697594501718,0.3046448087431694,2008-07-24,0.12,bmo,2151750000.0,2025-04-25,2008-06-30,0.3333333333333334,13.17859375,8603590.96875
2008-03-31,LUV,USD,92380,2008-04-21,2008-04-18 18:32:54,2008,Q1,2530000000.0,1706000000.0,824000000.0,0.3256916996,0,1009000000.0,0.0,1009000000.0,1642000000.0,2651000000.0,4357000000.0,15000000.0,28000000.0,145000000.0,210000000.0,0.0830039526,88000000.0,0.0347826087,-51000000.0,37000000.0,0.0146245059,3000000.0,34000000.0,0.0134387352,0.0464,0.0463,733000000,734000000,https://www.sec.gov/Archives/edgar/data/92380/000009238008000009/0000092380-08-000009-index.htm,https://www.sec.gov/Archives/edgar/data/92380/000009238008000009/form10q.htm,3.451568894952251,0.0463847203274215,1.315143246930423,0.8185538881309686,4.259208731241474,9.802182810368349,9.802182810368349,9.802182810368349,2.9290586630286493,9089200000.0,8226200000.0,66.83235294117648,3.5925691699604743,9.428630705394191,15.148666666666667,1.265024356297843,1.265024356297843,3.2514624505928853,39.17238095238096,8.533402489626557,13.710333333333333,0.0037407032522114,0.0660124103331426,0.294919972164231,0.1175198269646719,-4.109523809523809,0.8735512887043764,3.142857142857143,28.352941176470587,0.0007701447872199,0.2058823529411764,0.3988142292490118,0.0,0.0,0.3775933609958506,0.1438735177865612,2.510344827586207,0.0019762845849802,3.1984541478324937,0.0065797286301761,0.0018856413953746,-9.99863574351978,-731000000.0,7185000000.0,-5796000000.0,10360000000.0,314500000.0,773000000.0,262000000.0,12.450592885375494,41.51817116060961,13.980070339976551,7.228571428571429,2.167725540025413,6.437735849056604,0.0047320807237299,0.4965893587994543,2008-04-17,0.00714,bmo,421666666.0,2025-04-25,2008-03-31,7.403361344537816,12.19672131147541,8845974.475409836
2007-12-31,LUV,USD,92380,2008-02-04,2008-02-04 12:25:23,2007,Q4,2492000000.0,1599000000.0,893000000.0,0.3583467095,0,978000000.0,0.0,978000000.0,1565000000.0,2543000000.0,4142000000.0,0.0,119000000.0,144000000.0,448000000.0,0.1797752809,127000000.0,0.0509630819,57000000.0,184000000.0,0.0738362761,72000000.0,112000000.0,0.0449438202,0.15,0.15,733000000,733000000,https://www.sec.gov/Archives/edgar/data/92380/000095013408001572/0000950134-08-001572-index.htm,https://www.sec.gov/Archives/edgar/data/92380/000095013408001572/d53331e10vk.htm,3.399727148703956,0.1527967257844474,1.4924965893587994,1.015006821282401,3.791268758526603,9.469304229195089,9.469304229195089,9.469304229195089,3.0150068212824013,8942600000.0,8820600000.0,19.961160714285715,3.58852327447833,8.174223034734919,12.019623655913978,1.2883734332228785,1.2883734332228785,3.539566613162118,19.688839285714284,8.06270566727605,11.855645161290322,0.0125243217856104,0.0831972804329837,0.3012534216971618,0.1246720725017886,-0.2723214285714285,0.9183546920214964,1.0672268907563025,9.767857142857142,0.0003688524590163,0.0294508928571428,0.3924558587479936,0.0,0.0,0.319926873857404,0.1404494382022472,2.430555555555556,0.0148475120385232,5.705678779755411,0.0064554778977943,0.006677796327212,-9.158594815825376,-395000000.0,6941000000.0,-5388000000.0,10479000000.0,302500000.0,747000000.0,231500000.0,10.076243980738363,42.72045028142589,14.577861163227016,8.931899641577061,2.1067193675889326,6.173745173745174,0.016136003457715,0.4774897680763983,2008-01-23,0.1,bmo,2076666666.0,2025-04-25,2007-12-31,0.1999999999999999,13.8215625,5320200.34375
2007-09-30,LUV,USD,92380,2007-10-22,2007-10-19 18:11:35,2007,Q3,2588000000.0,1548000000.0,1040000000.0,0.4018547141,0,1015000000.0,0.0,1015000000.0,1505000000.0,2520000000.0,4068000000.0,22000000.0,28000000.0,139000000.0,445000000.0,0.1719474498,251000000.0,0.0969860896,26000000.0,277000000.0,0.1070324575,115000000.0,162000000.0,0.0625965997,0.22,0.22,739000000,752000000,https://www.sec.gov/Archives/edgar/data/92380/000009238007000034/0000092380-07-000034-index.htm,https://www.sec.gov/Archives/edgar/data/92380/000009238007000034/form10q.htm,3.5020297699594045,0.2192151556156968,0.2083897158322057,-0.2219215155615697,2.106901217861976,8.483085250338295,8.483085250338295,8.483085250338295,2.174560216508796,10929810000.0,11458810000.0,16.86699074074074,4.223265069551777,70.9727922077922,-66.64518292682926,1.7434694528632957,1.7434694528632957,4.42767001545595,25.750134831460677,74.40785714285714,-69.87079268292683,0.0148218496021431,-0.0150048353997004,0.2518743021215505,0.1087166069953181,1.1887640449438202,0.7501306847882906,8.964285714285714,0.9506172839506172,0.0002744786963359,0.0185185185185185,0.392194744976816,0.0,0.0,2.064935064935065,0.1228748068006182,2.287769784172662,0.0077279752704791,6.468498218150638,0.0136909367493671,0.0111539520793169,-8.594722598105548,-956000000.0,6269000000.0,-5385000000.0,9711000000.0,323500000.0,740500000.0,193000000.0,11.33693972179289,42.73255813953488,11.86046511627907,7.938650306748467,2.106122448979592,7.588235294117647,0.0258414420162705,0.4303112313937753,2007-10-18,0.21,bmo,2588000000.0,2025-04-25,2007-09-30,0.0,15.405396825396824,7688427.904761905
2007-06-30,LUV,USD,92380,2007-07-20,2007-07-19 20:39:14,2007,Q2,2583000000.0,1484000000.0,1099000000.0,0.4254742547,0,994000000.0,0.0,994000000.0,1441000000.0,2435000000.0,3919000000.0,28000000.0,29000000.0,137000000.0,613000000.0,0.2373209446,328000000.0,0.126984127,119000000.0,447000000.0,0.1730545877,169000000.0,278000000.0,0.1076267906,0.36,0.36,769000000,780000000,https://www.sec.gov/Archives/edgar/data/92380/000009238007000024/0000092380-07-000024-index.htm,https://www.sec.gov/Archives/edgar/data/92380/000009238007000024/form10q.htm,3.35890767230169,0.3615084525357607,1.2743823146944082,0.834850455136541,2.749024707412224,8.357607282184656,8.357607282184656,8.357607282184656,2.171651495448635,11465790000.0,11501790000.0,10.310962230215829,4.438943089430894,11.699785714285715,17.85948598130841,1.78400342305897,1.78400342305897,4.45288037166086,18.76311582381729,11.736520408163264,17.91556074766355,0.024246039740829,0.0559926529266627,0.2553290804418858,0.1104827307614623,0.0587275693311582,0.8093023255813954,11.310344827586206,3.525179856115108,0.000348863881163,0.014388489208633,0.3848238482384823,0.0,0.0,0.3448979591836735,0.1308555942702284,2.4671532846715327,0.0089043747580332,8.245015324327424,0.018730240699122,0.0187167575573958,-7.776657997399219,-779000000.0,6427000000.0,-5120000000.0,9708000000.0,299500000.0,694500000.0,178000000.0,11.184668989547038,45.24258760107817,11.037735849056604,8.046728971962617,1.989276139410188,8.153846153846153,0.0432550178932628,0.4395318595578673,2007-07-18,0.22,bmo,2273040000.0,2025-04-25,2007-06-30,0.1363636363636363,14.657142857142857,8944666.222222222
2007-03-31,LUV,USD,92380,2007-04-23,2007-04-20 18:06:45,2007,Q1,2198000000.0,1387000000.0,811000000.0,0.3689717925,0,942000000.0,0.0,942000000.0,1347000000.0,2289000000.0,3676000000.0,0.0,0.0,135000000.0,219000000.0,0.0996360328,84000000.0,0.0382165605,65000000.0,149000000.0,0.067788899,56000000.0,93000000.0,0.042311192,0.12,0.12,786000000,800000000,https://www.sec.gov/Archives/edgar/data/92380/000009238007000014/0000092380-07-000014-index.htm,https://www.sec.gov/Archives/edgar/data/92380/000009238007000014/form10-q.htm,2.796437659033079,0.1183206106870229,0.7849872773536896,0.371501272264631,2.459287531806616,8.338422391857506,8.338422391857506,8.338422391857506,2.1361323155216283,11554200000.0,11615200000.0,31.05967741935484,5.256687898089172,18.72641815235008,39.56917808219178,1.7629234055538603,1.7629234055538603,5.284440400363967,53.03744292237443,18.82528363047001,39.778082191780825,0.0080490211351716,0.0252721953921517,0.25617943240769,0.1179238657114763,0.2785388127853881,0.8510215664018161,0.0,6.634408602150538,0.0006058403004967,0.075268817204301,0.4285714285714285,0.0,0.0,0.526742301458671,0.1478616924476797,2.407407407407407,0.0059144676979071,4.71154567688204,0.0048380114608602,0.0065318162663295,-6.940839694656488,-525000000.0,6554000000.0,-4685000000.0,9760000000.0,259500000.0,643000000.0,177500000.0,11.38307552320291,41.72314347512617,11.290555155010814,7.906474820143885,2.157076205287714,7.971264367816092,0.0141898077509917,0.4134860050890585,2007-04-19,0.03867,bmo,2198000000.0,2025-04-25,2007-03-31,0.034393586759762,15.337704918032788,8053499.721311475
2006-12-31,LUV,USD,92380,2007-02-01,2007-02-01 06:03:01,2006,Q4,2276000000.0,1349000000.0,927000000.0,0.4072934974,0,939000000.0,0.0,939000000.0,1323000000.0,2262000000.0,3611000000.0,0.0,128000000.0,134000000.0,363000000.0,0.1594903339,174000000.0,0.0764499121,-73000000.0,101000000.0,0.0443760984,44000000.0,57000000.0,0.0250439367,0.0725,0.0725,780253968,786000000,https://www.sec.gov/Archives/edgar/data/92380/000095013407001724/0000950134-07-001724-index.htm,https://www.sec.gov/Archives/edgar/data/92380/000095013407001724/d42975e10vk.htm,2.916998943092847,0.0730531369755238,0.183273659429823,-0.2691431362256141,2.254394174385025,8.265257550090409,8.265257550090409,8.265257550090409,2.328728945342576,11953490789.76,12252490789.76,52.42759118315789,5.251973106221441,83.59084468363636,-56.92138471314286,1.853541756824313,1.853541756824313,5.383343932231986,33.75341815360881,85.68175377454546,-58.34519423695238,0.0047684815258174,-0.0175680898319591,0.261901069933323,0.125482912332838,0.8236914600550964,0.9009352268791132,1.359375,2.508771929824561,0.0002937336814621,0.0615989974736842,0.4125659050966608,0.0,0.0,2.4685314685314683,0.1550966608084358,2.6343283582089554,0.0351493848857645,3.685860458394565,0.0091816755308069,0.0042347696879643,-6.383498455979656,-286000000.0,6449000000.0,-4410000000.0,9808000000.0,253500000.0,605500000.0,181000000.0,9.5298769771529,42.89844329132691,12.075611564121573,9.443983402489629,2.0979782270606533,7.45303867403315,0.008838579624748,0.4524167956554371,2007-01-17,0.12,bmo,2275000000.0,2025-04-25,2006-12-31,0.0,15.752857142857142,7041106.634920635
2006-09-30,LUV,USD,92380,2006-10-20,2006-10-20 17:07:15,2006,Q3,2342000000.0,1346000000.0,996000000.0,0.4252775406,0,938000000.0,0.0,938000000.0,1310000000.0,2248000000.0,3594000000.0,0.0,0.0,131000000.0,392000000.0,0.1673783091,261000000.0,0.1114432109,-183000000.0,78000000.0,0.0333048676,30000000.0,48000000.0,0.0204953032,0.0608,0.0585,789000000,821000000,https://www.sec.gov/Archives/edgar/data/92380/000009238006000020/0000092380-06-000020-index.htm,https://www.sec.gov/Archives/edgar/data/92380/000009238006000020/form10-q.htm,2.96831432192649,0.0608365019011406,-0.4055766793409379,-0.8884664131812421,2.9163498098859315,8.395437262357415,8.395437262357415,8.395437262357415,2.3574144486692017,13144740000.0,13057740000.0,68.4621875,5.6126131511528605,-41.077312500000005,-18.751412268188304,1.984411231884058,1.984411231884058,5.575465414175918,33.3105612244898,-40.8054375,-18.627303851640512,0.0036516507743781,-0.0533293165174815,0.2807971014492754,0.1320366295165755,-0.221938775510204,0.8369675456389453,0.0,-6.666666666666667,0.0002282281733986,0.0625,0.4005123825789923,0.0,0.0,-1.190625,0.1626814688300597,2.9083969465648853,0.0081127241673783,3.3899636114384872,0.0149716055756324,0.0034073968907503,-6.17490494296578,-643000000.0,6624000000.0,-4162000000.0,9232000000.0,267500000.0,588500000.0,185000000.0,10.222032450896668,37.97919762258544,12.102526002971768,8.80451127819549,2.369718309859155,7.43646408839779,0.0072463768115942,0.4828897338403042,2006-10-19,0.2,bmo,2465263157.0,2025-04-25,2006-09-30,-0.05,17.024285714285714,4904416.174603174
2006-06-30,LUV,USD,92380,2006-07-21,2006-07-20 18:04:57,2006,Q2,2449000000.0,1299000000.0,1150000000.0,0.4695794202,0,951000000.0,0.0,951000000.0,1261000000.0,2212000000.0,3511000000.0,0.0,0.0,126000000.0,529000000.0,0.2160065333,402000000.0,0.1641486321,113000000.0,515000000.0,0.2102899143,182000000.0,333000000.0,0.1359738669,0.42,0.4,798000000,825000000,https://www.sec.gov/Archives/edgar/data/92380/000009238006000009/0000092380-06-000009-index.htm,https://www.sec.gov/Archives/edgar/data/92380/000009238006000009/form10-q.htm,3.068922305764411,0.4172932330827067,1.0426065162907268,0.5375939849624061,3.744360902255639,8.713032581453634,8.713032581453634,8.713032581453634,2.296992481203008,13063260000.0,12304260000.0,9.807252252252251,5.334120048999592,15.701033653846157,30.45048951048951,1.8787947648497056,1.8787947648497056,5.024197631686403,23.25947069943289,14.788774038461538,28.68125874125874,0.0254913398340077,0.0328401945609289,0.2636272112757083,0.1194603753910323,-1.434782608695652,0.9302027748132338,0.0,2.4984984984984986,0.0003062022802883,0.012012012012012,0.3883217639853001,0.0,0.0,0.484375,0.1645569620253164,3.1984126984126986,0.0093915884034299,9.04475066306802,0.0233292030678984,0.0217022940563086,-6.399436090225564,-327000000.0,6953000000.0,-4033000000.0,9297000000.0,259500000.0,597000000.0,173500000.0,9.885667619436504,42.19399538106235,13.094688221709006,9.104089219330856,2.1330049261083746,6.873015873015873,0.0478929958291385,0.5050125313283208,2006-07-19,0.26,bmo,1929515151.0,2025-04-25,2006-06-30,0.2692307692307693,16.351269841269843,3573166.8253968256
2006-03-31,LUV,USD,92380,2006-04-24,2006-04-21 18:50:03,2006,Q1,2019000000.0,1241000000.0,778000000.0,0.3853392769,0,876000000.0,0.0,876000000.0,1205000000.0,2081000000.0,3322000000.0,0.0,0.0,124000000.0,222000000.0,0.1099554235,98000000.0,0.0485388806,-2000000.0,96000000.0,0.0475482912,35000000.0,61000000.0,0.0302129767,0.076,0.073,803000000,836000000,https://www.sec.gov/Archives/edgar/data/92380/000095013406007697/0000950134-06-007697-index.htm,https://www.sec.gov/Archives/edgar/data/92380/000095013406007697/d35241e10vq.htm,2.514321295143213,0.0759651307596513,0.9352428393524284,0.6089663760896638,3.636363636363636,8.424657534246576,8.424657534246576,8.424657534246576,2.4184308841843087,14445969999.999998,13787969999.999998,59.20479508196721,7.155012382367508,19.235645805592544,29.541860940695297,2.135398373983739,2.135398373983739,6.829108469539375,62.107972972972966,18.35948069241012,28.19625766871165,0.0042226309482852,0.0338502710444504,0.2870657797487065,0.1319024655301229,-2.963963963963964,0.9197572488199596,0.0,12.311475409836063,0.0004845642071802,0.1147540983606557,0.4338781575037147,0.0,0.0,0.3488681757656458,0.129767211490837,2.1129032258064515,0.0108964834076275,3.794674525156573,0.005740305432645,0.0041431773415744,-5.942092154420922,-357000000.0,6765000000.0,-3866000000.0,8994000000.0,254000000.0,554500000.0,154000000.0,11.144130757800893,42.42546333601934,11.45850120870266,8.076,2.1213675213675214,7.8544303797468356,0.0090169992609017,0.3262764632627646,2006-04-20,0.07,bmo,1767500000.0,2025-04-25,2006-03-31,0.1428571428571427,16.874354838709678,3748188.8870967743
2005-12-31,LUV,USD,92380,2006-02-01,2006-01-31 20:32:27,2005,Q4,1988000000.0,1152000000.0,836000000.0,0.4205231388,0,853000000.0,0.0,853000000.0,1122000000.0,1975000000.0,3127000000.0,0.0,122000000.0,121000000.0,-1018000000.0,-0.5120724346,164000000.0,0.0824949698,-28000000.0,136000000.0,0.0684104628,50000000.0,86000000.0,0.0432595573,0.11,0.11,803000000,803000000,https://www.sec.gov/Archives/edgar/data/92380/000095013406001553/0000950134-06-001553-index.htm,https://www.sec.gov/Archives/edgar/data/92380/000095013406001553/d32370e10vk.htm,2.4757160647571608,0.1070983810709838,0.0909090909090909,-0.1793275217932752,3.151930261519303,8.31257783312578,8.31257783312578,8.31257783312578,2.636363636363636,13193290000.0,12908290000.0,38.35258720930233,6.636463782696177,180.73,-91.62006944444444,1.976522846441947,1.976522846441947,6.493103621730382,-12.680049115913556,176.8258904109589,-89.64090277777778,0.0065184650682278,-0.0109146391840094,0.298876404494382,0.1403150935433957,0.2799607072691552,0.9407484407484408,1.3442622950819672,0.8488372093023255,0.0002738892270237,0.0420174418604651,0.4290744466800805,0.0,0.0,2.9726027397260277,0.1091549295774647,1.793388429752066,0.0,4.475592881420532,0.0094527283158272,0.0060486706991138,-5.907222914072229,-228000000.0,6675000000.0,-3923000000.0,9199000000.0,296000000.0,509500000.0,151500000.0,11.680080482897385,40.9375,11.71875,7.705426356589148,2.198473282442748,7.68,0.0128838951310861,0.2702366127023661,2006-01-18,0.13,bmo,2152583333.0,2025-04-25,2005-12-31,-0.0769230769230769,16.05888888888889,3620801.698412698
2005-09-30,LUV,USD,92380,2005-10-21,2005-10-21 15:32:36,2005,Q3,1989000000.0,1056000000.0,933000000.0,0.4690799397,0,847000000.0,0.0,847000000.0,1023000000.0,1870000000.0,2926000000.0,0.0,0.0,121000000.0,369000000.0,0.185520362,273000000.0,0.137254902,120000000.0,368000000.0,0.1850175968,141000000.0,227000000.0,0.1141277024,0.29,0.28,789000000,802000000,https://www.sec.gov/Archives/edgar/data/92380/000009238005000016/0000092380-05-000016-index.htm,https://www.sec.gov/Archives/edgar/data/92380/000009238005000016/q3_200510q.txt,2.520912547528517,0.2877059569074778,0.7629911280101395,0.4233206590621039,3.311787072243346,8.561470215462611,8.561470215462611,8.561470215462611,2.547528517110266,11716650000.0,11298650000.0,12.903799559471366,5.890723981900453,19.462873754152824,35.079790419161675,1.7345151739452256,1.7345151739452256,5.680568124685772,30.619647696476964,18.768521594684387,33.828293413173654,0.019374138512288,0.0285064416876837,0.2975573649148779,0.1363081513630815,-1.132791327913279,1.188259109311741,0.0,2.6519823788546257,0.0002560458834223,0.013215859030837,0.4258421317244846,0.0,0.0,0.4451827242524916,0.1347410759175465,2.2148760330578514,0.0,7.444574169801599,0.0147240934267499,0.01539400515394,-6.401774397972116,651000000.0,6755000000.0,-3882000000.0,9996000000.0,313000000.0,478500000.0,146500000.0,15.1131221719457,42.1875,13.039772727272728,5.955089820359281,2.1333333333333333,6.901960784313726,0.0336047372316802,0.3396704689480355,2005-10-20,0.18,bmo,1657500000.0,2025-04-25,2005-09-30,0.1666666666666666,13.97671875,3675807.96875
2005-06-30,LUV,USD,92380,2005-07-20,2005-07-20 17:06:34,2005,Q2,1944000000.0,1040000000.0,904000000.0,0.4650205761,0,823000000.0,0.0,823000000.0,1000000000.0,1823000000.0,2863000000.0,0.0,0.0,115000000.0,372000000.0,0.1913580247,277000000.0,0.1424897119,-21000000.0,256000000.0,0.1316872428,97000000.0,159000000.0,0.0817901235,0.2,0.2,786000000,802000000,https://www.sec.gov/Archives/edgar/data/92380/000009238005000012/0000092380-05-000012-index.htm,https://www.sec.gov/Archives/edgar/data/92380/000009238005000012/q2_200510q.txt,2.473282442748092,0.2022900763358778,0.8498727735368957,0.465648854961832,2.88676844783715,8.036895674300254,8.036895674300254,8.036895674300254,2.55470737913486,10948980000.0,10687980000.0,17.215377358490564,5.632191358024691,16.39068862275449,29.915245901639345,1.733256292543929,1.733256292543929,5.497932098765432,28.731129032258064,15.99997005988024,29.202131147540985,0.0145219006701994,0.0334277713540439,0.3178724077885072,0.1457290079105885,-0.7016129032258065,1.1082113303628265,0.0,4.20125786163522,0.0003653308344704,0.0251572327044025,0.4233539094650205,0.0,0.0,0.4520958083832335,0.1553497942386831,2.626086956521739,0.0,6.048152229218268,0.0159564986783528,0.0115392989331591,-6.239185750636132,340000000.0,6317000000.0,-3980000000.0,9518000000.0,313000000.0,466500000.0,134000000.0,13.51851851851852,39.980769230769226,12.115384615384617,6.657534246575342,2.2510822510822512,7.428571428571429,0.025170175716321,0.3842239185750636,2005-07-14,0.18,bmo,1728000000.0,2025-04-25,2005-06-30,0.1111111111111112,14.5878125,4026751.859375
2005-03-31,LUV,USD,92380,2005-04-15,2005-04-15 17:02:30,2005,Q1,1663000000.0,961000000.0,702000000.0,0.4221286831,0,796000000.0,0.0,796000000.0,917000000.0,1713000000.0,2674000000.0,0.0,0.0,112000000.0,193000000.0,0.1160553217,106000000.0,0.0637402285,33000000.0,114000000.0,0.0685508118,38000000.0,76000000.0,0.0457005412,0.0969,0.0948,784000000,802000000,https://www.sec.gov/Archives/edgar/data/92380/000009238005000006/0000092380-05-000006-index.htm,https://www.sec.gov/Archives/edgar/data/92380/000009238005000006/q1_200510q.txt,2.121173469387755,0.096938775510204,1.1301020408163265,0.5905612244897959,2.433673469387755,7.799744897959184,7.799744897959184,7.799744897959184,2.5510204081632653,11164160000.0,11256160000.0,36.724210526315794,6.713265183403488,12.600632054176073,24.112656587473,1.8257007358953392,1.8257007358953392,6.768586891160553,58.322072538860105,12.704469525959368,24.31136069114471,0.0068074982802109,0.0414719961018115,0.3270645952575634,0.1508978421608571,0.4766839378238341,1.1232638888888888,0.0,11.657894736842104,0.0006270064205457,0.0921052631578947,0.4786530366806975,0.0,0.0,0.4774266365688487,0.2543595911004209,3.7767857142857135,0.0,4.124584669182197,0.0067636549259826,0.0057341180021125,-6.271045918367347,355000000.0,6115000000.0,-3904000000.0,9365000000.0,291000000.0,445500000.0,132500000.0,18.075766686710764,44.11030176899063,11.98751300728408,4.979041916167665,2.040339702760085,7.5078125,0.0124284546197874,0.5395408163265306,2005-04-14,0.05,bmo,1234777500.0,2025-04-25,2005-03-31,0.7999999999999998,14.518524590163937,3745241.1639344255
2004-12-31,LUV,USD,92380,2005-02-04,2005-02-04 15:24:39,2004,Q4,1655000000.0,950000000.0,705000000.0,0.4259818731,0,769000000.0,2000000.0,769000000.0,914000000.0,1683000000.0,2633000000.0,0.0,88000000.0,113000000.0,289000000.0,0.1746223565,119000000.0,0.0719033233,-31000000.0,88000000.0,0.0531722054,33000000.0,55000000.0,0.0332326284,0.0702,0.0702,778000000,784000000,https://www.sec.gov/Archives/edgar/data/92380/000095013405002093/0000950134-05-002093-index.htm,https://www.sec.gov/Archives/edgar/data/92380/000095013405002093/d21965e10vk.htm,2.127249357326478,0.0706940874035989,-0.0629820051413881,-0.5886889460154242,1.6773778920308484,7.10025706940874,7.10025706940874,7.10025706940874,2.48586118251928,12665840000.0,13206840000.0,57.572,7.653075528700907,-258.4865306122449,-27.65467248908297,2.29287472845764,2.29287472845764,7.979963746223565,45.69840830449827,-269.5273469387755,-28.83589519650655,0.0043423886611547,-0.0361602546692521,0.334178131788559,0.1628296727529328,1.8719723183391004,1.0140056022408963,1.3522727272727273,-0.8909090909090909,0.0002764127764127,0.0636545454545454,0.4646525679758308,0.0,0.0,-8.346938775510203,0.2471299093655589,3.6194690265486726,0.0,3.3606233590939745,0.0079622096135317,0.0048513716150657,-5.467223650385604,30000000.0,5524000000.0,-3641000000.0,8753000000.0,250000000.0,419000000.0,124500000.0,13.48640483383686,39.78947368421053,12.978947368421052,6.673387096774194,2.261904761904762,6.934306569343065,0.0099565532223026,0.525706940874036,2005-01-19,0.08,bmo,1892571428.0,2025-04-25,2004-12-31,-0.1249999999999999,15.3546875,3114450.09375
2004-09-30,LUV,USD,92380,2004-10-15,2004-10-15 14:59:43,2004,Q3,1674000000.0,912000000.0,762000000.0,0.4551971326,0,761000000.0,0.0,761000000.0,871000000.0,1632000000.0,2544000000.0,0.0,0.0,109000000.0,300000000.0,0.1792114695,191000000.0,0.1140979689,-10000000.0,181000000.0,0.1081242533,62000000.0,119000000.0,0.0710872162,0.15,0.15,781000000,812000000,https://www.sec.gov/Archives/edgar/data/92380/000009238004000028/0000092380-04-000028-index.htm,https://www.sec.gov/Archives/edgar/data/92380/000009238004000028/q3_200410q.txt,2.143405889884763,0.1523687580025608,0.4596670934699103,-0.175416133162612,2.402048655569782,7.047375160051216,7.047375160051216,7.047375160051216,2.4622279129321383,10637220000.0,10684220000.0,22.347100840336136,6.354372759856631,29.630139275766016,-77.64394160583942,1.9326344476744184,1.9326344476744184,6.382449223416965,35.614066666666666,29.761058495821725,-77.98700729927008,0.0111871334803642,-0.0128793049311756,0.3493822674418604,0.1639246441053618,0.1566666666666666,1.1941787941787942,0.0,3.016806722689076,0.0002820285751352,0.0252100840336134,0.4545997610513739,0.0,0.0,1.381615598885794,0.2962962962962963,4.5504587155963305,0.0,4.915332695463227,0.0130223566976417,0.0101440627397493,-5.257362355953905,467000000.0,5504000000.0,-3355000000.0,8911000000.0,237000000.0,441000000.0,110000000.0,13.548387096774194,41.25,11.052631578947368,6.642857142857143,2.1818181818181817,8.142857142857142,0.0216206395348837,0.6350832266325224,2004-10-14,0.12,bmo,1255500000.0,2025-04-25,2004-09-30,0.25,14.47046875,3174275.109375
2004-06-30,LUV,USD,92380,2004-07-19,2004-07-19 16:57:18,2004,Q2,1716000000.0,933000000.0,783000000.0,0.4562937063,0,765000000.0,0.0,765000000.0,897000000.0,1662000000.0,2595000000.0,0.0,0.0,106000000.0,304000000.0,0.1771561772,197000000.0,0.1148018648,-18000000.0,179000000.0,0.1043123543,66000000.0,113000000.0,0.0658508159,0.14,0.14,784000000,817000000,https://www.sec.gov/Archives/edgar/data/92380/000009238004000016/0000092380-04-000016-index.htm,https://www.sec.gov/Archives/edgar/data/92380/000009238004000016/q2_200410q.txt,2.188775510204082,0.1441326530612245,0.548469387755102,-0.1020408163265306,2.2551020408163267,6.701530612244898,6.701530612244898,6.701530612244898,1.9846938775510203,13147680000.0,12935680000.0,29.08778761061947,7.661818181818182,30.576,-164.346,2.502413399314808,2.502413399314808,7.538275058275058,42.55157894736842,30.08297674418605,-161.696,0.0085946722159346,-0.0060847236926971,0.2961553102398173,0.1439008600758346,-0.6973684210526315,1.0701602425292334,0.0,3.8053097345132745,0.0003042361846348,0.0353982300884955,0.4458041958041958,0.0,0.0,1.186046511627907,0.2972027972027972,4.811320754716981,0.0,4.661862417646199,0.0140985294741662,0.010450383797281,-4.5542091836734695,162000000.0,5254000000.0,-3088000000.0,8234000000.0,200000000.0,453500000.0,106500000.0,11.643356643356643,44.758842443729904,10.418006430868168,7.72972972972973,2.0107758620689653,8.63888888888889,0.0215074229158736,0.6505102040816326,2004-07-15,0.16,bmo,1823250000.0,2025-04-25,2004-06-30,-0.0625,15.100322580645162,3510143.6612903224
2004-03-31,LUV,USD,92380,2004-04-16,2004-04-16 14:49:59,2004,Q1,1484000000.0,892000000.0,592000000.0,0.3989218329,0,739000000.0,-2000000.0,737000000.0,849000000.0,1586000000.0,2478000000.0,0.0,0.0,103000000.0,-893000000.0,-0.6017520216,46000000.0,0.0309973046,-5000000.0,41000000.0,0.0276280323,15000000.0,26000000.0,0.0175202156,0.0331,0.0318,785000000,817000000,https://www.sec.gov/Archives/edgar/data/92380/000009238004000009/0000092380-04-000009-index.htm,https://www.sec.gov/Archives/edgar/data/92380/000009238004000009/q1_200410q.txt,1.8904458598726115,0.0331210191082802,0.5312101910828025,0.0726114649681528,2.323566878980892,6.401273885350318,6.401273885350318,6.401273885350318,2.008917197452229,11154850000.0,10907850000.0,107.25817307692309,7.516745283018868,26.75023980815348,195.6991228070176,2.2198706467661693,2.2198706467661693,7.3503032345013475,-12.214837625979843,26.157913669064747,191.3657894736842,0.0023308247085348,0.0051098849379417,0.3138308457711443,0.1535390906435595,0.2765957446808511,1.1004126547455295,0.0,16.03846153846154,0.0006275297292209,0.2692307692307692,0.4979784366576819,0.0,0.0,0.8633093525179856,0.2425876010781671,3.495145631067961,0.0,2.1841190627265545,0.0034739468509368,0.0025313990848018,-4.122292993630573,219000000.0,5025000000.0,-2846000000.0,7902000000.0,155000000.0,424000000.0,99000000.0,10.795148247978435,44.69730941704036,10.594170403587444,8.337078651685394,2.0135440180586905,8.495238095238095,0.0051741293532338,0.4585987261146497,2004-04-15,0.04462,bmo,1484000000.0,2025-04-25,2004-03-31,-0.1035410129986552,14.601451612903226,4948830.887096774
2003-12-31,LUV,USD,92380,2004-01-29,2004-01-29 09:32:47,2003,Q4,1517000000.0,870000000.0,647000000.0,0.4264996704,0,769000000.0,-12000000.0,757000000.0,1175000000.0,1932000000.0,2802000000.0,0.0,91000000.0,99000000.0,291000000.0,0.1918259723,111000000.0,0.0731707317,-10000000.0,101000000.0,0.0665787739,35000000.0,66000000.0,0.0435069216,0.0841,0.0841,757000000,785000000,https://www.sec.gov/Archives/edgar/data/92380/000095013404000842/0000950134-04-000842-index.htm,https://www.sec.gov/Archives/edgar/data/92380/000095013404000842/d11818e10vk.htm,2.003963011889036,0.0871862615587846,0.3830911492734478,-0.1228533685601056,2.463672391017173,6.673712021136064,6.673712021136064,6.673712021136064,2.151915455746367,12217980000.0,11890980000.0,46.28022727272728,8.054040870138431,42.13096551724138,-131.37612903225806,2.4184441805225654,2.4184441805225654,7.838483849703362,40.862474226804125,41.003379310344826,-127.86,0.0054018749416843,-0.0076117328723733,0.3044338875692794,0.155699534318688,-1.1237113402061856,1.342426001160766,1.21978021978022,4.393939393939394,0.0002788104089219,0.0516136363636363,0.5069215557020436,0.0,0.0,1.320689655172414,0.2524719841793013,3.868686868686869,0.0,3.6182537281764007,0.0086753562331475,0.0066815144766146,-3.7192866578599735,590000000.0,5052000000.0,-2513000000.0,8033000000.0,137500000.0,364000000.0,94500000.0,7.831245880026367,41.896551724137936,9.620689655172416,11.492424242424242,2.1481481481481484,9.35483870967742,0.013064133016627,0.5059445178335535,2004-01-22,0.08,bmo,1517000000.0,2025-04-25,2003-12-31,0.0,17.752031249999998,2805957.90625
2003-09-30,LUV,USD,92380,2003-10-21,2003-10-21 12:45:16,2003,Q3,1553000000.0,847000000.0,706000000.0,0.4546039923,0,706000000.0,-11000000.0,695000000.0,814000000.0,1509000000.0,2356000000.0,0.0,0.0,97000000.0,-706000000.0,-0.4546039923,185000000.0,0.1191242756,-14000000.0,171000000.0,0.1101094656,65000000.0,106000000.0,0.0682549903,0.14,0.13,784000000,827000000,https://www.sec.gov/Archives/edgar/data/92380/000009238003000025/0000092380-03-000025-index.htm,https://www.sec.gov/Archives/edgar/data/92380/000009238003000025/q3_200310q.htm,1.9808673469387752,0.135204081632653,0.1798469387755102,-0.25,2.5943877551020407,6.209183673469388,6.209183673469388,6.209183673469388,2.1122448979591835,13876800000.0,13498800000.0,32.72830188679245,8.9354797166774,98.41702127659576,-70.8,2.850616269515201,2.850616269515201,8.6920798454604,-19.120113314447597,95.73617021276596,-68.87142857142857,0.0076386486798109,-0.0141242937853107,0.3401807723911257,0.1707392514692236,0.5354107648725213,1.5426208651399491,0.0,1.330188679245283,0.0002161881701833,0.0283018867924528,0.4546039922730199,0.0,0.0,2.3900709219858154,0.2169993560849968,3.474226804123711,0.0,4.34613701646043,0.0138869414595664,0.0109289617486338,-3.369579081632653,853000000.0,4868000000.0,-2406000000.0,8028000000.0,135500000.0,332000000.0,91500000.0,8.287186091435931,34.3211334120425,10.200708382526564,10.86013986013986,2.6222910216718267,8.822916666666666,0.0217748562037797,0.4298469387755102,2003-10-20,0.13,bmo,1553000000.0,2025-04-25,2003-09-30,0.0,17.359375,2551025.03125
2003-06-30,LUV,USD,92380,2003-07-22,2003-07-22 16:44:20,2003,Q2,1515000000.0,817000000.0,698000000.0,0.4607260726,0,737000000.0,-13000000.0,724000000.0,788000000.0,1512000000.0,2329000000.0,0.0,0.0,95000000.0,-719000000.0,-0.4745874587,140000000.0,0.0924092409,257000000.0,397000000.0,0.2620462046,151000000.0,246000000.0,0.1623762376,0.32,0.3,780000000,820000000,https://www.sec.gov/Archives/edgar/data/92380/000009238003000013/0000092380-03-000013-index.htm,https://www.sec.gov/Archives/edgar/data/92380/000009238003000013/q2_200310q.txt,1.9423076923076923,0.3153846153846154,0.8179487179487179,0.4012820512820513,2.825641025641026,6.073076923076923,6.073076923076923,6.073076923076923,2.142307692307692,13416000000.0,12883000000.0,13.634146341463415,8.855445544554456,21.0282131661442,42.86261980830671,2.832172260924636,2.832172260924636,8.503630363036304,-17.917941585535466,20.19278996865204,41.15974440894568,0.0183363148479427,0.0233303518187239,0.3527549081697276,0.1733762191326001,0.741307371349096,1.5566948130277445,0.0,2.5934959349593494,0.0002981514609421,0.016260162601626,0.4864686468646865,0.0,0.0,0.5094043887147336,0.2145214521452145,3.421052631578948,0.0,6.564715391064602,0.0106941111591373,0.0255239676281386,-3.2788461538461537,923000000.0,4737000000.0,-2320000000.0,7873000000.0,143500000.0,354000000.0,91000000.0,7.603960396039604,37.56425948592411,9.583843329253366,11.8359375,2.3958944281524928,9.39080459770115,0.051931602279924,0.4166666666666667,2003-07-21,0.12,bmo,1388750000.0,2025-04-25,2003-06-30,0.0833333333333334,15.961746031746031,2425396.8253968256
2003-03-31,LUV,USD,92380,2003-04-23,2003-04-22 18:44:35,2003,Q1,1351000000.0,819000000.0,532000000.0,0.3937823834,0,663000000.0,-12000000.0,651000000.0,789000000.0,1440000000.0,2259000000.0,0.0,0.0,93000000.0,139000000.0,0.1028867506,46000000.0,0.0340488527,-7000000.0,39000000.0,0.0288675056,15000000.0,24000000.0,0.0177646188,0.0308,0.0297,778000000,808000000,https://www.sec.gov/Archives/edgar/data/92380/000009238003000005/0000092380-03-000005-index.htm,https://www.sec.gov/Archives/edgar/data/92380/000009238003000005/q1_200310q.txt,1.736503856041131,0.0308483290488431,0.3431876606683804,0.0951156812339331,2.4280205655526994,5.731362467866324,5.731362467866324,5.731362467866324,2.158097686375321,11172080000.0,10962080000.0,116.37583333333332,8.269489267209474,41.84299625468165,150.97405405405405,2.5055124467369363,2.5055124467369363,8.114048852701702,78.86388489208633,41.05647940074906,148.1362162162162,0.0021482123293066,0.0066236546820287,0.3765418255214173,0.1844244288224956,-1.5107913669064748,1.4702842377260985,0.0,11.125,0.0006265619293811,0.2916666666666667,0.4907475943745373,0.0,0.0,0.7228464419475655,0.1428571428571428,2.075268817204301,0.0,1.9945090860675296,0.0036820619546946,0.0026362038664323,-3.328084832904884,728000000.0,4459000000.0,-2369000000.0,7462000000.0,166696500.0,364500000.0,90508000.0,10.592153960029608,40.32967032967033,10.43956043956044,8.49685534591195,2.231607629427793,8.621052631578948,0.0053823727293115,0.2480719794344473,2003-04-21,0.02857,bmo,1351000000.0,2025-04-25,2003-03-31,0.0500525026251311,13.324426229508196,2374201.606557377
2002-12-31,LUV,USD,92380,2003-02-05,2003-02-05 15:23:06,2002,Q4,1400539000.0,820653000.0,579886000.0,0.4140448784,0,665937000.0,-12959000.0,652978000.0,793229000.0,1446207000.0,2266860000.0,0.0,0.0,93118000.0,-773203000.0,-0.5520753081,87833000.0,0.0627137124,-23909000.0,63924000.0,0.0456424277,21525000.0,42399000.0,0.0302733448,0.0545,0.0545,776662894,778000000,https://www.sec.gov/Archives/edgar/data/92380/000095013403001681/0000950134-03-001681-index.htm,https://www.sec.gov/Archives/edgar/data/92380/000095013403001681/d02829e10vk.txt,1.8032778581539908,0.0545912523020573,0.1466002829278979,-0.1502865669284826,2.337374443950196,5.693096752991009,5.693096752991009,5.693096752991009,2.1672658923241928,10795614226.6,10663497226.6,63.65488706455341,7.708185367633462,94.8156423875144,-92.48996955672452,2.4415534467594093,2.4415534467594093,7.613852400111671,-13.791329348954932,93.65528615744034,-91.35807496958586,0.0039274282231695,-0.0108119832322649,0.3806831301761324,0.1879921820466285,0.1708697457200761,1.556644172104325,0.0,2.685417108894077,0.0003237410071942,0.0824307890044576,0.4754862235182312,0.0,0.0,2.025145135650234,0.1646373289140823,2.4762237161451064,0.0,2.644399521159293,0.0076143986959144,0.0047353343571129,-3.274236827387301,798132000.0,4421617000.0,-2300173000.0,7443596000.0,149777000.0,366626500.0,82621000.0,11.206664005786344,39.70009248732412,9.433268385054342,8.030935874719741,2.266997237569061,9.540701729910714,0.0095890259151799,0.2968868498563805,2003-01-22,0.03091,bmo,,2025-04-25,2002-12-31,0.6175994823681658,14.69625,2529467.171875
2002-09-30,LUV,USD,92380,2002-10-30,2002-10-30 16:36:34,2002,Q3,1391191000.0,818628000.0,572563000.0,0.4115631858,0,655732000.0,-12451000.0,643281000.0,789944000.0,1433225000.0,2251853000.0,0.0,0.0,92040000.0,-334000000.0,-0.2400820592,91141000.0,0.065512931,32859000.0,124324000.0,0.0893651555,49437000.0,74887000.0,0.0538294167,0.0968,0.0931,773353000,804605000,https://www.sec.gov/Archives/edgar/data/92380/000009238002000019/0000092380-02-000019-index.htm,https://www.sec.gov/Archives/edgar/data/92380/000009238002000019/q3_200210q.txt,1.7989081312156283,0.0968341753377823,0.0262506255228854,-0.1279777798754255,2.5137692619023912,5.589663452524268,5.589663452524268,5.589663452524268,2.1864943951856395,10099990180.0,9846891180.0,33.717434868535264,7.259959401692506,497.5119540909315,-102.04896516186396,2.33645551488474,2.33645551488474,7.078029673854992,-29.48171011976048,485.0446372099897,-99.49168633552924,0.007414561664455,-0.009799217448348,0.3911674493029143,0.1888406227144312,0.7577814371257485,1.6394616218018168,0.0,0.2710884399161403,0.0003446538004455,0.0464833682748674,0.471345774951103,0.0,0.0,5.875227821289592,0.0857344534287527,1.2958822251195132,0.0,3.4897829651599968,0.0072767766407144,0.0083632622206071,-3.3024805619167443,920748000.0,4322783000.0,-2270870000.0,7440529000.0,127500500.0,377503500.0,74550500.0,8.097011840933416,40.815571908119445,8.710110086632756,11.115211607449606,2.2050407673473345,10.33282003382728,0.0173237934913688,0.1542284053983109,2002-10-17,0.05,bmo,1112952800.0,2025-04-25,2002-09-30,0.1999999999999999,13.57390625,3531497.015625
2002-06-30,LUV,USD,92380,2002-07-26,2002-07-26 17:04:35,2002,Q2,1472798000.0,815231000.0,657567000.0,0.4464746693,0,650739000.0,-15126000.0,635613000.0,782547000.0,1418160000.0,2233391000.0,0.0,0.0,86551000.0,-252000000.0,-0.1711028939,188999000.0,0.1283264915,-19999000.0,169238000.0,0.1149091729,66940000.0,102298000.0,0.0694582692,0.13,0.13,772012000,809401000,https://www.sec.gov/Archives/edgar/data/92380/000009238002000007/0000092380-02-000007-index.htm,https://www.sec.gov/Archives/edgar/data/92380/000009238002000007/q2_200210q.txt,1.907739776065657,0.1325083029797464,0.3801702564208846,0.1934814484748941,2.7432669440371398,5.470870919104884,5.470870919104884,5.470870919104884,2.190854546302389,11912145160.0,11485676160.0,29.111383311501697,8.08810519840467,40.587078392891215,79.74924790787976,2.820391895213016,2.820391895213016,7.798541388567882,-45.57808,39.1340125930166,76.8941297449287,0.0085877059610982,0.0125393032064092,0.4004580950085449,0.186932147924944,1.6923373015873016,1.4658003875199377,0.0,2.8690296975502942,0.0002917190777416,0.0339693835656611,0.4418385956526285,0.0,0.0,0.491066317769237,0.097858633702653,1.66521472888817,0.0,4.038694836146482,0.0154574330316669,0.011306118763429,-3.334521354590343,785870000.0,4223578000.0,-2351434000.0,7291385000.0,131488000.0,397106000.0,71528000.0,7.9342856250483775,42.365734374674176,7.71407122643766,11.343176216882316,2.1243583128775203,11.666991055456172,0.024220696291154,0.1866888079459904,2002-07-18,0.11,bmo,1606688727.0,2025-04-25,2002-06-30,-0.0909090909090908,17.419375,2563939.078125
2002-03-31,LUV,USD,92380,2002-04-30,2002-04-30 16:28:30,2002,Q1,1257243000.0,778115000.0,479128000.0,0.3810941878,0,606398000.0,-14133000.0,592265000.0,746228000.0,1338493000.0,2116608000.0,0.0,0.0,84595000.0,-379000000.0,-0.3014532592,49365000.0,0.0392644859,-14365000.0,35196000.0,0.0279945882,13811000.0,21385000.0,0.0170094405,0.0278,0.0264,769369000,810763000,https://www.sec.gov/Archives/edgar/data/92380/000009238002000005/0000092380-02-000005-index.htm,https://www.sec.gov/Archives/edgar/data/92380/000009238002000005/q1_200210q.txt,1.6341222482319928,0.0277955051477249,0.1202972825783206,-0.0214812398212041,2.7470862486011263,5.343494474043014,5.343494474043014,5.343494474043014,2.2641437333711134,14471830889.999998,14100269889.999998,169.18203051204114,11.510766725286995,156.36263427441574,-875.6477818115809,3.520168326433752,3.520168326433752,11.21523038107987,-37.20387833773086,152.3480588419608,-853.1657221516306,0.0014776983066307,-0.001142011686401,0.4237196734027889,0.1942251218616404,0.9803720316622692,1.4027754910976276,0.0,4.327940144961421,0.0004778939204422,0.3234042553191489,0.4823236239931341,0.0,0.0,1.1785679556578392,0.0867612704942481,1.2894379100419646,0.0,1.8280632876359355,0.0041282420809912,0.0023843827999756,-3.389392476172032,702113000.0,4111119000.0,-2412359000.0,7160983000.0,102209500.0,457644500.0,71871000.0,9.530568076338463,47.47527036492036,8.464417213393908,9.443298581901214,1.8957238012171769,10.632746204615952,0.0052017467750264,0.1417785223995248,2002-04-18,0.03,bmo,1257243000.0,2025-04-25,2002-03-31,0.0,19.283166666666663,2779175.0166666666
2001-12-31,LUV,USD,92380,2002-02-04,2002-02-04 00:00:00,2001,Q4,1237647000.0,761530000.0,476117000.0,0.384695313,0,623732000.0,-19196000.0,604536000.0,728462000.0,1332998000.0,2094528000.0,0.0,0.0,80204000.0,-776677000.0,-0.6275432332,37117000.0,0.0299899729,60719000.0,97836000.0,0.0790500038,34331000.0,63505000.0,0.0513110766,0.0825,0.0825,765407881,769369000,https://www.sec.gov/Archives/edgar/data/92380/000095013402000776/0000950134-02-000776-index.htm,https://www.sec.gov/Archives/edgar/data/92380/000095013402000776/d93658e10-k.txt,1.6169770794403409,0.0829688347564845,0.3063046590187905,-0.1262072189193986,2.9786223222857044,5.244331943323693,5.244331943323693,5.244331943323693,2.4062007273740105,14144737640.88,13706601640.88,55.68355893583183,11.428733427932196,60.3320891663823,-146.42585549565217,3.5238044043962558,3.5238044043962558,11.07472618677216,-17.647750146946546,58.46329096806115,-141.8902861374741,0.0044896555604158,-0.0068293949631709,0.4588193030834421,0.2047011378392313,0.5641160997428789,1.125507271618915,0.0,3.6918037949767735,0.0002435064935064,0.0542372327297063,0.5039659935345054,0.0,0.0,1.41203166587047,0.2674817617624411,4.127574684554387,0.0,3.128915544451461,0.0033128135624444,0.0070583533146807,-3.415805239141508,281034000.0,4014053000.0,-2462869000.0,6726521000.0,83284000.0,451070500.0,74513500.0,5.183602432680724,59.66250837130514,8.33911992961538,17.362442658137283,1.508485017758418,10.79250577514491,0.0158206680380154,0.4325118779381891,2002-01-17,0.00842,bmo,6683293800.0,2025-04-25,2001-12-31,3.750593824228028,17.395,2995589.125
2001-09-30,LUV,USD,92380,2001-11-14,2001-11-14 00:00:00,2001,Q3,1335125000.0,800991000.0,534134000.0,0.4000629155,0,614548000.0,-23240000.0,591308000.0,778392000.0,1369700000.0,2170691000.0,0.0,0.0,81722000.0,-330849000.0,-0.2478037637,92986000.0,0.0696459133,152884000.0,245870000.0,0.1841550417,94906000.0,150964000.0,0.1130710608,0.2,0.19,763811000,806860000,https://www.sec.gov/Archives/edgar/data/92380/000095013401508530/0000950134-01-508530-index.htm,https://www.sec.gov/Archives/edgar/data/92380/000095013401508530/d91871e10-q.txt,1.7479782302166371,0.197645752679655,0.4521275551150743,0.1823828145968047,1.949947041872924,5.170991253071768,5.170991253071768,5.170991253071768,1.625755586133219,11182193040.0,10934572040.0,18.517979518295757,8.375390349218238,32.380242775236,80.2707208591159,2.8311786432249866,2.8311786432249866,8.189923819867055,-33.050038053613584,31.66320738981873,78.49318794596068,0.0135003929425993,0.0124578425271041,0.3143992141095689,0.1553197615587686,0.7484411317549697,0.909087419334758,0.0,2.287565247343738,0.0003074531076061,0.0227736413979491,0.4602924819773429,0.0,0.0,0.5966120345167082,0.1543181350060855,2.521157093561097,0.0,4.795367588834964,0.0087067563662036,0.0188824762105365,-3.2012870330487515,-175254000.0,3949660000.0,-2292800000.0,6032604000.0,124398000.0,366669500.0,79018000.0,6.423106450706863,44.64207463005202,8.816503556219732,14.01191163352049,2.016035337645667,10.208128361328471,0.0382220241742327,0.2697447405182696,2001-10-18,0.1,bmo,1335100000.0,2025-04-25,2001-09-30,0.0,17.84,3396783.0
2001-06-30,LUV,USD,92380,2001-08-02,2001-08-02 00:00:00,2001,Q2,1553785000.0,806619000.0,747166000.0,0.4808683312,0,628161000.0,-30084000.0,598077000.0,789881000.0,1387958000.0,2194577000.0,0.0,0.0,78213000.0,-562579000.0,-0.3620700419,290862000.0,0.1871957832,-3411000.0,287451000.0,0.1850004988,111818000.0,175633000.0,0.1130355873,0.23,0.22,762139000,806524000,https://www.sec.gov/Archives/edgar/data/92380/000009238001500011/0000092380-01-500011-index.htm,https://www.sec.gov/Archives/edgar/data/92380/000009238001500011/s2q200110qtext.txt,2.03871603473907,0.2304474643076919,0.6353460458000444,0.3644860058335815,1.2705648182286955,5.014248057112941,5.014248057112941,5.014248057112941,1.132474522364031,14091950109.999998,13986706109.999998,20.05880174853245,9.069433744050816,29.102250847751648,50.72897094557379,3.6874920804468543,3.6874920804468543,9.001699791155145,-24.861763610088538,28.884904258790385,50.35010785164279,0.0124633566418438,0.0197126017216647,0.2258513159829744,0.1155633314579406,0.1870741709164401,0.8159054572013392,0.0,2.757010356823604,0.0002435432976422,0.0195407468983619,0.4042779406417233,0.0,0.0,0.4263189198342909,0.1328581496152942,2.6393694142917417,0.0,5.098942721668638,0.0298692076984432,0.0235160051511262,-3.311520273860805,-299948000.0,3821554000.0,-2317737000.0,5804764000.0,148989000.0,326070500.0,79193500.0,8.891828663553838,37.49305434164085,8.878169247191053,10.121652520014852,2.4004446044835417,10.137225084830966,0.0459585289125837,0.2708600399664628,2001-07-19,0.22,bmo,1553800000.0,2025-04-25,2001-06-30,0.0,18.19142857142857,2421111.1904761903
2001-03-31,LUV,USD,92380,2001-05-01,2001-05-01 00:00:00,2001,Q1,1428617000.0,780906000.0,647711000.0,0.4533832371,0,595988000.0,-30494000.0,565494000.0,771029000.0,1336523000.0,2117429000.0,0.0,0.0,77692000.0,-611120000.0,-0.4277703541,210157000.0,0.1471052073,-13655000.0,196502000.0,0.1375470123,75457000.0,121045000.0,0.0847287972,0.16,0.15,760225000,807744000,https://www.sec.gov/Archives/edgar/data/92380/000009238001500009/0000092380-01-500009-index.htm,https://www.sec.gov/Archives/edgar/data/92380/000009238001500009/s1q0110qedgar.txt,1.8792028675721004,0.1592225985727909,0.553254628563912,0.2187115656549048,0.9006254727218915,4.790826400078924,4.790826400078924,4.790826400078924,1.1375868986155415,13493993750.0,13674137750.0,27.869787578999546,9.445494313731391,32.08287664230453,81.15711643712035,3.7049975343935615,3.7049975343935615,9.571591091244189,-22.37553631038094,32.5111811040471,82.24055903049258,0.0089702872435375,0.0123217783467552,0.2374510791283944,0.1223945643930039,-0.2947768032464982,0.7016925990697525,0.0,3.474724276095667,0.0004868832846465,0.0542773348754595,0.4171782920124848,0.0,0.0,0.6046819052872339,0.1780239210369189,3.2735416773927817,0.0,4.142846382194632,0.0227613039313517,0.0171309819210787,-3.408609622151337,-444007000.0,3642106000.0,-2379333000.0,5542494000.0,141268500.0,314414000.0,79690500.0,9.101130673931502,36.43214420173491,9.083718142772623,9.888881197782192,2.470345953332996,9.907837141733385,0.0332348921201085,0.3345430629090072,2001-04-19,0.16,bmo,1517905562.0,2025-04-25,2001-03-31,-0.0625,19.53,3406693.193548387
2000-12-31,LUV,USD,92380,2001-01-26,2001-01-26 00:00:00,2000,Q4,1467404000.0,773388000.0,694016000.0,0.4729549599,0,596468000.0,-39258000.0,557210000.0,773157000.0,1330367000.0,2103755000.0,0.0,0.0,74544000.0,-561807000.0,-0.3828577542,251070000.0,0.1710980752,-1617000.0,249453000.0,0.1699961292,94792000.0,154661000.0,0.1053976955,0.2,0.2,740604881,760225000,https://www.sec.gov/Archives/edgar/data/92380/000095013401000502/0000950134-01-000502-index.htm,https://www.sec.gov/Archives/edgar/data/92380/000095013401000502/d83557e10-k.txt,1.9813588023058144,0.2088306517655802,0.3445183883415427,-0.1079995582691818,0.7061727696066858,4.660136718704666,4.660136718704666,4.660136718704666,1.1743697919268776,16552519090.35,16899268090.35,26.75612968096353,11.280137637862511,64.873170072545,-206.9452908714134,4.795996630376204,4.795996630376204,11.51643861564368,-30.08020208069675,66.23216000795604,-211.28046621679064,0.0093436533228447,-0.0048321950008582,0.2520032914942688,0.1304047696014077,-0.6172030608376187,0.6404298203254305,0.0,1.9252395683996075,0.0001640568232662,0.0175581025534315,0.4064783795055758,0.0,0.0,1.3134798081143788,0.2283876832828587,4.495827967374973,0.0,4.679373487592723,0.0284061651449912,0.0231890442145313,-3.4450522342695717,-466867000.0,3451320000.0,-2386716000.0,5352858000.0,129559500.0,262890500.0,81308500.0,8.468220067547861,36.39109993948704,9.375320020481311,10.627971318896211,2.4731321710433747,9.599672310212998,0.0448121298517668,0.4525179466107245,2001-01-16,0.18,bmo,1385881555.0,2025-04-25,2000-12-31,0.0555555555555556,19.38968253968254,2864554.5555555555
2000-09-30,LUV,USD,92380,2000-11-02,2000-11-02 00:00:00,2000,Q3,1478834000.0,747943000.0,730891000.0,0.494234647,0,597331000.0,-41525000.0,555806000.0,741949000.0,1297755000.0,2045698000.0,0.0,0.0,71511000.0,-495353000.0,-0.3349618686,300109000.0,0.2029362322,964000.0,301073000.0,0.2035880971,116775000.0,184298000.0,0.1246238591,0.25,0.23,748648500,796548000,https://www.sec.gov/Archives/edgar/data/92380/000009238000500006/0000092380-00-500006-index.htm,https://www.sec.gov/Archives/edgar/data/92380/000009238000500006/final3q0010q.txt,1.9753382261501893,0.246174272706083,0.3093521191854388,-0.0960277085975594,0.7755415258295448,4.288421068098046,4.288421068098046,4.288421068098046,1.163786476564102,12105646245.000002,12396305245.000002,16.421293563956205,8.185939899271995,52.27053250056133,-168.38889770624976,3.770618543102053,3.770618543102053,8.382485961913238,-25.02519464906845,53.52555849410181,-172.43194899222436,0.0152241356033446,-0.0059386338031885,0.2713787797615339,0.1351292415213774,-0.5867714538924766,0.6213396921742901,0.0,1.256638704706508,0.0002255972085032,0.0148183919521644,0.4039202506839848,0.0,0.0,1.3104155512185012,0.2052204642306033,4.243920515724853,0.0,4.873728151391992,0.0355168729183712,0.0285837165345489,-3.372364667798039,-524028000.0,3210520000.0,-2377265000.0,5044463000.0,119299500.0,206253500.0,76090000.0,7.366891753908823,25.63811680836641,9.873439553548868,12.216821287247312,3.510398235280314,9.115364459556629,0.0574044080086714,0.4053798277829983,2000-10-17,0.21,bmo,1350208695.0,2025-04-25,2000-09-30,0.0952380952380953,15.166031746031749,2539304.761904762
2000-06-30,LUV,USD,92380,2000-08-02,2000-08-02 00:00:00,2000,Q2,1460675000.0,728042000.0,732633000.0,0.5015715337,0,618872000.0,-41310000.0,577562000.0,682560000.0,1260122000.0,1988164000.0,0.0,0.0,68523000.0,-458966000.0,-0.3142150033,314558000.0,0.2153511219,-3693000.0,310865000.0,0.2128228388,120243000.0,190622000.0,0.1305026786,0.26,0.24,745942500,793069500,https://www.sec.gov/Archives/edgar/data/92380/000009238000000019/0000092380-00-000019-index.htm,https://www.sec.gov/Archives/edgar/data/92380/000009238000000019/0000092380-00-000019-0001.txt,1.9581603139652184,0.2555451660148067,0.5308358217959159,0.1230161842233148,0.8534840151888383,4.034553601651602,4.034553601651602,4.034553601651602,1.1689855451325002,9421253775.0,9656599775.0,12.355937109829927,6.44993155561641,23.79266711366684,102.66941768468772,3.1304578516021526,3.1304578516021526,6.611052954969449,-21.039902247661047,24.38701571824341,105.23413331081154,0.0202331881246877,0.0097399987508562,0.2897434662050243,0.1393093038592688,-0.5127743667286901,0.6775309929420559,0.0,2.077268101268479,0.0002905133504908,0.0143582587529246,0.4236890478717031,0.0,0.0,0.7682594520333457,0.2082667259999657,4.439531252280256,0.0,4.816403229944327,0.0390763763753681,0.0304536008425056,-3.3380629203993606,-427967000.0,3009545000.0,-2350689000.0,4919347000.0,119836500.0,204260500.0,68330500.0,7.242884282951375,24.654868812513563,8.669046565994819,12.425988940876223,3.6503946009366137,10.381764512955067,0.0633391426278723,0.4078196375726011,2000-07-18,0.21,bmo,1278112500.0,2025-04-25,2000-06-30,0.1428571428571428,13.695238095238096,2122778.4285714286
2000-03-31,LUV,USD,92380,2000-05-04,2000-05-04 00:00:00,2000,Q1,1242647000.0,716202000.0,526445000.0,0.4236480674,0,533071000.0,-37216000.0,495855000.0,705750000.0,1201605000.0,1917807000.0,0.0,0.0,66698000.0,-608462000.0,-0.4896499167,155408000.0,0.1250620651,565000.0,155973000.0,0.1255167397,60330000.0,73512000.0,0.0591575886,0.0986,0.0931,745735500,789534000,https://www.sec.gov/Archives/edgar/data/92380/000009238000000009/0000092380-00-000009-index.html,https://www.sec.gov/Archives/edgar/data/92380/000009238000000009/,1.6663374614726,0.098576506013191,0.5572552198467151,0.3000460619080089,0.7275515246357455,3.77240724090512,3.77240724090512,3.77240724090512,1.1737097134305663,10350808740.0,10683524740.0,35.20108533300686,8.329645297498002,24.907797191775053,46.25956398739693,3.679348255272077,3.679348255272077,8.597393097154702,-17.558244787677783,25.708432471454525,47.74652964179571,0.007102053747348,0.0216171514342945,0.3111301719241097,0.147352211679632,-0.5468147558927262,0.6165847452372404,0.0,4.344959902972512,0.0005323255543025,0.0749537490477745,0.4289802333245081,0.0,0.0,0.461564376210701,0.154355983638153,2.875798374763861,0.0,2.892592490139944,0.0205338257412094,0.0123756888219307,-3.2979451159291733,-500868000.0,2813218000.0,-2321350000.0,4620661000.0,98580500.0,237907000.0,65843000.0,8.8448851524206,26.27346754128025,8.360853502224233,10.175372370478945,3.4255090181223364,10.764451258003426,0.0261309290641535,0.2572091579387061,2000-04-18,0.11,bmo,1139050000.0,2025-04-25,2000-03-31,0.0909090909090908,11.462063492063493,3416785.412698413
1999-12-31,LUV,USD,92380,2000-03-28,2000-03-28 00:00:00,1999,Q4,1204387000.0,687600000.0,516787000.0,0.4290871622,0,397537000.0,-37900000.0,359637000.0,1738374000.0,2098011000.0,2785611000.0,0.0,0.0,428760000.0,-1152464000.0,-0.956888442,-1581224000.0,-1.3128869707,1734135000.0,152911000.0,0.1269616826,59133000.0,93778000.0,0.0778636767,0.13,0.13,745735500,745735500,https://www.sec.gov/Archives/edgar/data/92380/000095013400002530/0000950134-00-002530-index.html,https://www.sec.gov/Archives/edgar/data/92380/000095013400002530/,1.6150324076029638,0.1257523612594546,0.2939514077042061,-0.0619844435460025,0.5616186972458733,3.802672663430935,3.802672663430935,3.802672663430935,1.1794932653735808,8016656625.0,8477427625.0,21.371368084732023,6.656213181477383,36.57067024770768,-173.43061234423675,2.8269590762779164,2.8269590762779164,7.03879037634913,-7.355915347464216,38.67263183705123,-183.3988323165455,0.0116978940706469,-0.0057659947484653,0.310174808554095,0.1556214463511256,-0.3998137902789154,0.656977966945212,0.0,2.3375418541662225,5.239091801565094e-06,0.0004478662372837,0.3300741372997218,0.0,0.0,1.2108662925961406,0.2203892934746057,0.6190736076126504,0.0,3.2801507582384737,-0.2063488881365982,0.0165916711148556,-3.095804745784531,-329461000.0,2835788000.0,-2185320000.0,4678705000.0,94019000.0,218417500.0,59376000.0,5.607350461272,34.912958115183244,8.527748691099477,16.05036115035049,2.577839428646409,10.553781925343811,0.0330694678163529,0.3559358512502087,2000-01-18,0.12,bmo,1204387000.0,2025-04-25,1999-12-31,0.0,10.98453125,2846969.53125
1999-09-30,LUV,USD,92380,1999-11-12,1999-11-12 00:00:00,1999,Q3,1235200000.0,662300000.0,572900000.0,0.4638115285,0,566200000.0,-39200000.0,527000000.0,258900000.0,785900000.0,1448200000.0,0.0,0.0,-63800000.0,-149200000.0,-0.1207901554,-213000000.0,-0.1724417098,421000000.0,208000000.0,0.1683937824,81000000.0,127000000.0,0.1028173575,0.17,0.16,747058824,793750000,https://www.sec.gov/Archives/edgar/data/92380/000009238099000024/0000092380-99-000024-index.html,https://www.sec.gov/Archives/edgar/data/92380/000009238099000024/,1.653417321793123,0.1699999998929134,0.1464409447896435,-0.3001102360314266,0.3569999997751181,3.749637792913614,3.749637792913614,3.749637792913614,0.8356771648279199,7567705887.120001,7925305887.120001,14.897058832913386,6.126704895660622,69.17464247824498,-33.754263546476366,2.7015942764243897,2.7015942764243897,6.416212667681348,-53.11867216568365,72.4433810522852,-35.34926800677967,0.0167818361197347,-0.0296258870712168,0.222868770526917,0.1174025876335188,-2.396782841823056,0.4879145025968837,0.0,0.8614173228346457,3.964213256630264e-05,0.0023622047244094,0.4583873056994819,0.0,0.0,3.049360146252285,0.2700777202072539,-5.22884012539185,0.0,3.7871314406632384,-0.0300818552067597,0.0238829547164134,-2.8620905493782107,-512700000.0,2801200000.0,-2027900000.0,4308200000.0,114900000.0,173400000.0,57200000.0,8.23348445595855,23.114902612109315,7.283708289294881,10.930973451327434,3.893592004703115,12.35634328358209,0.0453377124089675,0.4465511808210701,1999-10-19,0.16,bmo,1235200000.0,2025-04-25,1999-09-30,0.0,12.016875,3777616.40625
1999-06-30,LUV,USD,92380,1999-08-13,1999-08-13 00:00:00,1999,Q2,1220500000.0,608400000.0,612100000.0,0.5015157722,0,559600000.0,-40200000.0,519400000.0,258600000.0,778000000.0,1386400000.0,0.0,0.0,-59500000.0,-106468000.0,-0.0872331012,-165900000.0,-0.1359278984,422568000.0,256600000.0,0.2102417042,98800000.0,157800000.0,0.1292912741,0.21,0.19,751428571,830526316,https://www.sec.gov/Archives/edgar/data/92380/000009238099000017/0000092380-99-000017-index.html,https://www.sec.gov/Archives/edgar/data/92380/000009238099000017/,1.624239544652608,0.2100000001197718,0.4822813690963582,0.1100570342833024,0.6488973387731354,3.5572243366295955,3.5572243366295955,3.5572243366295955,0.8316159700560547,10392257136.93,10529557136.93,16.46428570489544,8.514753901622287,28.676206227731782,125.66211773796856,3.8878627523120097,3.8878627523120097,8.627248780770177,-98.898797168445,29.055069362389627,127.32233539214027,0.0151843817874021,0.0079578477428273,0.2337822671156004,0.118300740207864,-1.2895893601833417,0.6490341216826142,0.0,2.296577946768061,0.0005292401763669,0.0348542458808618,0.4585006145022531,0.0,0.0,0.7717991169977925,0.2291683736173699,-4.700840336134454,0.0,4.09974206507691,-0.0243945007928602,0.0298733506237813,-2.666520914068358,-388800000.0,2673000000.0,-1890300000.0,4170100000.0,116450000.0,168850000.0,56450000.0,8.612863580499795,26.13905325443787,8.994082840236686,10.449486301369864,3.443123938879457,10.00657894736842,0.0590347923681257,0.3722243348130557,1999-07-20,0.2,bmo,1281525000.0,2025-04-25,1999-06-30,-0.05,14.328095238095235,3126595.0
1999-03-31,LUV,USD,92380,1999-05-13,1999-05-13 00:00:00,1999,Q1,1075600000.0,576900000.0,498700000.0,0.4636481964,0,530000000.0,-39100000.0,490900000.0,242900000.0,733800000.0,1310700000.0,0.0,0.0,-56800000.0,-178329000.0,-0.1657949052,-235100000.0,-0.2185756787,391229000.0,156100000.0,0.1451283005,60300000.0,95800000.0,0.0890665675,0.13,0.12,736923077,798333333,https://www.sec.gov/Archives/edgar/data/92380/000009238099000007/0000092380-99-000007-index.html,https://www.sec.gov/Archives/edgar/data/92380/,1.459582463313196,0.12999999998643,0.421617954026971,0.0293110647151032,0.5503966596502717,3.40605427939394,3.40605427939394,3.40605427939394,0.8521920667168902,9904246154.88,10126646154.88,25.846153848851777,9.208112825288213,31.877200369745733,458.5299145777778,3.945914802741035,3.945914802741035,9.41488114064708,-56.78631156390716,32.59300339517219,468.8262108740741,0.0096726190466093,0.0021808827913023,0.250199203187251,0.1263861216768299,-1.247133107907295,0.6199579621659493,0.0,3.24321503131524,0.0005048339794681,0.0521920668058455,0.4927482335440684,0.0,0.0,0.9304795622787254,0.2687802156935663,-5.089788732394366,0.0,3.1563758911427717,-0.0362638609854361,0.0192799211092998,-2.632805323315991,-379700000.0,2510000000.0,-1839500000.0,3965300000.0,102449500.0,159207500.0,51067500.0,9.71457791000372,25.117004680187208,8.127925117004681,9.26442721791559,3.5832298136645964,11.072936660268716,0.0381673306772908,0.3923068893118677,1999-04-20,0.11,bmo,880036363.0,2025-04-25,1999-03-31,0.1818181818181818,12.880491803278687,3658130.62295082
1998-12-31,LUV,USD,92380,1999-03-26,1999-03-26 00:00:00,1998,Q4,1047680000.0,564303000.0,483377000.0,0.4613784743,0,511900000.0,-37700000.0,474200000.0,1349269000.0,1823469000.0,2387772000.0,0.0,0.0,390812000.0,-949280000.0,-0.9060781918,-1340092000.0,-1.2791043067,1503604000.0,163512000.0,0.1560705559,63081000.0,100431000.0,0.0958603772,0.14,0.14,736923077,736923077,https://www.sec.gov/Archives/edgar/data/92380/000095013499002046/0000950134-99-002046-index.html,https://www.sec.gov/Archives/edgar/data/92380/,1.4216951981814514,0.1362842379815987,0.2630328809746312,-0.1089136743101342,0.5136370563138166,3.253959707384764,3.253959707384764,3.253959707384764,0.8621049059642897,7428184616.16,7684978616.16,18.49076633748544,7.090127344379964,38.32220505151288,-92.5503621455003,3.097764233872885,3.097764233872885,7.335234629047037,-8.09558677751559,39.64701223287848,-95.74984882022402,0.0135202617045236,-0.0108049280069577,0.2649402523355678,0.1347127944977052,-0.2705144951963593,0.6749579440735529,0.0,1.9300315639593355,2.1539583123973567e-06,0.0001593133594208,0.4886033903481979,0.0,0.0,1.41406866664947,0.2616218692730604,0.7013500097233453,0.0,3.158785673440756,-0.2122848481352277,0.0212958195893295,-2.507656915187092,-276498000.0,2397918000.0,-1743923000.0,3861112000.0,99299500.0,177407500.0,49417500.0,7.628197541233965,25.1059271348903,7.980021371497228,11.798331062286737,3.584810850300162,11.27816528430099,0.0418825831408747,0.3719465552847655,1999-01-21,0.13,bmo,1047680000.0,2025-04-25,1998-12-31,0.0,9.35515625,2966259.375
1998-09-30,LUV,USD,92380,1998-11-13,1998-11-13 00:00:00,1998,Q3,1094900000.0,561900000.0,533000000.0,0.4868024477,0,522200000.0,-40100000.0,482100000.0,234900000.0,717000000.0,1278900000.0,0.0,0.0,-59600000.0,-130400000.0,-0.1190976345,-184000000.0,-0.1680518769,395000000.0,211000000.0,0.1927116632,81400000.0,129600000.0,0.1183669742,0.17,0.17,762352941,762352941,https://www.sec.gov/Archives/edgar/data/92380/000009238098000014/0000092380-98-000014-index.html,https://www.sec.gov/Archives/edgar/data/92380/,1.4362114200855427,0.1700000000393518,0.2412268519076914,-0.0226929012398208,0.59316358038422,2.978541667356144,2.978541667356144,2.978541667356144,0.8299305557476692,6861176469.0,7041676469.0,13.235294114583334,6.266486865467166,37.30927933115824,-396.5997958959538,3.0216129250891792,3.0216129250891792,6.431342103388437,-54.000586418711656,38.29079102229473,-407.0333219075145,0.0188888888932613,-0.0025214334710912,0.278636543797067,0.1379543422802695,-1.38420245398773,0.7355501004240125,0.0,1.4189814814814814,0.0003789437586611,0.0200617283950617,0.4769385331993789,0.0,0.0,1.0940728656878738,0.1837610740706914,-3.3758389261744965,0.0,3.375340261406915,-0.0305382927324026,0.0282580729564136,-2.304247685718576,-237000000.0,2270700000.0,-1656400000.0,3686100000.0,110950000.0,181450000.0,48000000.0,9.025481779157914,31.617725573945545,7.816337426588361,9.97176684881603,2.846504559270517,11.51434426229508,0.0570749108204518,0.2639197531475123,1998-10-20,0.16,bmo,1094900000.0,2025-04-25,1998-09-30,0.0,9.06609375,3027663.421875
1998-06-30,LUV,USD,92380,1998-08-14,1998-08-14 00:00:00,1998,Q2,1078800000.0,558800000.0,520000000.0,0.482017056,0,508200000.0,-41500000.0,466700000.0,232200000.0,698900000.0,1257700000.0,0.0,0.0,-54000000.0,-131500000.0,-0.1218946978,-178900000.0,-0.1658324064,395500000.0,216600000.0,0.2007786429,83200000.0,133400000.0,0.123655914,0.18,0.17,741111111,784705882,https://www.sec.gov/Archives/edgar/data/92380/000009238098000009/0000092380-98-000009-index.html,https://www.sec.gov/Archives/edgar/data/92380/,1.4556521741312822,0.1800000000269865,0.3954872564311075,0.0773163418406771,0.765337331449076,3.014122938982627,3.014122938982627,3.014122938982627,0.8605997002789505,6492133332.36,6562733332.36,12.16666666484258,6.017921146051168,22.149891956192423,113.3007562366492,2.906318082352941,2.906318082352941,6.083364230960326,-49.90671735634981,22.390765378232683,114.53286792949388,0.0205479452085601,0.0088260664201686,0.2855224281493419,0.1396051306746049,-0.5368821292775665,0.8343354090616276,0.0,2.1971514242878563,0.0003542749173889,0.0172413793103448,0.4710789766407119,0.0,0.0,0.804503582395087,0.2185761957730812,-4.366666666666666,0.0,3.493880064442654,-0.0301668097062223,0.0291993170774416,-2.2397788609055143,-154300000.0,2233800000.0,-1557700000.0,3633100000.0,114300000.0,157600000.0,47550000.0,9.35205784204672,26.655332856120257,7.60200429491768,9.623550401427297,3.3764350453172205,11.83898305084746,0.0597188647148357,0.3181709145904304,1998-07-23,0.16,bmo,943950000.0,2025-04-25,1998-06-30,0.1249999999999999,8.319682539682539,3028259.206349206
1998-03-31,LUV,USD,92380,1998-05-14,1998-05-14 00:00:00,1998,Q1,942600000.0,543400000.0,399200000.0,0.423509442,0,476000000.0,-38400000.0,437600000.0,220400000.0,658000000.0,1201400000.0,0.0,0.0,-52000000.0,-210800000.0,-0.2236367494,-258800000.0,-0.2745597284,372800000.0,114000000.0,0.1209420751,44000000.0,70000000.0,0.0742626777,0.09,0.09,777777778,777777778,https://www.sec.gov/Archives/edgar/data/92380/000009238098000005/0000092380-98-000005-index.html,https://www.sec.gov/Archives/edgar/data/92380/,1.2119142853680245,0.0899999999742857,0.2768142856351959,-0.0266142857066816,0.6517285712423633,2.6943428563730447,2.6943428563730447,2.6943428563730447,0.822342856907902,6813333335.28,6946033335.28,24.333333340285712,7.228233964863144,31.645765607431485,-329.1465379362319,3.251256602061462,3.251256602061462,7.369014783874389,-32.95082227362429,32.2621148875058,-335.55716595555555,0.0102739725998043,-0.0030381604687992,0.3052109181141439,0.1474004424778761,-0.6295066413662239,0.8137199593816992,0.0,3.0757142857142856,0.0006457925634162,0.0628571428571428,0.5049862083598557,0.0,0.0,1.096144914073386,0.2503713133884999,-4.538461538461538,0.0,2.3358176903595336,-0.045826421173041,0.016132005899705,-2.0897678565457807,-165100000.0,2095600000.0,-1522400000.0,3448700000.0,96515000.0,155295500.0,50138000.0,11.123488224061107,24.79389032020611,7.933382407066618,8.090987124463519,3.629926519706079,11.34446764091858,0.0334033212445123,0.3034285713418775,1998-04-23,0.09,bmo,942600000.0,2025-04-25,1998-03-31,0.0,8.344754098360655,3984945.770491803
1997-12-31,LUV,USD,92380,1998-04-08,1998-04-08 00:00:00,1997,Q4,975521000.0,559100000.0,416421000.0,0.4268703595,0,319042000.0,-39600000.0,279442000.0,1529343000.0,1808785000.0,2367885000.0,0.0,0.0,341368000.0,-1050996000.0,-1.0773689136,-1392364000.0,-1.4273029489,1521720000.0,129356000.0,0.1326019635,48784000.0,80572000.0,0.082593814,0.1,0.1,777777778,777777778,https://www.sec.gov/Archives/edgar/data/92380/000009238098000002/0000092380-98-000002-index.html,https://www.sec.gov/Archives/edgar/data/92380/,1.254241285355931,0.1035925713989735,0.2181702856519513,0.074906999978598,0.8014409997710169,2.5830231421191363,2.5830231421191363,2.5830231421191363,0.9635528568675564,5677777779.4,5803864779.4,17.61709334322097,5.820251721285343,33.460101948281554,97.45417654005252,2.8261457982954856,2.8261457982954856,5.949502654889028,-5.5222520156118575,34.20315390245627,99.61835154563086,0.0141907632053388,0.0102612328737805,0.3730329942290213,0.1764959398609567,-0.1199690579221995,0.9285019337649524,0.0,2.106041801121978,1.2328767119765163e-06,8.68788164622946e-05,0.3270478031738937,0.0,0.0,0.6566581019282448,0.1142230664434696,0.3264131377281994,0.0,2.4536901207551653,-0.2478620340324845,0.0189752623546922,-1.9674173565807376,-62097000.0,2009018000.0,-1430726000.0,3373596000.0,91265000.0,162695500.0,52338000.0,7.060534832156356,25.899105705598284,8.431121445179754,12.746909708611,3.475023463089918,10.67473652054376,0.0401051658073745,0.1432632856733533,1998-01-22,0.08,bmo,1341341375.0,2025-04-25,1997-12-31,-0.375,6.8840625,3471060.0
1997-09-30,LUV,USD,92380,1997-11-14,1997-11-14 00:00:00,1997,Q3,997200000.0,565100000.0,432100000.0,0.4333132772,0,475200000.0,-39900000.0,435300000.0,218700000.0,654000000.0,1219100000.0,0.0,0.0,-49900000.0,-172000000.0,-0.1724829523,-221900000.0,-0.2225230646,372300000.0,150400000.0,0.1508223024,57900000.0,92500000.0,0.0927597272,0.12,0.12,770833333,770833333,https://www.sec.gov/Archives/edgar/data/92380/000009238097000016/0000092380-97-000016-index.html,https://www.sec.gov/Archives/edgar/data/92380/,1.2936648654242875,0.1200000000518918,0.1644972973684312,-0.0495567567781867,0.7188324327432789,2.4745945956646898,2.4745945956646898,2.4745945956646898,0.9751783788000772,4871666664.56,5069266664.56,13.166666660972972,4.885345632330526,38.420084105362776,-127.53054095706808,2.553953690463958,2.553953690463958,5.083500465864421,-29.47248060790698,39.978443726813886,-132.70331582617803,0.0189873417803626,-0.0078412589838903,0.3940760157273918,0.1814823756639304,-1.1488372093023256,0.8424215446249722,0.0,1.3708108108108108,0.000348956551639,0.0183783783783783,0.4765342960288808,0.0,0.0,1.3012618296529967,0.1654632972322503,-3.306613226452906,0.0,2.584841467321336,-0.0405811482592163,0.0223322066634476,-2.0429189198023434,-141600000.0,1907500000.0,-1477500000.0,3239300000.0,97200000.0,153400000.0,51100000.0,9.566787003610107,26.198902849053265,8.329499203680765,9.407547169811322,3.435258358662614,10.804971319311663,0.0484927916120576,0.2140540541466179,1997-10-23,0.12,bmo,997200000.0,2025-04-25,1997-09-30,0.0,5.73453125,3696698.84375
1997-06-30,LUV,USD,92380,1997-08-14,1997-08-14 00:00:00,1997,Q2,956900000.0,531800000.0,425100000.0,0.4442470478,0,465800000.0,-40600000.0,425200000.0,201700000.0,626900000.0,1158700000.0,0.0,0.0,-47500000.0,-154300000.0,-0.1612498694,-201800000.0,-0.2108893301,355600000.0,153800000.0,0.1607273487,60000000.0,93800000.0,0.098024872,0.12,0.12,781666667,781666667,https://www.sec.gov/Archives/edgar/data/92380/000009238097000014/0000092380-97-000014-index.html,https://www.sec.gov/Archives/edgar/data/92380/,1.2241791039555738,0.1199999999488272,0.2822174838881802,-0.0972281449478771,0.7391897651432027,2.2985501056296163,2.2985501056296163,2.2985501056296163,0.9643496797593392,3994316668.37,4170316668.37,10.645833337873135,4.174225800365765,18.10660321110608,-52.55679826802632,2.223140573479156,2.223140573479156,4.358153065492737,-27.02732772760856,18.90442732715322,-54.87258774171053,0.0234833659391051,-0.0190270342363751,0.4195469471809428,0.1867690782953419,-1.1406351263771872,0.8294548235551186,0.0,2.35181236673774,0.000425604713182,0.0181236673773987,0.4867802278189988,0.0,0.0,1.344514959202176,0.3099592433901139,-6.24421052631579,0.0,2.4912015740508524,-0.0380140790445683,0.0232408325074331,-2.008848613215843,-156100000.0,1796700000.0,-1480100000.0,3116500000.0,86450000.0,143000000.0,50050000.0,8.314348416762462,24.08236179014667,8.444904099285445,10.824660633484164,3.737174982431483,10.657314629258517,0.052206823621083,0.3794456288360573,1997-07-24,0.12,bmo,956900000.0,2025-04-25,1997-06-30,0.0,5.03859375,3523136.21875
1997-03-31,LUV,USD,92380,1997-05-15,1997-05-15 00:00:00,1997,Q1,887100000.0,548000000.0,339100000.0,0.3822567918,0,439400000.0,-37100000.0,402300000.0,206300000.0,608600000.0,1156600000.0,0.0,0.0,-48400000.0,-221100000.0,-0.2492390937,-269500000.0,-0.3037988953,352900000.0,83400000.0,0.0940142036,32500000.0,50900000.0,0.0573779732,0.07,0.07,727142857,727142857,https://www.sec.gov/Archives/edgar/data/92380/000009238097000006/0000092380-97-000006-index.html,https://www.sec.gov/Archives/edgar/data/92380/,1.2199803538742593,0.0700000000137524,0.1285854617148498,-0.0308055009883704,0.8972102162862888,2.3377799611665577,2.3377799611665577,2.3377799611665577,1.0416110021692753,3177614285.09,3282614285.09,15.607142854076622,3.582024895829106,33.98517951967914,-141.857780584375,1.8692948321018883,1.8692948321018883,3.7003881017810847,-14.84674032152872,35.10817417208556,-146.545280584375,0.0160183066393026,-0.0070493137273158,0.4455556209188775,0.196360053925127,-0.4748982360922659,1.0810349356448647,0.0,1.836935166994106,0.0010070448181879,0.0628683693516699,0.4953218351933265,0.0,0.0,1.239572192513369,0.1306504339984218,-2.394628099173554,0.0,1.918854720806322,-0.052819208987338,0.0131961007985066,-1.9479322204219909,61700000.0,1699900000.0,-1334200000.0,3091700000.0,78970000.0,178966000.0,50647000.0,8.572877916807576,23.60036496350365,8.244525547445255,10.498224852071006,3.813500347947112,10.91633466135458,0.0299429378198717,0.1593909627032202,1997-04-24,0.05,bmo,878228998.0,2025-04-25,1997-03-31,0.4000000000000001,4.525737704918033,2948599.3278688523
1996-12-31,LUV,USD,92380,1997-07-10,1997-07-10 00:00:00,1996,Q4,831870000.0,549600000.0,282270000.0,0.3393198456,0,417700000.0,-34400000.0,383300000.0,1323935000.0,1707235000.0,2256835000.0,0.0,0.0,319770000.0,-1105195000.0,-1.3285669636,-1424965000.0,-1.7129659682,1471327000.0,46362000.0,0.0557322659,18225000.0,28137000.0,0.0338237946,0.0387,0.0387,727142857,727142857,https://www.sec.gov/Archives/edgar/data/92380/000009238097000010/0000092380-97-000010-index.html,https://www.sec.gov/Archives/edgar/data/92380/,1.1440255404998083,0.0386952848799008,0.232867583542803,-0.0176072691586654,0.8001742634185018,2.266833792193877,2.266833792193877,2.266833792193877,0.9111730846583838,3163071427.95,3243783427.95,28.104199345612532,3.8023626623751294,18.68014402786308,-247.05705131219244,1.9189761573961728,1.9189761573961728,3.899387437880919,-2.935032666588249,19.156804710089293,-253.36119877763025,0.0088954677884829,-0.0040476480824518,0.4019584884415086,0.1779392337112684,-0.0730296463520012,0.9811681151391944,0.0,6.017983438177489,5.058374546530449e-06,0.0005686462664818,0.5021217257504177,0.0,0.0,1.075610649154304,0.2189416615576953,0.5695687525408888,0.0,1.4048505385618002,-0.2911418227418284,0.0075566425915118,-1.9428080553915144,-14414000.0,1648312000.0,-1324177000.0,2954809000.0,78870000.0,173666000.0,51747000.0,7.945472249269717,35.08165938864629,8.366921397379912,11.327205882352942,2.5654430710631466,10.75664461580616,0.0170701905949844,0.2504748527014685,1997-01-23,0.03263,bmo,831869998.0,2025-04-25,1996-12-31,0.225865767698437,4.57734375,4304151.0
1996-09-30,LUV,USD,92380,1996-11-13,1996-11-13 00:00:00,1996,Q3,891500000.0,547800000.0,343700000.0,0.3855300056,0,426200000.0,-37100000.0,389100000.0,202800000.0,591900000.0,1139700000.0,0.0,0.0,-46200000.0,-202000000.0,-0.2265844083,-248200000.0,-0.2784071789,348500000.0,100300000.0,0.1125070107,39400000.0,60900000.0,0.068311834,0.08,0.08,761250000,761250000,https://www.sec.gov/Archives/edgar/data/92380/000009238096000015/0000092380-96-000015-index.html,https://www.sec.gov/Archives/edgar/data/92380/,1.1711001642036123,0.08,0.1077175697865353,-0.1045648604269293,0.780295566502463,2.1215106732348112,2.1215106732348112,2.1215106732348112,0.8727750410509031,3440849999.9999995,3511249999.9999995,14.124999999999998,3.85961862030286,41.96158536585365,-43.22675879396984,2.130557275541795,2.130557275541795,3.9385866517106,-17.382425742574256,42.82012195121951,-44.111180904522605,0.0176991150442477,-0.0231338186785242,0.4113931888544891,0.1835612653681447,-0.3485148514851485,1.0736579275905118,0.0,1.3464696223316912,0.0004650013804728,0.0262725779967159,0.47807066741447,0.0,0.0,1.9707317073170727,0.1812675266404935,-3.497835497835498,0.0,1.9541543469804683,-0.0517732908187626,0.0168255283878988,-1.7354022988505746,53100000.0,1615000000.0,-1230500000.0,2895300000.0,91650000.0,120300000.0,51150000.0,8.510375771172182,21.867469879518072,8.608981380065718,10.575326215895611,4.115702479338843,10.454198473282442,0.0377089783281733,0.2122824302134646,1996-10-24,0.08,bmo,891500000.0,2025-04-25,1996-09-30,0.0,4.78484375,3497981.328125
1996-06-30,LUV,USD,92380,1996-08-14,1996-08-14 00:00:00,1996,Q2,910300000.0,517600000.0,392700000.0,0.431396243,0,424600000.0,-37600000.0,387000000.0,198600000.0,585600000.0,1103200000.0,0.0,0.0,-46100000.0,-148400000.0,-0.1630231792,-192900000.0,-0.2119081621,332900000.0,140000000.0,0.153795452,54700000.0,85300000.0,0.0937053719,0.11,0.11,775454545,775454545,https://www.sec.gov/Archives/edgar/data/92380/000009238096000013/0000092380-96-000013-index.html,https://www.sec.gov/Archives/edgar/data/92380/,1.173892146057381,0.1100000000644783,0.2865416179874218,0.0269519343651535,0.6167995314283702,2.003856976555602,2.003856976555602,2.003856976555602,0.8605275503285624,4365809088.35,4554809088.35,12.795454537954278,4.796011302153136,19.648105708145813,208.8903870023924,2.8095817545208828,2.8095817545208828,5.003635162418983,-30.69278361421833,20.498690766651663,217.9334492033493,0.0195381882885396,0.0047871997096187,0.4294356136173499,0.1868402631947361,-1.2735849056603774,0.8765497230282248,0.0,2.6049237983587337,0.0003664841882961,0.0187573270808909,0.4664396352850709,0.0,0.0,0.905940594059406,0.2211358892672745,-4.366594360086768,0.0,2.22700382125452,-0.0416054424176835,0.0238835223295534,-1.85710433872046,-93600000.0,1553900000.0,-1353000000.0,2809900000.0,98250000.0,116700000.0,48900000.0,9.787981983961332,18.69204018547141,8.676584234930449,9.194949494949494,4.814883720930233,10.372745490981965,0.0548941373318746,0.2595896836222682,1996-07-25,0.11,bmo,,2025-04-25,1996-06-30,0.0,5.760476190476191,3964604.587301587
1996-03-31,LUV,USD,92380,1996-05-14,1996-05-14 00:00:00,1996,Q1,772500000.0,492300000.0,280200000.0,0.3627184466,0,391400000.0,-31800000.0,359600000.0,189400000.0,549000000.0,1041300000.0,0.0,0.0,-44000000.0,-226100000.0,-0.2926860841,-268800000.0,-0.347961165,323600000.0,54800000.0,0.0709385113,21800000.0,33000000.0,0.0427184466,0.05,0.05,660000000,660000000,https://www.sec.gov/Archives/edgar/data/92380/000009238096000005/0000092380-96-000005-index.html,https://www.sec.gov/Archives/edgar/data/92380/,1.1704545454545454,0.05,0.2146969696969697,0.014090909090909,0.4919696969696969,2.2216666666666667,2.2216666666666667,2.2216666666666667,1.0131818181818182,3861000000.0,4205000000.0,29.25,4.998058252427184,27.247706422018343,415.1612903225806,2.633158289572393,2.633158289572393,5.44336569579288,-18.59796550199027,29.675370501058573,452.1505376344086,0.0085470085470085,0.0024087024087024,0.4560458296392279,0.1984685246193571,-1.5214506855373728,0.7376448159554186,0.0,4.293939393939394,0.0007770007770007,0.0909090909090909,0.5066666666666667,0.0,0.0,0.9343683839096684,0.1713915857605178,-3.0090909090909093,0.0,1.5809411753762377,-0.0599779950862183,0.009794319294809,-2.244280303030303,-178900000.0,1466300000.0,-1400000000.0,2683900000.0,88650000.0,121200000.0,44450000.0,11.359223300970871,23.01645338208409,8.756855575868373,7.923076923076923,3.910246227164416,10.2776617954071,0.0225056264066016,0.2006060606060606,1996-04-23,0.05,bmo,,2025-04-25,1996-03-31,-0.2,5.448571428571428,4110959.0
1995-12-31,LUV,USD,92380,1996-03-28,1996-03-28 00:00:00,1995,Q4,748551000.0,469400000.0,279151000.0,0.3729218183,0,368900000.0,-31000000.0,337900000.0,1091920000.0,1429820000.0,1899220000.0,0.0,0.0,271171000.0,-879498000.0,-1.1749339724,-1150669000.0,-1.5371951944,1220709000.0,70040000.0,0.093567439,26714000.0,43326000.0,0.0578798238,0.0656,0.0656,660000000,660000000,https://www.sec.gov/Archives/edgar/data/92380/000095013496000944/0000950134-96-000944-index.html,https://www.sec.gov/Archives/edgar/data/92380/,1.134168181818182,0.0656454545454545,0.1644575757575757,-0.0727287878787878,0.4808530303030303,2.16260303030303,2.16260303030303,2.16260303030303,1.0220090909090909,2996400000.0,3353563000.0,17.289849051377924,4.002933667846279,27.605903705478067,-62.42369950626029,2.099321945074609,2.099321945074609,4.480072834048715,-3.8130422127168,30.896454828545632,-69.86444032415992,0.0144593512214657,-0.0160195568014951,0.4725828441874901,0.2071562429171879,-0.4060987063074617,0.7748439703187411,0.0,2.505239348197388,1.635295688159124e-05,0.0011309606241056,0.4928187925739195,0.0,0.0,1.4422343424665107,0.2091280353643238,0.5772851816750316,0.0,1.787236365405104,-0.2676897591918007,0.013306012489704,-2.168319696969697,-137485000.0,1427318000.0,-1355668000.0,2641822000.0,100050000.0,132300000.0,39600000.0,9.59453664479775,22.33702599062633,7.8610992756710685,9.38033834586466,4.029184549356224,11.448780487804878,0.0303548333307644,0.2371863636363636,1996-01-25,0.05,bmo,,2025-04-25,1995-12-31,0.1999999999999999,4.614603174603175,2936105.476190476
1995-09-30,LUV,USD,92380,1995-11-14,1995-11-14 00:00:00,1995,Q3,765000000.0,442700000.0,322300000.0,0.4213071895,0,372800000.0,-31600000.0,341200000.0,161800000.0,503000000.0,945700000.0,0.0,0.0,-38800000.0,-142000000.0,-0.185620915,-180700000.0,-0.2362091503,294900000.0,114200000.0,0.1492810458,46500000.0,67700000.0,0.088496732,0.09,0.09,752222222,752222222,https://www.sec.gov/Archives/edgar/data/92380/000009238095000034/0000092380-95-000034-index.html,https://www.sec.gov/Archives/edgar/data/92380/,1.0169867063565692,0.0900000000265878,0.0660709010534921,-0.2181536189713895,0.4862924669088013,1.837355982817535,1.837355982817535,1.837355982817535,0.9103692764875536,3731022221.12,4050022221.12,13.777777773707534,4.877153230222223,75.07086964024145,-22.73627191419866,2.6995313082410823,2.6995313082410823,5.2941466942745095,-28.521283247323943,81.48938070663984,-24.680208538208408,0.018145161295683,-0.0439825844700382,0.4954778959554301,0.2108179663208447,-2.2464788732394365,0.871830550401979,0.0,0.7341211225997046,0.0003752322867644,0.0206794682422452,0.4873202614379085,0.0,0.0,4.301810865191147,0.2794771241830065,-5.510309278350515,0.0,1.9288975779715896,-0.0409614960149448,0.0208416710279223,-1.849287297444398,-82900000.0,1382100000.0,-1302300000.0,2597900000.0,106850000.0,144950000.0,39000000.0,14.152941176470588,30.10842557036368,7.765981477298396,6.359102244389027,2.98919648885888,11.589005235602096,0.0489834310107807,0.2842245200248817,1995-10-19,0.09,bmo,,2025-04-25,1995-09-30,0.0,5.277301587301587,3886288.444444445
1995-06-30,LUV,USD,92380,1995-08-11,1995-08-11 00:00:00,1995,Q2,738200000.0,429600000.0,308600000.0,0.4180438905,0,361200000.0,-31200000.0,330000000.0,163300000.0,493300000.0,922900000.0,0.0,0.0,-38300000.0,-146500000.0,-0.1984557031,-184700000.0,-0.250203197,285500000.0,100800000.0,0.1365483609,41100000.0,59700000.0,0.0808723923,0.08,0.08,746250000,746250000,https://www.sec.gov/Archives/edgar/data/92380/000009238095000031/0000092380-95-000031-index.html,https://www.sec.gov/Archives/edgar/data/92380/,0.989212730318258,0.08,0.2596984924623116,0.0493132328308207,0.5372194304857622,1.7590619765494138,1.7590619765494138,1.7590619765494138,0.921139028475712,3522300000.0,3808800000.0,14.749999999999998,4.771471146030886,18.17492260061919,95.71467391304348,2.683248266930754,2.683248266930754,5.159577350311569,-25.99863481228669,19.653250773993808,103.5,0.0169491525423728,0.0104477188200891,0.5236535385084178,0.215317149569303,-1.955631399317406,0.8227187001305672,0.0,3.240802675585284,0.0003974675638077,0.0234505862646566,0.489298293145489,0.0,0.0,0.8101135190918473,0.2126794906529396,-4.099216710182768,0.0,1.7794132622268906,-0.0434676841013763,0.0187000783085356,-1.8612395309882748,-122200000.0,1312700000.0,-1312700000.0,2500100000.0,95000000.0,139800000.0,38350000.0,11.387157951774586,29.70670391061453,8.337988826815643,7.903640256959315,3.029619181946404,10.793969849246231,0.045478784185267,0.2103852596314908,1995-07-24,0.07,bmo,,2025-04-25,1995-06-30,0.1428571428571427,4.335714285714285,3973395.603174603
1995-03-31,LUV,USD,92380,1995-05-11,1995-05-11 00:00:00,1995,Q1,621000000.0,406100000.0,214900000.0,0.3460547504,0,341500000.0,-29500000.0,312000000.0,150700000.0,462700000.0,868800000.0,0.0,0.0,-37300000.0,-210600000.0,-0.3391304348,-247800000.0,-0.3990338164,267800000.0,20000000.0,0.0322061192,8200000.0,11800000.0,0.0190016103,0.0159,0.0159,741817617,741817617,https://www.sec.gov/Archives/edgar/data/92380/000009238095000028/0000092380-95-000028-index.html,https://www.sec.gov/Archives/edgar/data/92380/,0.8371329903317731,0.0159068748565457,0.1407354012731676,-0.1306250994575665,0.2328065498072419,1.6872071669875155,1.6872071669875155,1.6872071669875155,0.9283953147205992,2618616188.01,3134616188.01,55.47915652563559,4.216773249613526,25.08253053649425,-27.02390286904025,2.092214915316395,2.092214915316395,5.047691124009662,-14.884217416951566,30.02505927212643,-32.34898026842105,0.0045061968432141,-0.0370042774667327,0.5502556727388942,0.2289713411795997,-2.45014245014245,0.5557568769560204,0.0,8.847457627118644,0.0011074551563831,0.2457627118644068,0.5499194847020934,0.0,0.0,1.9281609195402296,0.3241545893719806,-5.396782841823057,0.0,0.7770838747539384,-0.0605767557489123,0.003923133187047,-2.012084865328832,-269700000.0,1251600000.0,-1418800000.0,2396900000.0,86150000.0,127700000.0,37232500.0,14.0,30.539276040384145,8.177788721989659,6.428571428571429,2.947024673439768,11.005420054200542,0.0094279322467241,0.2713605007307342,1995-04-21,0.02376,bmo,,2025-04-25,1995-03-31,-0.1582491582491582,3.5687301587301588,3927118.015873016
1994-12-31,LUV,USD,92380,1995-03-30,1995-03-30 00:00:00,1994,Q4,626133000.0,417700000.0,208433000.0,0.3328893382,0,336300000.0,-34200000.0,302100000.0,941124000.0,1243224000.0,1660924000.0,0.0,0.0,241645000.0,-793146000.0,-1.2667372587,-1034791000.0,-1.6526696405,1070514000.0,35723000.0,0.0570533736,15392000.0,20331000.0,0.032470737,0.0278,0.0278,716904762,732500000,https://www.sec.gov/Archives/edgar/data/92380/000093066195000050/0000930661-95-000050-index.html,https://www.sec.gov/Archives/edgar/data/92380/,0.8733837926438547,0.0283594154728184,0.1093115908190884,-0.1344432414301636,0.2434605114256445,1.7278529389933108,1.7278529389933108,1.7278529389933108,0.8266425771070551,2372954762.2200003,2791040762.2200003,29.179021718311937,3.7898573661187,30.28041194165837,-24.62005501198344,1.9156722920693048,1.9156722920693048,4.457584510351635,-3.518949553070936,35.615455200214384,-28.95781167031531,0.008567799236501,-0.0406172934834331,0.4784218369814952,0.2099217483371831,-0.5271236317147159,0.6029410075248435,0.0,3.854507894348531,0.0005992528903794,0.0699424524125719,0.5371063336383803,0.0,0.0,2.229908378633591,0.2790924611863614,0.7231641457509984,0.0,1.050009636093373,-0.2549088599150562,0.0072017317311537,-1.8611530718218328,-207372000.0,1238706000.0,-1269467000.0,2297591000.0,89600000.0,125050000.0,36432500.0,10.881074787624994,25.33875987550874,8.093966961934402,8.27124174372523,3.55187074829932,11.119393052043126,0.0164130956013775,0.2437548322492521,1995-01-26,,bmo,,2025-04-25,1994-12-31,,4.052698412698413,5254183.984126984
1994-09-30,LUV,USD,92380,1994-09-30,1994-09-29 20:00:00,1994,Q3,685300000.0,383600000.0,301700000.0,0.4402451481,0,343400000.0,-38500000.0,304900000.0,147700000.0,452600000.0,836200000.0,0.0,0.0,-36300000.0,-119600000.0,-0.1745221071,-150900000.0,-0.2201955348,248000000.0,97100000.0,0.1416897709,38500000.0,58600000.0,0.0855099956,0.08,0.08,732500000,732500000,,,0.9355631399317406,0.08,0.1120819112627986,-0.2161092150170648,0.3698293515358362,1.659249146757679,1.659249146757679,1.659249146757679,0.8103754266211604,3252300000.0000005,3575000000.0000005,13.875000000000002,4.7458047570407125,39.61388550548112,-20.54516740366393,2.675909165706764,2.675909165706764,5.21669341894061,-29.89130434782609,43.54445797807552,-22.58370183196463,0.018018018018018,-0.048673246625465,0.4883988810268224,0.2102057438294557,-2.698160535117057,0.7746159217877095,0.0,1.401023890784983,0.0004304645942871,0.0238907849829351,0.5010944112067708,0.0,0.0,2.928136419001218,0.3507952721435867,-6.622589531680441,0.0,1.728192253241468,-0.0402868317231566,0.0207514430397676,-1.6960068259385666,-129100000.0,1215400000.0,-1164800000.0,2247800000.0,96400000.0,128200000.0,31900000.0,13.592587188092809,31.087069864442128,8.282064650677789,6.621256038647343,2.8950943396226414,10.86685552407932,0.048214579562284,0.3281911262798634,1994-10-20,0.08,bmo,,2025-04-25,1994-09-30,0.0,5.1957812500000005,4014618.03125
1994-06-30,LUV,USD,92380,1994-06-30,1994-06-29 20:00:00,1994,Q2,661100000.0,364100000.0,297000000.0,0.4492512479,0,337000000.0,-39500000.0,297500000.0,144500000.0,442000000.0,806100000.0,0.0,0.0,-33800000.0,-115600000.0,-0.1748600817,-145000000.0,-0.2193314173,242100000.0,97100000.0,0.1468764181,38600000.0,58500000.0,0.0884888822,0.08,0.08,731250000,731250000,,,0.904068376068376,0.08,0.1772307692307692,-0.1676581196581196,0.1594529914529914,1.5811282051282052,1.5811282051282052,1.5811282051282052,0.8155897435897436,3795187500.000001,4274987500.000001,16.21875,5.740716230524884,29.28385416666667,-30.95585236541599,3.2824662688116244,3.2824662688116244,6.4664763273332335,-36.980860726643606,32.98601466049383,-34.869392332789566,0.0154142581888246,-0.0323040692982889,0.5158277114686041,0.2197899391929242,-4.150519031141869,0.4826971102390296,0.0,2.21160409556314,0.000395237389457,0.0256410256410256,0.5097564664952352,0.0,0.0,1.9459876543209875,0.3814854031160187,-7.461538461538462,0.0,1.687018307319387,-0.0404025499069729,0.0215588723051409,-1.8591111111111112,-290000000.0,1156200000.0,-1286700000.0,2150700000.0,92100000.0,116100000.0,28250000.0,12.15701104220239,30.626201592968965,7.044767920900852,7.403135498320268,2.9386602098466503,12.775438596491227,0.0505967825635703,0.3448888888888889,1994-07-21,0.07,bmo,,2025-04-25,1994-06-30,0.1428571428571427,5.657903225806452,4107777.14516129
1994-03-31,LUV,USD,92380,1994-03-31,1994-03-30 19:00:00,1994,Q1,619400000.0,298400000.0,321000000.0,0.5182434614,0,0.0,0.0,212500000.0,32500000.0,245000000.0,543400000.0,0.0,0.0,-32500000.0,106500000.0,0.1719405877,76000000.0,0.1226993865,-6500000.0,69500000.0,0.11220536,27700000.0,41800000.0,0.0674846626,0.06,0.06,696666667,696666667,,,0.8890909086655068,0.0599999999712918,0.1759808611598177,0.0018660287072411,0.3447846888302465,1.5747846882417298,1.5747846882417298,1.5747846882417298,0.8582296646611342,4507433335.49,4865133335.49,26.958333346232056,7.277096118001292,36.765361627161504,3467.2564119153844,4.108498163786345,4.108498163786345,7.85459046737165,45.68200315014085,39.68297989796085,3742.410258069231,0.0092735703201378,0.0002884124740712,0.544982225868198,0.22740757644911,3.35868544600939,0.7436849925705795,0.0,2.933014354066985,0.0003105980489998,0.0334928229665071,0.0,0.0,0.0,0.9893964110929854,0.1958346787213432,-3.732307692307692,0.0,1.458066983409586,0.021765321897998,0.015898372128404,-1.732141147496583,-138000000.0,1097100000.0,-1131700000.0,2088600000.0,82700000.0,101150000.0,29850000.0,13.78915079108815,32.6642091152815,8.445040214477212,6.526870389884088,2.755309325946445,10.657142857142857,0.0381004466320299,0.1741148324525766,1994-04-21,0.05,bmo,,2025-04-25,1994-03-31,0.1999999999999999,7.048412698412698,2060469.7777777775
1993-12-31,LUV,USD,92380,1993-12-31,1993-12-30 19:00:00,1993,Q4,768100000.0,402600000.0,365500000.0,0.4758494988,0,0.0,0.0,243600000.0,36100000.0,279700000.0,682300000.0,0.0,0.0,-36100000.0,118900000.0,0.1547975524,85800000.0,0.1117042052,-8500000.0,77300000.0,0.1006379378,31500000.0,45800000.0,0.0596276526,0.0626,0.0626,731666667,731666667,,,1.049794988132212,0.0625968109054228,0.1933940773606405,0.0184510250485416,0.4040091114332532,1.440546696382439,1.440546696382439,1.440546696382439,0.895489749022556,5399700002.46,5759300002.46,29.474344991593885,7.029944020908736,38.160424045653706,399.97777796,5.123055030796964,5.123055030796964,7.498112228173415,48.43818336804037,40.70176680183746,426.61481499703706,0.0084819526972117,0.0025001388954663,0.6216318785578747,0.2543478260869565,3.024390243902439,0.902632678646051,0.0,3.089519650655022,0.0002592736632335,0.0305676855895196,0.0,0.0,0.0,0.9045936395759716,0.1666449681031115,-3.545706371191136,0.0,1.4243969446619755,0.0240530979463934,0.01777950310559,-1.582243735042258,-46600000.0,1054000000.0,-1090000000.0,2094800000.0,72700000.0,92000000.0,30950000.0,8.260643145423773,21.013412816691503,7.086438152011923,10.895035460992908,4.282978723404256,12.700315457413248,0.0434535104364326,0.1749430523120988,1994-02-02,0.05,bmo,,2025-04-25,1993-12-31,0.0,6.74625,3040680.03125
1993-09-30,LUV,USD,92380,1993-09-30,1993-09-29 20:00:00,1993,Q3,554400000.0,245800000.0,308600000.0,0.5566378066,0,0.0,0.0,192300000.0,29500000.0,221800000.0,467600000.0,0.0,0.0,-29600000.0,115800000.0,0.2088744589,86800000.0,0.1565656566,-9000000.0,77800000.0,0.1403318903,33900000.0,43900000.0,0.0791847042,0.06,0.06,731666667,731666667,,,0.757722095326778,0.0599999999726651,0.1989977220050124,-0.1849202732642732,0.3403189064508797,1.3381776759279371,1.3381776759279371,1.3381776759279371,0.8233257399438152,5004600002.28,5358000002.28,28.500000012984053,9.02705628116883,34.37225276291209,-36.98891354235033,5.111428865570422,5.111428865570422,9.664502168614716,46.26943007150259,36.799450565109886,-39.60088693481153,0.008771929820565,-0.0270351276702153,0.615258911245021,0.2521135012973968,3.051813471502591,0.8775273065303277,0.0,3.316628701594533,0.0005395036563901,0.061503416856492,0.0,0.0,0.0,1.9292582417582416,0.5066738816738817,-9.489864864864863,0.0,1.344075839258965,0.0248760252779043,0.0183728132585586,-1.489783598410121,-52700000.0,979100000.0,-1032700000.0,1956700000.0,79800000.0,88450000.0,30400000.0,12.159090909090908,32.95362082994304,11.057770545158666,7.401869158878505,2.7311111111111117,8.139072847682119,0.0448370952915943,0.3839179952692856,1993-10-19,0.06,bmo,,2025-04-25,1993-09-30,0.0,6.5878125,2032024.34375
1993-06-30,LUV,USD,92380,1993-06-30,1993-06-29 20:00:00,1993,Q2,520500000.0,234500000.0,286000000.0,0.5494716619,0,0.0,0.0,183700000.0,27500000.0,211200000.0,445700000.0,0.0,0.0,-27400000.0,100300000.0,0.1926993276,74800000.0,0.1437079731,-7000000.0,67800000.0,0.130259366,25900000.0,41900000.0,0.0804995197,0.06,0.06,698333333,698333333,,,0.7453460624082797,0.0600000000286396,0.0678758950204658,0.0601431981194,0.4791408116845541,1.338186158156652,1.338186158156652,1.338186158156652,0.8662052510101218,4015416664.75,4285716664.75,23.958333321897378,7.714537300192123,84.7134317457806,95.6051586845238,4.2968610644729806,4.2968610644729806,8.233845657540826,42.72897970837487,90.41596339135022,102.0408729702381,0.0104347826136764,0.0104596866294608,0.6472980203317282,0.257601567157823,2.694915254237288,1.063186197624916,0.0,1.1312649164677804,0.0003434782608695,0.0329166666509546,0.0,0.0,0.0,0.1139240506329113,0.0103746397694524,-0.1970802919708029,0.0,1.344080099686695,0.0241792858573411,0.0178434545609402,-1.4323747023543554,28200000.0,934500000.0,-939200000.0,1899500000.0,83450000.0,84900000.0,30950000.0,14.645533141210375,33.35181236673774,11.74413646055437,6.14521841794569,2.698504027617952,7.663398692810458,0.0448368111289459,0.0077326969010657,1993-07-20,0.05,bmo,,2025-04-25,1993-06-30,0.7999999999999998,5.2358730158730165,2756410.793650794
1993-03-31,LUV,USD,92380,1993-03-31,1993-03-30 19:00:00,1993,Q1,453800000.0,215800000.0,238000000.0,0.5244601146,0,0.0,0.0,167200000.0,26200000.0,193400000.0,409200000.0,0.0,0.0,-26200000.0,67900000.0,0.1496253856,44600000.0,0.0982811811,-7900000.0,36700000.0,0.0808726311,14000000.0,38000000.0,0.0837373292,0.05,0.05,760000000,760000000,,,0.5971052631578947,0.05,0.076578947368421,-0.0680263157894736,0.4563157894736842,1.1744736842105263,1.1744736842105263,1.1744736842105263,0.7992105263157895,3777200000.0,4037800000.0,24.85,8.323490524460114,64.90034364261169,-73.05996131528046,4.231682724624692,4.231682724624692,8.897752313794623,59.46686303387335,69.37800687285224,-78.10058027079303,0.0100603621730382,-0.0136873874827914,0.6804839793860632,0.267353316607245,3.8379970544919,1.2028841372451518,0.0,2.563876651982379,0.000344170284867,0.0342105263157894,0.0,0.0,0.0,1.888316151202749,0.2421771705597179,-4.194656488549619,0.0,1.1494707019915045,0.01466736283592,0.0167260882961397,-1.256842105263158,81600000.0,892600000.0,-895500000.0,1867100000.0,67000000.0,80650000.0,31050000.0,16.302335830762452,34.57367933271547,13.05375347544022,5.520681265206813,2.60313630880579,6.894568690095847,0.0425722608111136,0.1446052631578947,1993-04-21,0.02928,bmo,,2025-04-25,1993-03-31,0.0245901639344261,4.319032258064516,2040697.1129032257
1992-12-31,LUV,USD,92380,1992-12-31,1992-12-30 19:00:00,1992,Q4,447200000.0,207500000.0,239700000.0,0.5360017889,0,0.0,0.0,160300000.0,27100000.0,187400000.0,394900000.0,0.0,0.0,-27100000.0,77400000.0,0.1730769231,52300000.0,0.1169499106,-9600000.0,42700000.0,0.0954830054,15600000.0,27100000.0,0.0605992844,0.0403,0.0403,672500000,672500000,,,0.6649814126394052,0.0402973977695167,0.1586617100371747,0.0483271375464684,0.6111524163568773,1.2703345724907062,1.2703345724907062,1.2703345724907062,1.0556133828996284,2609300000.0,2908200000.0,24.071033210332104,5.834749552772808,24.454545454545453,80.28615384615385,3.054313473018846,3.054313473018846,6.503130590339893,37.57364341085271,27.255857544517337,89.48307692307692,0.0103859272601847,0.0124554478212547,0.8309727262085919,0.3095944177932839,3.861757105943152,1.3737785016286646,0.0,3.937269372693727,0.0004982179128501,0.047970479704797,0.0,0.0,0.0,0.6954076850984068,0.1659212880143112,-2.738007380073801,0.0,1.073220152289644,0.0171503255383065,0.0118185782817269,-1.4475092936802971,137700000.0,854300000.0,-932600000.0,1922000000.0,66600000.0,75950000.0,31600000.0,10.424865831842576,34.00481927710843,13.359036144578312,8.633204633204633,2.646683673469388,6.737012987012987,0.0317218775605759,0.1103345724907063,1992-12-30,,bmo,,2025-04-25,1992-12-31,,3.44734375,1399480.671875
1992-09-30,LUV,USD,92380,1992-09-30,1992-09-29 20:00:00,1992,Q3,447300000.0,208800000.0,238500000.0,0.5331991952,0,0.0,0.0,157500000.0,27100000.0,184600000.0,393400000.0,0.0,0.0,-27200000.0,79100000.0,0.1768388106,53900000.0,0.1205007825,-10000000.0,43900000.0,0.0981444221,17000000.0,26900000.0,0.0601386094,0.04,0.04,672500000,672500000,,,0.6651301115241636,0.04,0.0725650557620817,-0.0434200743494423,0.3884014869888476,1.229442379182156,1.229442379182156,1.229442379182156,1.059182156133829,2078025000.0,2529125000.0,19.3125,4.64570757880617,42.58247950819672,-71.1652397260274,2.513334542815675,2.513334542815675,5.654202995752292,31.973767383059418,51.82633196721312,-86.6138698630137,0.0129449838187702,-0.0140518039965832,0.8615142718916304,0.3206103434307062,5.702907711757269,1.0556309362279512,0.0,1.814126394052045,0.0006255940135465,0.0483271375464684,0.0,0.0,0.0,1.598360655737705,0.1743796109993293,-2.867647058823529,0.0,1.0519021538450906,0.0177196001085728,0.0121078453436557,-1.5709293680297398,20500000.0,826800000.0,-1005900000.0,1850700000.0,83000000.0,72450000.0,30300000.0,16.378269617706238,31.68103448275862,13.96551724137931,5.495085995085995,2.840816326530612,6.444444444444445,0.0325350749879051,0.1159851301115241,1993-01-26,0.03144,bmo,,2025-04-25,1992-09-30,0.2722646310432569,2.943125,1633985.234375
1992-06-30,LUV,USD,92380,1992-06-30,1992-06-29 20:00:00,1992,Q2,416800000.0,198100000.0,218700000.0,0.5247120921,0,0.0,0.0,148700000.0,24600000.0,173300000.0,371400000.0,0.0,0.0,-24600000.0,67000000.0,0.1607485605,45400000.0,0.108925144,-7100000.0,38300000.0,0.091890595,14800000.0,23500000.0,0.0563819578,0.03,0.03,783333333,783333333,,,0.5320851066093979,0.0300000000127659,0.0879574468459393,-0.1344255319720959,0.2486808511696514,1.0221702132009236,1.0221702132009236,1.0221702132009236,0.7863829790580353,2208999999.06,2630199999.06,23.49999999,5.299904028454894,32.06095789637155,-20.97815763589744,2.7588360173098536,2.7588360173098536,6.310460650335893,39.25671640388059,38.17416544354136,-24.97815763589744,0.0106382978768673,-0.0476686283588992,0.7693268390158611,0.2933053994857633,6.286567164179105,0.8988414806442497,0.0,2.931914893617021,0.0005432322320102,0.051063829787234,0.0,0.0,0.0,2.5283018867924527,0.4179462571976967,-7.08130081300813,0.0,0.8306412548171597,0.015878924281389,0.0111894105323302,-1.3112553197069172,-35800000.0,800700000.0,-981400000.0,1743800000.0,78950000.0,67950000.0,26050000.0,18.26775431861804,32.438162544169614,12.81171125694094,4.926713947990543,2.7745098039215685,7.024822695035461,0.0293493193455726,0.2223829788180353,1992-06-29,,bmo,,2025-04-25,1992-06-30,,2.7328571428571427,2955029.571428572
1992-03-31,LUV,USD,92380,1992-03-31,1992-03-30 19:00:00,1992,Q1,373900000.0,178700000.0,195200000.0,0.5220647232,0,0.0,0.0,141700000.0,22300000.0,164000000.0,342700000.0,0.0,0.0,-22300000.0,52500000.0,0.1404118748,31200000.0,0.0834447713,-9200000.0,22000000.0,0.0588392618,8500000.0,26000000.0,0.0695373094,0.04,0.04,650000000,650000000,,,0.5752307692307692,0.04,0.0616923076923076,-0.0656923076923076,0.4663076923076923,1.196153846153846,1.196153846153846,1.196153846153846,0.9516923076923076,1612000000.0,1927500000.0,15.5,4.311313185343675,40.19950124688279,-37.75175644028103,2.0733118971061093,2.0733118971061093,5.155121690291522,36.71428571428572,48.06733167082295,-45.14051522248244,0.0161290322580645,-0.0264888337468982,0.7956270096463023,0.3032947636791527,6.0095238095238095,1.3570954907161803,0.0,2.9703703703703703,0.000682382133995,0.0423076923076923,0.0,0.0,0.0,2.064837905236908,0.2214495854506552,-3.713004484304933,0.0,1.0375637144476777,0.0109728648243091,0.0127475975681506,-1.372423076923077,107700000.0,777500000.0,-852800000.0,1735500000.0,60400000.0,59750000.0,23450000.0,17.643755014709814,32.48461108002238,12.03693340794628,5.100954979536152,2.7705426356589147,7.476987447698745,0.0334405144694533,0.1273846153846153,1992-03-30,,bmo,,2025-04-25,1992-03-31,,2.4374603174603173,3447947.1746031744
1991-12-31,LUV,USD,92380,1991-12-31,1991-12-30 19:00:00,1991,Q4,350900000.0,176700000.0,174200000.0,0.4964377315,0,0.0,0.0,129000000.0,23400000.0,152400000.0,329100000.0,0.0,0.0,-23400000.0,42700000.0,0.1216870903,21800000.0,0.0621259618,-7600000.0,14200000.0,0.0404673696,5400000.0,8800000.0,0.0250783699,0.0168,0.0168,523333333,523333333,,,0.6705095545672035,0.0168152866349141,0.0638216560916061,-0.0892356688466469,0.498535032164672,1.2009554147776786,1.2009554147776786,1.2009554147776786,1.191592357446874,1177499999.25,1540199999.25,33.45170452414772,3.3556568801652893,35.25449099550899,-25.21413274625268,1.8735083520286395,1.8735083520286395,4.389284694357367,36.070257593676814,46.11377243263473,-32.98072803533191,0.0074734607266285,-0.0396602972651764,0.992203659506762,0.3394295667319834,8.494145199063231,1.3081954597922278,0.0,3.7954545454545454,0.0008492569007532,0.1136363636363636,0.0,0.0,0.0,2.3982035928143715,0.2282701624394414,-3.423076923076923,0.0,0.6740728555155414,0.0085294899645997,0.0047898976703679,-1.7210350329433344,80100000.0,628500000.0,-868700000.0,1574300000.0,55000000.0,51450000.0,21750000.0,12.182958107722998,28.01358234295416,11.714770797962649,7.387368421052631,3.212727272727273,7.682608695652174,0.0140015910898965,0.153057324938253,1991-12-30,,bmo,,2025-04-25,1991-12-31,,1.895,2616758.921875
1991-09-30,LUV,USD,92380,1991-09-30,1991-09-29 20:00:00,1991,Q3,355300000.0,172900000.0,182400000.0,0.513368984,0,0.0,0.0,129500000.0,21700000.0,151200000.0,324100000.0,0.0,0.0,-21700000.0,50200000.0,0.1412890515,31200000.0,0.0878131157,-5400000.0,25800000.0,0.0726146918,10100000.0,15700000.0,0.0441880101,0.03,0.03,523333333,523333333,,,0.6789171978846607,0.0300000000191082,0.0624840764729197,-0.2178343950432066,0.4033757964352712,1.1850955421561118,1.1850955421561118,1.1850955421561118,1.00585987325214,837333332.8000001,1152633332.8000002,13.333333324840764,2.3566938722206587,25.606523938837924,-7.34502923508772,1.3501021167365368,1.3501021167365368,3.244112954686181,22.960823362549803,35.248725773700315,-10.110818708771932,0.0187500000119426,-0.1361464969020041,0.8487584650112867,0.3031908766271167,6.280876494023905,1.174757281553398,0.0,2.082802547770701,0.0013136942683526,0.0700636942675159,0.0,0.0,0.0,4.486238532110092,0.4128905150576977,-6.76036866359447,0.0,0.8943933650608612,0.0127826341558122,0.0090427370118649,-1.6199522303311795,45000000.0,620200000.0,-813500000.0,1475600000.0,62350000.0,49750000.0,18950000.0,15.831691528285956,24.93348756506651,10.670908039329092,5.6848,3.609603340292275,8.434146341463414,0.0253144147049338,0.2803184715161264,1991-09-29,,bmo,,2025-04-25,1991-09-30,,1.66703125,2383132.4375
1991-06-30,LUV,USD,92380,1991-06-30,1991-06-29 20:00:00,1991,Q2,324700000.0,165200000.0,159500000.0,0.4912226671,0,0.0,0.0,118100000.0,20900000.0,139000000.0,304200000.0,0.0,0.0,-20800000.0,39300000.0,0.1210348014,20500000.0,0.0631352017,-3600000.0,16900000.0,0.0520480443,6300000.0,10600000.0,0.0326455189,0.02,0.02,530000000,530000000,,,0.6126415094339622,0.02,0.0888679245283018,-0.0584905660377358,0.2428301886792452,1.1416981132075472,1.1416981132075472,1.1416981132075472,0.8088679245283019,922200000.0,1222200000.0,21.75,2.840160147828765,19.579617834394902,-29.748387096774195,1.5240456122954882,1.5240456122954882,3.764089929165383,31.099236641221378,25.94904458598726,-39.42580645161291,0.0114942528735632,-0.0336152678377792,0.7084779375309866,0.2688448513733851,7.633587786259542,0.8846466287571081,0.0,4.443396226415095,0.001084363478638,0.0943396226415094,0.0,0.0,0.0,1.6581740976645436,0.2405297197412996,-3.754807692307693,0.0,0.716773430690198,0.0094906909991736,0.0066474350934403,-1.5197169811320754,-28400000.0,605100000.0,-771700000.0,1345400000.0,57300000.0,49250000.0,17000000.0,17.2405297197413,28.111380145278453,9.479418886198548,5.220257234726688,3.201550387596899,9.494252873563218,0.0175177656585688,0.1473584905660377,1991-06-29,,bmo,,2025-04-25,1991-06-30,,1.68140625,2925348.453125
1991-03-31,LUV,USD,92380,1991-03-31,1991-03-30 19:00:00,1991,Q1,282800000.0,160500000.0,122300000.0,0.4324611033,0,0.0,0.0,112500000.0,20300000.0,132800000.0,293300000.0,0.0,0.0,-20300000.0,7700000.0,0.0272277228,-10500000.0,-0.0371287129,-2500000.0,-13000000.0,-0.0459688826,-4800000.0,-8200000.0,-0.0289957567,-0.01,-0.01,820000000,820000000,,,0.3448780487804878,-0.01,-0.0121951219512195,-0.0563414634146341,0.1863414634146341,0.7263414634146341,0.7263414634146341,0.7263414634146341,0.5248780487804878,1517000000.0,1794600000.0,-46.25,5.364214992927864,-151.7,-32.83549783549783,2.5470114170584286,2.5470114170584286,6.345827439886846,233.06493506493507,-179.46,-38.84415584415584,-0.0054054054054054,-0.0304548450889914,0.722632639355272,0.277319587628866,36.05194805194805,1.067039106145251,0.0,1.2195121951219512,0.0007251153592617,-0.1341463414634146,0.0,0.0,0.0,-3.62,0.128005657708628,-1.7832512315270936,0.0,,-0.0049293516843382,-0.0052835051546391,-0.9219512195121952,14400000.0,595600000.0,-727200000.0,1334400000.0,48150000.0,49050000.0,16050000.0,16.676096181046677,26.299065420560748,9.30841121495327,5.396946564885496,3.422174840085288,9.66867469879518,-0.0137676292813969,0.0441463414634146,1991-03-30,,bmo,,2025-04-25,1991-03-31,,1.5598360655737706,3170552.557377049
1990-12-31,LUV,USD,92380,1990-12-31,1990-12-30 19:00:00,1990,Q4,301600000.0,179600000.0,122000000.0,0.4045092838,0,0.0,0.0,105900000.0,20300000.0,126200000.0,305800000.0,0.0,0.0,-20300000.0,15000000.0,0.049734748,-4200000.0,-0.0139257294,-3000000.0,-7200000.0,-0.023872679,-2600000.0,-4600000.0,-0.0152519894,-0.0061,-0.006,752678571,766666667,,,0.4007022540834366,-0.0061115065277977,0.0034543297765813,-0.1441518387534909,0.1162514828657185,0.8036631084054072,0.8036631084054072,0.8036631084054072,0.4525172007321569,865580356.65,1118680356.65,-47.0424106875,2.869961394728117,332.9155217884615,-7.977699139631336,1.4309478536121671,1.4309478536121671,3.709152376160478,74.57869044333334,430.2616756346154,-10.310418033640554,-0.0053143535024328,-0.1253494250030356,0.5630682757480575,0.2315274284548976,16.873333333333335,0.7000887311446318,0.0,-0.5652173913043478,0.0011552942396593,-0.217391304347826,0.0,0.0,0.0,42.73076923076923,0.368368700265252,-5.472906403940887,0.0,,-0.0021308134148601,-0.0031269118346815,-0.9805314359082504,-67600000.0,604900000.0,-708400000.0,1242900000.0,50850000.0,46250000.0,15250000.0,13.100132625994696,25.657015590200444,7.7672605790645886,6.8701594533029615,3.5078125,11.587096774193547,-0.0076045627376425,0.1476061685300723,1990-12-30,,bmo,,2025-04-25,1990-12-31,,1.1113259375,1663885.4375
1990-09-30,LUV,USD,92380,1990-09-30,1990-09-29 20:00:00,1990,Q3,316400000.0,147700000.0,168700000.0,0.5331858407,0,0.0,0.0,111900000.0,20100000.0,132000000.0,279700000.0,0.0,0.0,-20100000.0,52500000.0,0.1659292035,36700000.0,0.1159924147,-200000.0,36500000.0,0.1153603034,13500000.0,23000000.0,0.0726927939,0.03,0.03,766666667,766666667,,,0.4126956519944801,0.0299999999869565,0.034304347811172,-0.0440869565025708,0.1623913042772211,0.7961739126973157,0.7961739126973157,0.7961739126973157,0.4545652171936672,713046000.31002,937046000.31002,7.750500003369782,2.2536219984513903,27.112015220913307,-21.09603551213077,1.1681618615826015,1.1681618615826015,2.961586600221302,17.84849524400038,35.629125487073004,-27.72325444704201,0.0322559834709121,-0.0474022713616012,0.5709370904325033,0.2342542179202796,4.266666666666667,0.913258426966292,0.0,1.1385281385281385,0.0015426774703479,0.0478260869565217,0.0,0.0,0.0,2.285171102661597,0.1899494310998735,-2.990049751243781,0.0,0.7330875737843525,0.0180785079715918,0.0154601062042078,-0.9155869561236578,-19300000.0,610400000.0,-674100000.0,1262600000.0,57000000.0,43500000.0,14050000.0,16.441213653603036,25.165876777251185,9.140148950575492,5.474048442906574,3.5762711864406778,9.846666666666666,0.0376802096985583,0.0783913043137429,1990-09-29,,bmo,,2025-04-25,1990-09-30,,1.094618095238095,3057641.634920635
1990-06-30,LUV,USD,92380,1990-06-30,1990-06-29 20:00:00,1990,Q2,308200000.0,135300000.0,172900000.0,0.5609993511,0,0.0,0.0,111800000.0,19800000.0,131600000.0,266900000.0,0.0,0.0,-19900000.0,60100000.0,0.1950032446,41300000.0,0.1340038936,-3900000.0,37400000.0,0.1213497729,13900000.0,23500000.0,0.0762491888,0.04,0.04,587500000,587500000,,,0.524595744680851,0.04,0.1201702127659574,-0.0325106382978723,0.0966808510638297,1.0074893617021277,1.0074893617021277,1.0074893617021277,0.6194042553191489,663874999.9999999,970975000.0,7.062499999999999,2.154039584685269,9.403328611898017,-34.757853403141354,1.1215999324210169,1.1215999324210169,3.1504704737183644,16.155990016638935,13.753186968838524,-50.836387434554965,0.0353982300884955,-0.0287704763697985,0.6147997972630512,0.2515205971799834,5.10981697171381,0.5587368421052632,0.0,3.0042553191489363,0.0015063076633402,0.0425531914893617,0.0,0.0,0.0,1.2705382436260624,0.291044776119403,-4.507537688442211,0.0,0.952229187502628,0.0210774323906418,0.0162427426043682,-1.2755744680851064,-104800000.0,591900000.0,-722200000.0,1206700000.0,56450000.0,50700000.0,12850000.0,16.411421155094093,30.39911308203991,8.713968957871398,5.483985765124555,2.9606126914660837,10.32824427480916,0.0397026524750802,0.1526808510638297,1990-06-29,,bmo,,2025-04-25,1990-06-30,,1.1020634920634922,2812978.1428571427
1990-03-31,LUV,USD,92380,1990-03-31,1990-03-30 19:00:00,1990,Q1,260600000.0,133400000.0,127200000.0,0.4881043745,0,0.0,0.0,99900000.0,19100000.0,119000000.0,252400000.0,0.0,0.0,-19100000.0,22700000.0,0.0871066769,8200000.0,0.031465848,-200000.0,8000000.0,0.0306983883,2900000.0,5100000.0,0.0195702226,0.01,0.01,510000000,510000000,,,0.5109803921568628,0.01,0.024313725490196,-0.0870588235294117,0.1680392156862745,1.1384313725490196,1.1384313725490196,1.1384313725490196,0.7170588235294117,530400000.0,810400000.0,26.0,2.035303146584804,42.774193548387096,-11.945945945945946,0.9135377196004134,0.9135377196004134,3.10974673829624,35.70044052863436,65.35483870967742,-18.25225225225225,0.0096153846153846,-0.083710407239819,0.6298656562177058,0.2578984485190409,12.334801762114536,0.7948356807511737,0.0,2.431372549019608,0.0018853695324283,0.196078431372549,0.0,0.0,0.0,4.580645161290323,0.2179585571757482,-2.973821989528796,0.0,0.5061097300225805,0.0042827298050139,0.0035966149506346,-1.378186274509804,-43700000.0,580600000.0,-668100000.0,1198100000.0,47350000.0,51850000.0,12550000.0,19.581734458940907,37.57871064467766,8.500749625187407,4.596119929453263,2.394973070017953,10.587301587301589,0.0087840165346193,0.1113725490196078,1990-03-30,,bmo,,2025-04-25,1990-03-31,,0.9816201587301588,2622407.571428572
1989-12-31,LUV,USD,92380,1989-12-31,1989-12-30 19:00:00,1989,Q4,255700000.0,130900000.0,124800000.0,0.4880719593,0,0.0,0.0,91400000.0,19000000.0,110400000.0,241300000.0,0.0,0.0,-19000000.0,29500000.0,0.1153695737,14400000.0,0.0563159953,-1300000.0,13100000.0,0.0512319124,4900000.0,8200000.0,0.0320688307,0.01,0.01,820000000,820000000,,,0.3118292682926829,0.01,0.0501219512195122,-0.0109756097560975,0.1785365853658536,0.7162195121951219,0.7162195121951219,0.7162195121951219,0.4515853658536585,869200000.0,1093100000.0,26.5,3.399296050058662,21.148418491484183,-96.57777777777778,1.4799931891707816,1.4799931891707816,4.27493156042237,37.0542372881356,26.59610705596107,-121.45555555555556,0.0094339622641509,-0.0103543488265071,0.6305125148986889,0.2616776199561868,7.589830508474576,1.0408371618172536,0.0,5.012195121951219,0.0011504832029452,0.1219512195121951,0.0,0.0,0.0,1.218978102189781,0.1959327336722721,-2.636842105263158,0.0,0.4014341667620015,0.0072962121240207,0.0057946434880927,-0.7885975609756097,8000000.0,587300000.0,-623900000.0,1212300000.0,43600000.0,41900000.0,11550000.0,13.375048885412593,33.00229182582124,8.594346829640948,6.728947368421053,2.7270833333333333,10.472,0.0139621998978375,0.0610975609756097,1989-12-30,,bmo,,2025-04-25,1989-12-31,,,
1989-09-30,LUV,USD,92380,1989-09-30,1989-09-29 20:00:00,1989,Q3,266400000.0,121800000.0,144600000.0,0.5427927928,0,0.0,0.0,93400000.0,18600000.0,112000000.0,233800000.0,0.0,0.0,-18700000.0,40000000.0,0.1501501502,32600000.0,0.1223723724,5500000.0,38100000.0,0.143018018,13500000.0,24600000.0,0.0923423423,0.03,0.03,820000000,820000000,,,0.3248780487804878,0.03,0.0534146341463414,-0.0258536585365853,0.2135365853658536,0.7291463414634146,0.7291463414634146,0.7291463414634146,0.4535365853658537,959400000.0,1156200000.0,9.75,3.6013513513513518,21.90410958904109,-45.25471698113208,1.6046161565479176,1.6046161565479176,4.34009009009009,28.905,26.3972602739726,-54.5377358490566,0.0256410256410256,-0.0220971440483635,0.6220103696270279,0.2621229207781224,4.92,1.2919354838709678,0.0,1.7877551020408162,0.0011465499270377,0.0447154471544715,0.0,0.0,0.0,1.4840182648401827,0.243993993993994,-3.475935828877005,0.0,0.7015509821016608,0.016871448298844,0.0173385959966168,-0.7360975609756097,54300000.0,597900000.0,-580600000.0,1225800000.0,52450000.0,38050000.0,10500000.0,16.62162162162162,26.453201970443352,7.832512315270937,5.414634146341464,3.4022346368715084,11.49056603773585,0.0411440040140491,0.0792682926829268,1989-09-29,,bmo,,2025-04-25,1989-09-30,,,
1989-06-30,LUV,USD,92380,1989-06-30,1989-06-29 20:00:00,1989,Q2,263600000.0,125500000.0,138100000.0,0.5238998483,0,0.0,0.0,91600000.0,17800000.0,109400000.0,234900000.0,0.0,0.0,-17700000.0,39400000.0,0.1494688923,28700000.0,0.1088770865,900000.0,29600000.0,0.1122913505,10400000.0,19200000.0,0.0728376328,0.03,0.03,640000000,640000000,,,0.411875,0.03,0.07203125,-0.0459375,0.23953125,0.8975,0.8975,0.8975,0.58671875,768000000.0,990200000.0,10.0,2.91350531107739,16.65943600867679,-26.12244897959184,1.3370473537604457,1.3370473537604457,3.756449165402125,25.131979695431472,21.47939262472885,-33.68027210884354,0.025,-0.03828125,0.653725626740947,0.2736481562454452,5.6395939086294415,1.2388465723612625,0.0,2.38860103626943,0.0013020833333333,0.0520833333333333,0.0,0.0,0.0,1.6377440347071583,0.2864188163884674,-4.265536723163842,0.0,0.7783395788471763,0.0155212741505888,0.0139921294271972,-0.9336328125,43900000.0,574400000.0,-570100000.0,1181300000.0,51000000.0,36700000.0,9700000.0,19.017450682852807,28.9003984063745,7.45816733067729,4.732495511669659,3.114143920595533,12.067307692307692,0.0334261838440111,0.11796875,1989-06-29,,bmo,,2025-04-25,1989-06-30,,,
1989-03-31,LUV,USD,92380,1989-03-31,1989-03-30 19:00:00,1989,Q1,229400000.0,104500000.0,124900000.0,0.5444638187,0,0.0,0.0,86100000.0,16900000.0,103000000.0,207500000.0,0.0,0.0,-16900000.0,24400000.0,0.1063644289,21900000.0,0.0954664342,8300000.0,30200000.0,0.1316477768,10600000.0,19600000.0,0.085440279,0.03,0.03,653333333,653333333,,,0.3511224491587359,0.0300000000153061,0.0566326530901187,-0.0525000000267857,0.2830102042260256,0.8513265310465952,0.8513265310465952,0.8513265310465952,0.5758163268243961,744799999.6199999,936099999.62,9.49999999515306,3.246730599912816,20.12972971945946,-21.714285703206997,1.339086658791801,1.339086658791801,4.080645159633827,38.36475408278688,25.299999989729727,-27.291545178425658,0.0263157894871106,-0.0460526316024436,0.6763754045307443,0.2814814814814815,7.840163934426229,1.5182038834951457,0.0,1.8877551020408163,0.001476906552848,0.0561224489795918,0.0,0.0,0.0,1.927027027027027,0.3108108108108108,-4.218934911242603,0.0,0.7580536978009131,0.0120155930620615,0.0146651702207257,-0.8512882657404532,85400000.0,556200000.0,-530100000.0,1164400000.0,41650000.0,16550000.0,8900000.0,18.164777680906717,28.507177033492827,7.751196172248805,4.954643628509719,3.1570996978851964,11.61111111111111,0.0352391226177633,0.1091326531169044,1989-03-30,,bmo,,2025-04-25,1989-03-31,,,
1988-12-31,LUV,USD,92380,1988-12-31,1988-12-30 19:00:00,1988,Q4,225800000.0,0.0,225800000.0,1.0,0,0.0,0.0,0.0,-774500000.0,-774500000.0,-774500000.0,0.0,0.0,0.0,-548700000.0,-2.4300265722,-548700000.0,-2.4300265722,548700000.0,0.0,0.0,-16100000.0,16100000.0,0.0713020372,0.0242,0.0242,665000000,665000000,,,0.3395488721804511,0.0242105263157894,,,0.3157894736842105,0.8532330827067669,0.8532330827067669,0.8532330827067669,0.5706766917293233,591131800.0,760631800.0,9.179065217391305,2.617944198405669,0.0,0.0,1.0418255199154036,1.0418255199154036,3.3686085031000887,-1.3862434845999636,0.0,0.0,0.0272358888491534,,0.6688403242862179,0.2900489147049832,-0.3089119737561509,1.7331589274035315,0.0,0.0,0.0017283332583359,0.0634579347826087,0.0,0.0,0.0,0.0,,0.0,,0.6817532508565126,,0.0123051054723326,-0.7501503759398497,112100000.0,567400000.0,-476000000.0,1148100000.0,,,,14.74756421612046,0.0,0.0,6.102702702702703,0.0,0.0,0.0283750440606274,,1988-12-30,,bmo,,2025-04-25,1988-12-31,,,
1988-09-30,LUV,USD,92380,1988-09-30,1988-09-29 20:00:00,1988,Q3,239100000.0,0.0,239100000.0,1.0,0,0.0,0.0,0.0,0.0,0.0,0.0,0.0,0.0,0.0,239100000.0,1.0,239100000.0,1.0,-239100000.0,0.0,0.0,-26600000.0,26600000.0,0.1112505228,0.04,0.04,665000000,665000000,,,0.3595488721804511,0.04,,,,,,,,496256250.0,,4.6640625,2.07551756587202,0.0,0.0,0.0,0.0,,,0.0,0.0,0.0536013400335008,,0.0,0.0,,0.0,0.0,0.0,0.0018827470686767,0.035125,0.0,0.0,0.0,0.0,,0.0,,,0.0,0.0,,,,,,,,,,0.0,0.0,0.0,0.0,0.0,0.0,,1988-09-29,,bmo,,2025-04-25,1988-09-30,,,
1988-06-30,LUV,USD,92380,1988-06-30,1988-06-29 20:00:00,1988,Q2,216900000.0,0.0,216900000.0,1.0,0,0.0,0.0,0.0,0.0,0.0,0.0,0.0,0.0,0.0,216900000.0,1.0,216900000.0,1.0,-216900000.0,0.0,0.0,-15100000.0,15100000.0,0.0696173352,0.02,0.02,755000000,755000000,,,0.2872847682119205,0.02,,,,,,,,629700200.0,,10.4255,2.903182111572153,0.0,0.0,0.0,0.0,,,0.0,0.0,0.0239796652438731,,0.0,0.0,,0.0,0.0,0.0,0.001684571483382,0.07025,0.0,0.0,0.0,0.0,,0.0,,,0.0,0.0,,,,,,,,,,0.0,0.0,0.0,0.0,0.0,0.0,,1988-06-29,,bmo,,2025-04-25,1988-06-30,,,
1988-03-31,LUV,USD,92380,1988-03-31,1988-03-30 19:00:00,1988,Q1,178600000.0,0.0,178600000.0,1.0,0,0.0,0.0,0.0,0.0,0.0,0.0,0.0,0.0,0.0,178600000.0,1.0,178600000.0,1.0,-178600000.0,0.0,0.0,-200000.0,200000.0,0.0011198208,0.0003,0.0003,732592204,732592204,,,0.243791838112435,0.0002730031781774,,,,,,,,550718863.43496,,688.3985792936999,3.0835322700725643,0.0,0.0,0.0,0.0,,,0.0,0.0,0.0003631617024202,,0.0,0.0,,0.0,0.0,0.0,0.0018689972596908,5.1464602331,0.0,0.0,0.0,0.0,,0.0,,,0.0,0.0,,,,,,,,,,0.0,0.0,0.0,0.0,0.0,0.0,,1988-03-30,,bmo,,2025-04-25,1988-03-31,,,
1987-12-31,LUV,USD,92380,1987-12-31,1987-12-30 19:00:00,1987,Q4,180700000.0,0.0,180700000.0,1.0,0,0.0,0.0,0.0,-747900000.0,-747900000.0,-747900000.0,0.0,0.0,0.0,-567200000.0,-3.1389042612,-567200000.0,-3.1389042612,567200000.0,0.0,0.0,-9000000.0,9000000.0,0.0498063088,0.0132,0.0132,680000000,680000000,,,0.265735294117647,0.013235294117647,,,0.2098529411764705,0.7563235294117647,0.7563235294117647,0.7563235294117647,0.3835294117647059,399241600.0,517341600.0,11.090044444444445,2.2094167127836197,0.0,0.0,0.7762815477347851,0.7762815477347851,2.8629861649142225,-0.9120973201692524,0.0,0.0,0.0225427410370061,,0.5070970250826365,0.250143871091502,-0.2082157968970381,1.7907390917186108,0.0,0.0,0.0023930371985284,0.1061555555555555,0.0,0.0,0.0,0.0,,0.0,,0.4745826567594793,,0.0086322654901208,-0.5127573529411765,88800000.0,514300000.0,-327200000.0,913200000.0,,,,21.96458218040952,0.0,0.0,4.09750566893424,0.0,0.0,0.0174995139023916,,1987-12-30,,bmo,,2025-04-25,1987-12-31,,,
1987-09-30,LUV,USD,92380,1987-09-30,1987-09-29 20:00:00,1987,Q3,200700000.0,0.0,200700000.0,1.0,0,0.0,0.0,0.0,0.0,0.0,0.0,0.0,0.0,0.0,200700000.0,1.0,200700000.0,1.0,-200700000.0,0.0,0.0,-20400000.0,20400000.0,0.1016442451,0.03,0.03,680000000,680000000,,,0.2951470588235294,0.03,,,,,,,,593266000.0,,7.270416666666667,2.9559840558046835,0.0,0.0,0.0,0.0,,,0.0,0.0,0.0343859246948249,,0.0,0.0,,0.0,0.0,0.0,0.0016104074732076,0.0468333333333333,0.0,0.0,0.0,0.0,,0.0,,,0.0,0.0,,,,,,,,,,0.0,0.0,0.0,0.0,0.0,0.0,,1987-09-29,,bmo,,2025-04-25,1987-09-30,,,
1987-06-30,LUV,USD,92380,1987-06-30,1987-06-29 20:00:00,1987,Q2,205300000.0,0.0,205300000.0,1.0,0,0.0,0.0,0.0,0.0,0.0,0.0,0.0,0.0,0.0,205300000.0,1.0,205300000.0,1.0,-205300000.0,0.0,0.0,-600000.0,600000.0,0.0029225524,0.0008,0.0008,732592204,732592204,,,0.2802377623991204,0.0008190095345322,,,,,,,,651215861.9796801,,271.3399424915333,3.1720207597646373,0.0,0.0,0.0,0.0,,,0.0,0.0,0.000921353478977,,0.0,0.0,,0.0,0.0,0.0,0.0015805696800611,1.7154867443666668,0.0,0.0,0.0,0.0,,0.0,,,0.0,0.0,,,,,,,,,,0.0,0.0,0.0,0.0,0.0,0.0,,1987-06-29,,bmo,,2025-04-25,1987-06-30,,,
1987-03-31,LUV,USD,92380,1987-03-31,1987-03-30 19:00:00,1987,Q1,178400000.0,0.0,178400000.0,1.0,0,0.0,0.0,0.0,0.0,0.0,0.0,0.0,0.0,0.0,178400000.0,1.0,178400000.0,1.0,-178400000.0,0.0,0.0,9800000.0,-9800000.0,-0.0549327354,-0.0134,-0.0134,732592204,732592204,,,0.2435188349342576,-0.0133771557306935,,,,,,,,679354728.53532,,-17.330477768758165,3.8080422003100898,0.0,0.0,0.0,0.0,,,0.0,0.0,-0.0144254534315653,,0.0,0.0,,0.0,0.0,0.0,0.0015151024985711,-0.1050298006755102,0.0,0.0,0.0,0.0,,0.0,,,0.0,0.0,,,,,,,,,,0.0,0.0,0.0,0.0,0.0,0.0,,1987-03-30,,bmo,,2025-04-25,1987-03-31,,,
1986-12-31,LUV,USD,92380,1986-12-31,1986-12-30 19:00:00,1986,Q4,181100000.0,0.0,181100000.0,1.0,0,0.0,0.0,0.0,-679800000.0,-679800000.0,-679800000.0,0.0,0.0,0.0,-498700000.0,-2.7537272225,-498700000.0,-2.7537272225,498700000.0,0.0,0.0,-9000000.0,9000000.0,0.0496963004,0.0127,0.0127,706666667,706666667,,,0.2562735847847766,0.0127358490505962,,,0.1059905659877403,0.7243867921111383,0.7006132072166918,0.7243867921111383,0.4961320752376735,639801866.96846,915501866.96846,17.77227408245722,3.5328650854139148,0.0,0.0,1.249857134144286,1.249857134144286,5.055228420587852,-1.8357767534960097,0.0,0.0,0.0140668548571829,,0.6848993944129713,0.3251715822667408,-0.5528373771806697,1.5458937198067633,0.0,0.0,0.0015518345887914,0.1103185185705555,0.0,0.0,0.0155815247634947,0.0,,0.0,,0.4556070882546666,,0.00847936687394,-0.6518985845981611,45200000.0,495100000.0,-438300000.0,987200000.0,,,,16.648260629486472,0.0,0.0,5.405970149253731,0.0,0.0,0.0175815588982223,,1986-12-30,,bmo,,2025-04-25,1986-12-31,,,
1986-09-30,LUV,USD,92380,1986-09-30,1986-09-29 20:00:00,1986,Q3,207600000.0,0.0,207600000.0,1.0,0,0.0,0.0,0.0,0.0,0.0,0.0,0.0,0.0,0.0,207600000.0,1.0,207600000.0,1.0,-207600000.0,0.0,0.0,-21200000.0,21200000.0,0.1021194605,0.03,0.03,706666667,706666667,,,0.2937735847670879,0.029999999985849,,,,,,,,727866667.01,,8.583333337382076,3.5061014788535645,0.0,0.0,0.0,0.0,,,0.0,0.0,0.0291262135784942,,0.0,0.0,,0.0,0.0,0.0,0.0013640776699029,0.0468333333554245,0.0,0.0,0.0,0.0,,0.0,,,0.0,0.0,,,,,,,,,,0.0,0.0,0.0,0.0,0.0,0.0,,1986-09-29,,bmo,,2025-04-25,1986-09-30,,,
1986-06-30,LUV,USD,92380,1986-06-30,1986-06-29 20:00:00,1986,Q2,193900000.0,0.0,193900000.0,1.0,0,0.0,0.0,0.0,0.0,0.0,0.0,0.0,0.0,0.0,193900000.0,1.0,193900000.0,1.0,-193900000.0,0.0,0.0,-17100000.0,17100000.0,0.0881897886,0.02,0.02,855000000,855000000,,,0.2267836257309941,0.02,,,,,,,,783479250.0,,11.454375,4.04063563692625,0.0,0.0,0.0,0.0,,,0.0,0.0,0.0218257216129208,,0.0,0.0,,0.0,0.0,0.0,0.0015332569433076,0.07025,0.0,0.0,0.0,0.0,,0.0,,,0.0,0.0,,,,,,,,,,0.0,0.0,0.0,0.0,0.0,0.0,,1986-06-29,,bmo,,2025-04-25,1986-06-30,,,
1986-03-31,LUV,USD,92380,1986-03-31,1986-03-30 19:00:00,1986,Q1,173300000.0,0.0,173300000.0,1.0,0,0.0,0.0,0.0,0.0,0.0,0.0,0.0,0.0,0.0,173300000.0,1.0,173300000.0,1.0,-173300000.0,0.0,0.0,-2700000.0,2700000.0,0.0155799192,0.0037,0.0037,732592204,732592204,,,0.2365572538907334,0.0036855429053951,,,,,,,,691413196.21316,,64.01974039010742,3.9896895338324296,0.0,0.0,0.0,0.0,,,0.0,0.0,0.0039050455137214,,0.0,0.0,,0.0,0.0,0.0,0.0014886786255416,0.3812192765259259,0.0,0.0,0.0,0.0,,0.0,,,0.0,0.0,,,,,,,,,,0.0,0.0,0.0,0.0,0.0,0.0,,1986-03-30,,bmo,,2025-04-25,1986-03-31,,,
1985-12-31,LUV,USD,92380,1985-12-31,1985-12-30 19:00:00,1985,Q4,178700000.0,0.0,178700000.0,1.0,0,0.0,0.0,0.0,-601100000.0,-601100000.0,-601100000.0,0.0,0.0,0.0,-422400000.0,-2.3637381086,-422400000.0,-2.3637381086,422400000.0,0.0,0.0,-6000000.0,6000000.0,0.0335758254,0.0071,0.0071,840000000,840000000,,,0.2127380952380952,0.0071428571428571,,,0.0825,0.5547619047619048,0.530952380952381,0.5547619047619048,0.4688095238095238,991200000.0,1315700000.0,41.3,5.546726357022943,0.0,0.0,2.127038626609442,2.127038626609442,7.362618914381645,-3.114820075757576,0.0,0.0,0.0060532687651331,,0.8450643776824034,0.3851721439749608,-0.7682291666666666,1.639777468706537,0.0,0.0,0.0011906779661016,0.1967,0.0,0.0,0.0195618153364632,0.0,,0.0,,0.2985936423725497,,0.0059856344772545,-0.5462797619047619,46000000.0,446000000.0,-438500000.0,947500000.0,,,,16.066032456631227,0.0,0.0,5.601880877742946,0.0,0.0,0.0128755364806866,,1985-12-30,,bmo,,2025-04-25,1985-12-31,,,
1985-09-30,LUV,USD,92380,1985-09-30,1985-09-29 20:00:00,1985,Q3,199500000.0,0.0,199500000.0,1.0,0,0.0,0.0,0.0,0.0,0.0,0.0,0.0,0.0,0.0,199500000.0,1.0,199500000.0,1.0,-199500000.0,0.0,0.0,-16800000.0,16800000.0,0.0842105263,0.02,0.02,840000000,840000000,,,0.2375,0.02,,,,,,,,856800000.0,,12.75,4.294736842105263,0.0,0.0,0.0,0.0,,,0.0,0.0,0.0196078431372549,,0.0,0.0,,0.0,0.0,0.0,0.0013774509803921,0.07025,0.0,0.0,0.0,0.0,,0.0,,,0.0,0.0,,,,,,,,,,0.0,0.0,0.0,0.0,0.0,0.0,,1985-09-29,,bmo,,2025-04-25,1985-09-30,,,
