date,symbol,reportedCurrency,cik,fillingDate,acceptedDate,calendarYear,period,revenue,costOfRevenue,grossProfit,grossProfitRatio,researchAndDevelopmentExpenses,generalAndAdministrativeExpenses,sellingAndMarketingExpenses,sellingGeneralAndAdministrativeExpenses,otherExpenses,operatingExpenses,costAndExpenses,interestIncome,interestExpense,depreciationAndAmortization,ebitda,ebitdaratio,operatingIncome,operatingIncomeRatio,totalOtherIncomeExpensesNet,incomeBeforeTax,incomeBeforeTaxRatio,incomeTaxExpense,netIncome,netIncomeRatio,eps,epsdiluted,weightedAverageShsOut,weightedAverageShsOutDil,link,finalLink,revenuePerShare,netIncomePerShare,operatingCashFlowPerShare,freeCashFlowPerShare,cashPerShare,bookValuePerShare,tangibleBookValuePerShare,shareholdersEquityPerShare,interestDebtPerShare,marketCap,enterpriseValue,peRatio,priceToSalesRatio,pocfratio,pfcfRatio,pbRatio,ptbRatio,evToSales,enterpriseValueOverEBITDA,evToOperatingCashFlow,evToFreeCashFlow,earningsYield,freeCashFlowYield,debtToEquity,debtToAssets,netDebtToEBITDA,currentRatio,interestCoverage,incomeQuality,dividendYield,payoutRatio,salesGeneralAndAdministrativeToRevenue,researchAndDdevelopementToRevenue,intangiblesToTotalAssets,capexToOperatingCashFlow,capexToRevenue,capexToDepreciation,stockBasedCompensationToRevenue,grahamNumber,roic,returnOnTangibleAssets,grahamNetNet,workingCapital,tangibleAssetValue,netCurrentAssetValue,investedCapital,averageReceivables,averagePayables,averageInventory,daysSalesOutstanding,daysPayablesOutstanding,daysOfInventoryOnHand,receivablesTurnover,payablesTurnover,inventoryTurnover,roe,capexPerShare,report_date,epsEstimated,time,revenueEstimated,updatedFromDate,fiscalDateEnding,surprise(%),QuarterAvgPrice,QuarterAvgVolume
2025-03-31,LVS,USD,1300514,2025-04-25,2025-04-25 16:03:05,2025,Q1,2862000000.0,1445000000.0,1417000000.0,0.4951083159,69000000,273000000.0,0.0,273000000.0,0.0,808000000.0,2253000000.0,42000000.0,174000000.0,390000000.0,1035000000.0,0.3616352201,609000000.0,0.21278826,-138000000.0,471000000.0,0.1645702306,63000000.0,352000000.0,0.1229909154,0.49,0.49,712000000,713000000,https://www.sec.gov/Archives/edgar/data/1300514/000130051425000095/0001300514-25-000095-index.htm,https://www.sec.gov/Archives/edgar/data/1300514/000130051425000095/lvs-20250331.htm,4.019662921348314,0.4943820224719101,0.7387640449438202,0.2064606741573033,4.264044943820225,4.259831460674158,3.332865168539326,3.790730337078651,19.698033707865168,27504560000.0,38319560000.0,19.53448863636364,9.61025856044724,52.2900380228137,187.10585034013604,10.190648388291962,10.190648388291962,13.389084556254367,37.02372946859904,72.85087452471483,260.6772789115646,0.0127978778791589,0.0053445683188533,5.131900703964432,0.6519037981832729,10.44927536231884,0.5948840927258193,3.5,1.28921568627451,0.0065080117624132,0.5085227272727273,0.0953878406708595,0.0241090146750524,0.0310632089236127,0.720532319391635,0.1324248777078965,0.9717948717948718,0.003843466107617,6.493577668784583,0.0293306683683912,0.0170981687472676,-20.830407303370787,-2534000000.0,2373000000.0,-14493000000.0,10184000000.0,426000000.0,157500000.0,41000000.0,13.679245283018869,9.404844290657438,2.55363321799308,6.5793103448275865,9.56953642384106,35.24390243902439,0.1304186735828084,0.5323033707865169,2025-04-23,0.568,amc,2882632172.0,2025-05-11,2025-03-31,0.0387323943661972,44.16284333333333,5515840.1
2024-12-31,LVS,USD,1300514,2025-02-07,2025-02-07 17:11:18,2024,Q4,2896000000.0,1484000000.0,1412000000.0,0.4875690608,59000000,303000000.0,0.0,303000000.0,460000000.0,822000000.0,2306000000.0,57000000.0,180000000.0,363000000.0,1004000000.0,0.3466850829,590000000.0,0.2037292818,-129000000.0,461000000.0,0.1591850829,69000000.0,324000000.0,0.111878453,-1.53,-1.52,735000000,737000000,https://www.sec.gov/Archives/edgar/data/1300514/000130051425000040/0001300514-25-000040-index.htm,https://www.sec.gov/Archives/edgar/data/1300514/000130051425000040/lvs-20241231.htm,3.9401360544217687,0.4408163265306122,1.2448979591836735,0.4965986394557823,4.965986394557823,4.299319727891157,3.557823129251701,3.923809523809523,18.955102040816328,37749600000.0,47851600000.0,29.127777777777776,13.035082872928175,41.25639344262295,103.4235616438356,13.089320388349517,13.089320388349517,16.523342541436463,47.66095617529881,52.29683060109289,131.10027397260274,0.0085828724012969,0.0096689766249178,4.768377253814147,0.6654408206716346,10.06175298804781,0.7395276676435097,3.2777777777777777,2.334183673469388,0.0038411003030495,0.4475308641975308,0.1046270718232044,0.0203729281767955,0.0263718184457563,0.6010928961748634,0.1899171270718232,1.5151515151515151,0.004488950276243,6.238411997981519,0.0278331192216161,0.0161025793946622,-18.39829931972789,-1511000000.0,2615000000.0,-13216000000.0,13029000000.0,415000000.0,151500000.0,41000000.0,12.95925414364641,9.946091644204852,2.486522911051213,6.94484412470024,9.048780487804878,36.19512195121951,0.1123439667128987,0.7482993197278912,2025-01-29,0.575,amc,2852870961.0,2025-04-29,2024-12-31,-0.0608695652173911,51.86109375,5220551.015625
2024-09-30,LVS,USD,1300514,2024-10-25,2024-10-25 16:04:45,2024,Q3,2682000000.0,1413000000.0,1269000000.0,0.4731543624,55000000,293000000.0,0.0,293000000.0,417000000.0,765000000.0,2163000000.0,67000000.0,179000000.0,353000000.0,935000000.0,0.3486204325,504000000.0,0.1879194631,-101000000.0,403000000.0,0.1502609993,50000000.0,275000000.0,0.1025354213,0.38,0.38,730000000,731000000,https://www.sec.gov/Archives/edgar/data/1300514/000130051424000136/0001300514-24-000136-index.htm,https://www.sec.gov/Archives/edgar/data/1300514/000130051424000136/lvs-20240930.htm,3.673972602739726,0.3767123287671233,1.0424657534246575,0.3013698630136986,5.764383561643836,4.995890410958904,4.228767123287671,4.693150684931507,19.43972602739726,36748200000.0,46552200000.0,33.40745454545455,13.70178970917226,48.28935611038108,167.03727272727272,10.726269702276708,10.726269702276708,17.357270693512305,49.78844919786096,61.17240473061761,211.60090909090908,0.007483359729184,0.0059866877833472,4.08990075890251,0.6561768286971996,10.485561497326204,0.9018691588785048,2.815642458100559,2.155807365439093,0.0039729837107667,0.5309090909090909,0.1092468307233408,0.0205070842654735,0.0262245949236676,0.7109067017082786,0.2017151379567487,1.5958702064896757,0.0048471290082028,6.307081241346926,0.0235676373387931,0.0132249687409829,-18.03938356164383,-525000000.0,3087000000.0,-12882000000.0,12094000000.0,424500000.0,144000000.0,39000000.0,13.859060402684564,8.853503184713375,2.611464968152866,6.493946731234867,10.16546762589928,34.46341463414634,0.0802685347343841,0.7410958904109589,2024-10-23,0.53,amc,2788146569.0,2025-04-25,2024-09-30,-0.169811320754717,40.97828125,6445383.875
2024-06-30,LVS,USD,1300514,2024-07-26,2024-07-26 16:51:59,2024,Q2,2761000000.0,1749000000.0,1012000000.0,0.3665338645,61000000,268000000.0,61000000.0,402000000.0,11000000.0,402000000.0,2151000000.0,80000000.0,186000000.0,345000000.0,1027000000.0,0.3719666787,610000000.0,0.220934444,-95000000.0,496000000.0,0.1796450561,72000000.0,353000000.0,0.1278522275,0.48,0.48,740000000,741000000,https://www.sec.gov/Archives/edgar/data/1300514/000130051424000123/0001300514-24-000123-index.htm,https://www.sec.gov/Archives/edgar/data/1300514/000130051424000123/lvs-20240630.htm,3.731081081081081,0.477027027027027,1.072972972972973,0.6824324324324325,6.366216216216216,5.262162162162162,4.489189189189189,5.072972972972973,18.816216216216212,31731200000.0,40758200000.0,22.472521246458925,11.492647591452371,39.963727959697735,62.83405940594059,8.452637187000533,8.452637187000533,14.762115175660991,39.68666017526777,51.33274559193955,80.70930693069307,0.0111246974586526,0.0159149354578459,3.6595631326584974,0.6506891488656278,8.789678675754626,1.582665479370733,3.2795698924731185,2.249291784702549,0.0046641791044776,0.4192634560906516,0.0970662803332126,0.0220934444042013,0.0270923127930658,0.3639798488664987,0.1046722202100688,0.8376811594202899,0.0054328141977544,7.378940801255253,0.027923937715713,0.0171851419112993,-16.43581081081081,1963000000.0,3322000000.0,-11887000000.0,13902000000.0,428000000.0,152500000.0,38000000.0,14.212241941325608,7.667238421955403,1.9039451114922816,6.33256880733945,11.738255033557047,47.270270270270274,0.0940330314331379,0.3905405405405405,2024-07-24,0.56,amc,2817835002.0,2025-04-25,2024-06-30,-0.0178571428571428,46.662063492063496,6196328.603174604
2024-03-31,LVS,USD,1300514,2024-04-19,2024-04-19 16:05:00,2024,Q1,2959000000.0,1797000000.0,1162000000.0,0.3927002366,53000000,286000000.0,53000000.0,428000000.0,-6000000.0,428000000.0,2225000000.0,71000000.0,182000000.0,351000000.0,1133000000.0,0.3828996283,734000000.0,0.2480567759,-117000000.0,600000000.0,0.2027712065,17000000.0,494000000.0,0.1669482933,0.66,0.66,750000000,752000000,https://www.sec.gov/Archives/edgar/data/1300514/000130051424000070/0001300514-24-000070-index.htm,https://www.sec.gov/Archives/edgar/data/1300514/000130051424000070/lvs-20240331.htm,3.945333333333333,0.6586666666666666,0.952,0.6853333333333333,6.608,5.366666666666666,4.588,5.270666666666667,18.852,39885000000.0,48886000000.0,20.184716599190285,13.479215951334911,55.86134453781513,77.59727626459144,10.089805211231974,10.089805211231974,16.521122000675906,43.14739629302736,68.46778711484593,95.1089494163424,0.0123856086247962,0.0128870502695248,3.5307361497596763,0.6569545775476583,7.9443954104148276,1.3020857745488634,4.032967032967033,1.445344129554656,0.0037858844177008,0.305668016194332,0.0966542750929368,0.0179114565731666,0.027488820899035,0.2801120448179272,0.0675904021628928,0.5698005698005698,0.0047313281514025,8.83805861035103,0.0374955750661549,0.023909781714341,-15.906,1289000000.0,3441000000.0,-11664000000.0,13139000000.0,452000000.0,161500000.0,38500000.0,12.774586008786754,7.813021702838063,1.953255425709516,7.045238095238095,11.51923076923077,46.07692307692308,0.1249683784467493,0.2666666666666666,2024-04-17,0.62,amc,2939189708.0,2025-04-25,2024-03-31,0.2096774193548387,51.44754098360656,4541510.4754098365
2023-12-31,LVS,USD,1300514,2024-02-07,2024-02-07 16:47:16,2023,Q4,2915000000.0,1432000000.0,1483000000.0,0.5087478559,65000000,287000000.0,-140000000.0,287000000.0,9000000.0,768000000.0,2200000000.0,63000000.0,190000000.0,363000000.0,1145000000.0,0.3927958834,710000000.0,0.243567753,-118000000.0,592000000.0,0.2030874786,123000000.0,382000000.0,0.1310463122,0.5,0.5,759000000,760000000,https://www.sec.gov/Archives/edgar/data/1300514/000130051424000048/0001300514-24-000048-index.htm,https://www.sec.gov/Archives/edgar/data/1300514/000130051424000048/lvs-20231231.htm,3.840579710144928,0.5032938076416338,1.3254281949934124,0.8919631093544137,6.725955204216074,5.407114624505929,4.619235836627141,5.425559947299078,18.733860342556,37350390000.0,46274390000.0,24.443972513089005,12.813169811320757,37.12762425447316,55.170443131462335,9.07003156872268,9.07003156872268,15.874576329331047,40.41431441048035,45.99839960238569,68.35212703101921,0.0102274701817035,0.0181256474162652,3.4067508499271493,0.6441822022224263,7.793886462882096,1.306422433288105,3.736842105263158,2.14498933901919,0.0040695692869605,0.3979057591623036,0.0984562607204116,0.0222984562607204,0.0274589034805767,0.3270377733598409,0.1128644939965694,0.9454022988505748,0.0037735849056603,7.838344295860073,0.0292107970558842,0.0180358829084041,-16.0566534914361,1355000000.0,3506000000.0,-11897000000.0,15641000000.0,437000000.0,158500000.0,36500000.0,14.943396226415096,10.49581005586592,2.388268156424581,6.0227272727272725,8.574850299401197,37.68421052631579,0.0927634774162214,0.4334650856389986,2024-01-24,0.61,amc,2902580000.0,2025-04-25,2023-12-31,-0.0655737704918033,47.26920634920635,5303683.53968254
2023-09-30,LVS,USD,1300514,2023-10-20,2023-10-20 16:04:21,2023,Q3,2795000000.0,1384000000.0,1411000000.0,0.5048300537,44000000,339000000.0,44000000.0,389000000.0,4000000.0,719000000.0,2103000000.0,79000000.0,200000000.0,343000000.0,1005000000.0,0.3595706619,692000000.0,0.2475849732,-117000000.0,571000000.0,0.204293381,122000000.0,380000000.0,0.1359570662,0.5,0.5,764000000,766000000,https://www.sec.gov/Archives/edgar/data/1300514/000130051423000094/0001300514-23-000094-index.htm,https://www.sec.gov/Archives/edgar/data/1300514/000130051423000094/lvs-20230930.htm,3.6583769633507854,0.4973821989528796,1.0981675392670156,0.6662303664921466,7.295811518324608,5.827225130890052,5.030104712041885,5.959424083769633,18.81413612565445,35021760000.0,43621760000.0,23.04063157894737,12.530146690518784,41.742264600715146,68.80502946954813,7.69201844937404,7.69201844937404,15.60706976744186,43.40473631840796,51.99256257449345,85.70090373280944,0.0108503970103158,0.0145338212585546,3.113112233692071,0.6406617248237209,8.557213930348258,1.5046318868844466,3.46,2.207894736842105,0.0043687124804692,0.4026315789473684,0.1212880143112701,0.0157423971377459,0.0275266678719942,0.3933253873659118,0.1180679785330948,1.0060975609756098,0.0039355992844364,8.166548092294384,0.0338273722698464,0.0176620962119451,-15.429319371727749,2070000000.0,3843000000.0,-11500000000.0,14268000000.0,363000000.0,142500000.0,33500000.0,12.55813953488372,9.754335260115608,2.2760115606936417,7.166666666666667,9.226666666666668,39.54285714285714,0.0834614539863826,0.4319371727748691,2023-10-18,0.54,amc,2898350000.0,2025-04-25,2023-09-30,0.0185185185185185,54.05714285714286,4418883.333333333
2023-06-30,LVS,USD,1300514,2023-07-21,2023-07-21 16:02:14,2023,Q2,2542000000.0,1291000000.0,1251000000.0,0.4921321794,54000000,339000000.0,54000000.0,420000000.0,14000000.0,700000000.0,1991000000.0,76000000.0,210000000.0,288000000.0,829000000.0,0.3261211644,541000000.0,0.2128245476,-120000000.0,417000000.0,0.1640440598,49000000.0,312000000.0,0.1227380016,0.41,0.41,764000000,767000000,https://www.sec.gov/Archives/edgar/data/1300514/000130051423000084/0001300514-23-000084-index.htm,https://www.sec.gov/Archives/edgar/data/1300514/000130051423000084/lvs-20230630.htm,3.3272251308900525,0.4083769633507853,1.2316753926701571,0.975130890052356,7.549738219895288,5.443717277486911,4.617801047120419,5.667539267015707,19.517015706806284,44312000000.0,53245000000.0,35.506410256410255,17.431943351691583,47.0903294367694,59.479194630872485,10.233718244803695,10.233718244803695,20.946105428796223,64.2279855247286,56.58342189160468,71.46979865771812,0.0070409821267376,0.0168126015526268,3.395150115473441,0.6601257296811854,10.775633293124246,2.764835164835165,2.5761904761904764,3.016025641025641,0.0,0.0,0.1333595594020456,0.021243115656963,0.0283340817242927,0.208289054197662,0.077104642014162,0.6490066225165563,0.0043273013375295,7.216375870167949,0.0292757699653375,0.0144184112019963,-15.80497382198953,4015000000.0,3528000000.0,-11821000000.0,16237000000.0,311000000.0,121500000.0,30000000.0,11.896144767899292,9.41130906274206,2.230828814872192,7.565476190476191,9.562962962962963,40.34375,0.0720554272517321,0.256544502617801,2023-07-19,0.43,amc,2394000000.0,2025-04-25,2023-06-30,0.0697674418604651,59.155,4323134.870967742
2023-03-31,LVS,USD,1300514,2023-04-21,2023-04-21 16:03:45,2023,Q1,2120000000.0,1093000000.0,1027000000.0,0.4844339623,42000000,308000000.0,42000000.0,346000000.0,-35000000.0,684000000.0,1777000000.0,70000000.0,218000000.0,274000000.0,666000000.0,0.3141509434,392000000.0,0.1849056604,-183000000.0,195000000.0,0.0919811321,50000000.0,147000000.0,0.0693396226,0.19,0.19,764000000,766000000,https://www.sec.gov/Archives/edgar/data/1300514/000130051423000040/0001300514-23-000040-index.htm,https://www.sec.gov/Archives/edgar/data/1300514/000130051423000040/lvs-20230331.htm,2.774869109947644,0.1924083769633507,0.5772251308900523,0.3599476439790576,12.459424083769632,5.011780104712042,4.298429319371728,5.30890052356021,21.18717277486911,43891800000.0,53328800000.0,74.64591836734695,20.70367924528302,99.5278911564626,159.60654545454543,10.821449704142012,10.821449704142012,25.155094339622643,80.07327327327327,120.92698412698412,193.9229090909091,0.0033491449427911,0.0062654072059017,3.937130177514793,0.7030156284393573,14.16966966966967,1.7899974483286554,1.798165137614679,3.0,0.0,0.0,0.1452830188679245,0.0198113207547169,0.023992956196346,0.3764172335600907,0.0783018867924528,0.5763888888888888,0.005188679245283,4.794082915110805,0.0171553869393902,0.0066305818673883,-11.961387434554974,3096000000.0,3284000000.0,-11871000000.0,14973000000.0,276500000.0,98500000.0,28000000.0,12.141509433962264,8.89295516925892,2.305580969807868,7.412587412587412,10.12037037037037,39.035714285714285,0.0362426035502958,0.2172774869109947,2023-04-19,0.17,amc,1796280000.0,2025-04-25,2023-03-31,0.6470588235294118,55.99306451612903,5027755.516129033
2022-12-31,LVS,USD,1300514,2023-02-03,2023-02-03 16:02:55,2022,Q4,1117000000.0,665000000.0,452000000.0,0.4046553268,35000000,242000000.0,0.0,242000000.0,341000000.0,618000000.0,1283000000.0,60000000.0,201000000.0,269000000.0,183000000.0,0.163831692,-166000000.0,-0.1486123545,-121000000.0,-287000000.0,-0.2569382274,-18000000.0,-169000000.0,-0.15129812,-0.22,-0.22,768181818,764000000,https://www.sec.gov/Archives/edgar/data/1300514/000130051423000021/0001300514-23-000021-index.htm,https://www.sec.gov/Archives/edgar/data/1300514/000130051423000021/lvs-20221231.htm,1.454082840580848,-0.220000000052071,-0.135384615416659,-0.3592899409134414,8.215502960524379,4.7592899419548615,4.675976332467687,5.05218935030821,21.061420123328148,36926499991.26,46593499991.26,-54.62499998707101,33.05863920435094,-355.06249991596155,-133.791666635,9.514686934104612,9.514686934104612,41.713070717332144,254.6092895697268,-448.0144229928847,-168.81702895384058,-0.0045766590399848,-0.0074743070712178,4.116980159752641,0.7249875221198784,52.82513661202186,1.7283444387493594,-0.8258706467661692,0.3866171003717472,0.0,0.0,0.216651745747538,0.0313339301700984,0.0029039430101184,-1.6538461538461535,0.1539838854073411,0.6394052044609665,0.0080572963294538,,-0.0077146395366033,-0.0076905574516496,-15.43612426400855,2842000000.0,3592000000.0,-11639000000.0,16485000000.0,238500000.0,90000000.0,25500000.0,21.512981199641896,12.045112781954886,3.789473684210526,4.1835205992509366,7.47191011235955,23.75,-0.0435454779695954,0.2239053254967823,2023-01-25,-0.1,amc,1162872706.0,2025-04-25,2022-12-31,0.8999999999999999,42.43492063492064,6481322.968253968
2022-09-30,LVS,USD,1300514,2022-10-21,2022-10-21 16:04:29,2022,Q3,1005000000.0,576000000.0,429000000.0,0.4268656716,26000000,291000000.0,26000000.0,329000000.0,2000000.0,604000000.0,1180000000.0,38000000.0,183000000.0,260000000.0,123000000.0,0.1223880597,-175000000.0,-0.1741293532,-143000000.0,-320000000.0,-0.3184079602,60000000.0,-238000000.0,-0.2368159204,-0.31,-0.31,764000000,764000000,https://www.sec.gov/Archives/edgar/data/1300514/000130051422000119/0001300514-22-000119-index.htm,https://www.sec.gov/Archives/edgar/data/1300514/000130051422000119/lvs-20220930.htm,1.3154450261780104,-0.3115183246073298,-0.1963350785340314,-0.4175392670157068,12.061518324607327,4.948952879581152,4.867801047120419,5.104712041884817,20.22905759162304,28665280000.000004,38101280000.0,-30.11058823529412,28.52266666666667,-191.10186666666667,-89.85981191222572,7.350071794871796,7.350071794871796,37.91172139303482,309.76650406504064,-254.00853333333333,-119.43974921630094,-0.0083027272016878,-0.0111284452829346,3.915897435897436,0.7113512506404583,76.71544715447155,1.830433500442347,-0.9562841530054644,0.6276150627615062,0.0,0.0,0.2895522388059701,0.0258706467661691,0.002887884857236,-1.1266666666666667,0.1681592039800995,0.6167883211678832,0.0099502487562189,,-0.0132567300331717,-0.0111178586443686,-10.86910994764398,2816000000.0,3719000000.0,-11481000000.0,14162000000.0,184000000.0,83500000.0,23500000.0,18.80597014925373,14.21875,3.59375,4.785714285714286,6.329670329670329,25.043478260869566,-0.061025641025641,0.2212041884816754,2022-10-19,-0.2,amc,941133295.0,2025-04-25,2022-09-30,0.35,37.25234375,6115828.09375
2022-06-30,LVS,USD,1300514,2022-07-22,2022-07-22 16:27:42,2022,Q2,1045000000.0,601000000.0,444000000.0,0.4248803828,22000000,293000000.0,22000000.0,334000000.0,-9000000.0,600000000.0,1201000000.0,14000000.0,162000000.0,256000000.0,114000000.0,0.1090909091,-147000000.0,-0.1406698565,-157000000.0,-304000000.0,-0.2909090909,110000000.0,-287000000.0,-0.2746411483,-0.38,-0.38,755263157,764000000,https://www.sec.gov/Archives/edgar/data/1300514/000130051422000094/0001300514-22-000094-index.htm,https://www.sec.gov/Archives/edgar/data/1300514/000130051422000094/lvs-20220630.htm,1.3836236950189271,-0.3800000004501742,-0.2396515682281586,-0.5018118472843764,8.542717780155137,5.580836243545241,5.4921254420464205,5.549059240023276,20.576933822286264,25369289443.63,34296289443.63,-22.09868418434669,24.27683200347369,-140.1618201305525,-66.93743916525067,6.0532783210761165,6.0532783210761165,32.8194157355311,300.8446442423684,-189.4822621195028,-90.4915288750132,-0.011312890754694,-0.0149393226342475,3.669529945120496,0.6971757559272859,78.30701754385964,3.346515076618883,-0.9074074074074074,0.6241379310344828,0.0,0.0,0.2803827751196172,0.0210526315789473,0.003037309034861,-1.0939226519337018,0.1894736842105263,0.7333333333333333,0.0095693779904306,,-0.0099552831803512,-0.0130502000727537,-14.910696881775738,4747000000.0,4148000000.0,-11074000000.0,18402000000.0,152500000.0,72500000.0,23500000.0,13.607655502392344,11.381031613976704,3.594009983361065,6.613924050632911,7.907894736842105,25.041666666666668,-0.0684800763540921,0.2621602790562177,2022-07-20,-0.25,amc,957210246.0,2025-04-25,2022-06-30,0.3600000000000001,34.5991935483871,6886463.161290322
2022-03-31,LVS,USD,1300514,2022-04-29,2022-04-29 16:07:44,2022,Q1,943000000.0,615000000.0,328000000.0,0.347826087,60000000,277000000.0,60000000.0,345000000.0,-22000000.0,652000000.0,1267000000.0,4000000.0,156000000.0,264000000.0,-56000000.0,-0.0593849417,-296000000.0,-0.3138918346,-174000000.0,-476000000.0,-0.5047720042,2000000.0,-377000000.0,-0.3997879109,-0.49,-0.49,764000000,764000000,https://www.sec.gov/Archives/edgar/data/1300514/000130051422000048/0001300514-22-000048-index.htm,https://www.sec.gov/Archives/edgar/data/1300514/000130051422000048/lvs-20220331.htm,1.2342931937172774,-0.4934554973821989,-0.4712041884816754,-0.650523560209424,8.416230366492147,6.121727748691099,6.096858638743456,5.928010471204188,19.80759162303665,29696680000.0,38243680000.0,-19.69275862068965,31.491707317073168,-82.49077777777778,-59.75187122736418,6.557005961580923,6.557005961580923,40.55533404029693,-682.9228571428572,-106.23244444444444,-76.94905432595573,-0.0126950218004167,-0.0167358775459074,3.306911017884743,0.6732143659819302,-152.625,3.143992519869098,-1.8974358974358976,-0.1422924901185771,0.0,0.0,0.2937433722163308,0.0636267232237539,0.0008540477367734,-0.3805555555555555,0.1452810180275715,0.4928057553956834,0.0106044538706256,,-0.014729618309167,-0.0169605902465359,-14.421793193717278,4586000000.0,4658000000.0,-10845000000.0,18466000000.0,174500000.0,73000000.0,22500000.0,14.029692470837752,10.097560975609756,3.3658536585365857,6.414965986394558,8.91304347826087,26.73913043478261,-0.0832413336277324,0.1793193717277487,2022-04-27,-0.24,amc,1129963248.0,2025-04-25,2022-03-31,0.6666666666666669,41.47596774193548,9265922.0
2021-12-31,LVS,USD,1300514,2022-02-04,2022-02-04 16:29:50,2021,Q4,1008000000.0,612000000.0,396000000.0,0.3928571429,50000000,206000000.0,50000000.0,310000000.0,-12000000.0,1770000000.0,2382000000.0,1000000.0,152000000.0,266000000.0,117000000.0,0.1160714286,-129000000.0,-0.1279761905,-163000000.0,-301000000.0,-0.2986111111,14000000.0,-241000000.0,-0.2390873016,-0.32,-0.32,764000000,764000063,https://www.sec.gov/Archives/edgar/data/1300514/000130051422000007/0001300514-22-000007-index.htm,https://www.sec.gov/Archives/edgar/data/1300514/000130051422000007/lvs-20211231.htm,1.3193717277486912,-0.3154450261780104,0.2630890052356021,0.0170157068062827,2.426701570680628,2.9424083769633507,2.917539267015707,2.612565445026178,19.56413612565445,28756960000.0,41697960000.0,-29.83087136929461,28.52873015873016,143.06945273631842,2212.0738461538463,14.407294589178356,14.407294589178356,41.36702380952381,356.3928205128205,207.45253731343283,3207.535384615385,-0.0083805798665783,0.0004520644741307,7.412324649298597,0.7375741562390947,110.6068376068376,2.1481481481481484,-0.8486842105263158,-1.6341463414634143,0.0,0.0,0.2043650793650793,0.0496031746031746,0.0009472057430579,0.9353233830845772,0.1865079365079365,0.6714285714285714,0.0069444444444444,,-0.0076844262295081,-0.0120259481037924,-20.673429319371728,2945000000.0,2229000000.0,-12301000000.0,16980000000.0,184500000.0,75500000.0,22000000.0,18.035714285714285,11.323529411764708,3.235294117647059,4.99009900990099,7.9480519480519485,27.818181818181817,-0.1207414829659318,0.2460732984293193,2022-01-26,-0.23,amc,1076530000.0,2025-04-25,2021-12-31,-0.0434782608695652,38.44,8195932.390625
2021-09-30,LVS,USD,1300514,2021-10-22,2021-10-22 16:07:32,2021,Q3,857000000.0,582000000.0,275000000.0,0.3208868145,13000000,287000000.0,13000000.0,309000000.0,-12000000.0,740000000.0,1322000000.0,1000000.0,157000000.0,262000000.0,-202000000.0,-0.235705951,-312000000.0,-0.3640606768,-305000000.0,-621000000.0,-0.7246207701,27000000.0,-467000000.0,-0.544924154,-0.61,-0.61,764000000,764000680,https://www.sec.gov/Archives/edgar/data/1300514/000130051421000166/0001300514-21-000166-index.htm,https://www.sec.gov/Archives/edgar/data/1300514/000130051421000166/lvs-20210930.htm,1.1217277486910997,-0.6112565445026178,-0.2081151832460733,-0.4594240837696335,2.1518324607329844,3.1793193717277486,3.159685863874345,2.75130890052356,19.2303664921466,27962400000.0,40853400000.0,-14.969164882226982,32.62823803967328,-175.86415094339625,-79.66495726495727,13.302759276879163,13.302759276879163,47.67024504084014,-202.24455445544555,-256.93962264150946,-116.391452991453,-0.016700998483678,-0.0125525705947987,6.914843006660323,0.7306957570882767,-63.81683168316832,2.102131081624447,-1.9872611464968155,0.4320652173913043,0.0,0.0,0.3348891481913652,0.0151691948658109,0.0007540719887391,-1.2075471698113207,0.2240373395565927,0.6956521739130435,0.0070011668611435,,-0.0186271436887117,-0.0234944911203904,-20.527159685863875,2741000000.0,2414000000.0,-12235000000.0,16857000000.0,163500000.0,71500000.0,22000000.0,17.537922987164528,11.443298969072163,3.402061855670103,5.131736526946108,7.864864864864865,26.454545454545453,-0.2221693625118934,0.2513089005235602,2021-10-20,-0.25,amc,795403125.0,2025-04-25,2021-09-30,0.8,42.88984375,10183851.875
2021-06-30,LVS,USD,1300514,2021-07-23,2021-07-23 16:23:06,2021,Q2,1173000000.0,710000000.0,463000000.0,0.3947144075,37000000,275000000.0,37000000.0,332000000.0,10000000.0,592000000.0,1302000000.0,1000000.0,158000000.0,258000000.0,130000000.0,0.1108269395,-128000000.0,-0.1091219096,-147000000.0,-286000000.0,-0.2438192668,6000000.0,-230000000.0,-0.1960784314,-0.3,-0.3,764000000,764000305,https://www.sec.gov/Archives/edgar/data/1300514/000130051421000115/0001300514-21-000115-index.htm,https://www.sec.gov/Archives/edgar/data/1300514/000130051421000115/lvs-20210630.htm,1.5353403141361257,-0.3010471204188482,0.2172774869109947,0.0117801047120418,2.6924083769633507,3.856020942408377,3.836387434554974,3.2604712041884816,19.12041884816754,40255160000.0,52648160000.0,-43.75560869565217,34.31812446717817,242.50096385542167,4472.795555555555,16.160240867121637,16.160240867121637,44.88334185848253,404.9858461538461,317.1575903614458,5849.795555555555,-0.0057135532438574,0.0002235738225857,5.800883179446005,0.7090980469133379,95.33076923076923,2.1939417781274586,-0.810126582278481,-0.8645833333333334,0.0,0.0,0.2344416027280477,0.03154305200341,0.0007360879379723,0.9457831325301204,0.1338448422847399,0.5772058823529411,0.0042625745950554,,-0.0072963717651339,-0.0112949958257624,-19.952879581151837,3035000000.0,2931000000.0,-11855000000.0,17280000000.0,182500000.0,69500000.0,22500000.0,12.27621483375959,8.746478873239436,2.788732394366197,7.33125,10.289855072463768,32.27272727272727,-0.0923323966278603,0.2054973821989529,2021-07-21,-0.19,amc,1513370000.0,2025-04-25,2021-06-30,0.368421052631579,57.73920634920635,5683457.492063492
2021-03-31,LVS,USD,1300514,2021-04-23,2021-04-23 16:33:21,2021,Q1,1196000000.0,726000000.0,470000000.0,0.3929765886,9000000,274000000.0,9000000.0,292000000.0,-17000000.0,583000000.0,1309000000.0,1000000.0,154000000.0,269000000.0,143000000.0,0.1195652174,-93000000.0,-0.0777591973,-170000000.0,-266000000.0,-0.2224080268,14000000.0,-216000000.0,-0.1806020067,-0.28,-0.28,764000000,764001386,https://www.sec.gov/Archives/edgar/data/1300514/000130051421000058/0001300514-21-000058-index.htm,https://www.sec.gov/Archives/edgar/data/1300514/000130051421000058/lvs-20210331.htm,1.5654450261780104,-0.2827225130890052,-0.2526178010471204,-0.6335078534031413,2.7146596858638743,4.158376963350785,4.132198952879581,3.49869109947644,19.10994764397906,46420640000.0,58792640000.0,-53.727592592592586,38.81324414715719,-240.5214507772021,-95.9104132231405,17.366494575383463,17.366494575383463,49.15772575250836,411.1373426573427,-304.62507772020723,-121.47239669421488,-0.0046531025854016,-0.0104263965339555,5.404414515525627,0.7032763740811061,86.51748251748252,2.283975659229209,-0.6038961038961039,0.6942446043165468,0.0,0.0,0.2290969899665551,0.0075250836120401,0.000973662431235,-1.5077720207253886,0.2433110367892976,1.0817843866171004,0.0033444816053511,,-0.0053942438198206,-0.010525802836119,-19.79679319371728,3165000000.0,3157000000.0,-11734000000.0,17521000000.0,211500000.0,79500000.0,22500000.0,15.426421404682277,8.677685950413222,2.851239669421488,5.834146341463415,10.371428571428572,31.565217391304348,-0.0808080808080808,0.3808900523560209,2021-04-21,-0.27,amc,1409920000.0,2025-04-25,2021-03-31,-0.0740740740740741,58.54524590163934,7066589.8852459015
2020-12-31,LVS,USD,1300514,2021-02-05,2021-02-05 16:49:15,2020,Q4,1015000000.0,200000000.0,815000000.0,0.802955665,-18000000,206000000.0,53000000.0,259000000.0,-8000000.0,1344000000.0,1544000000.0,1000000.0,150000000.0,307000000.0,89000000.0,0.0876847291,-108000000.0,-0.1064039409,-157000000.0,-275000000.0,-0.2709359606,28000000.0,-226000000.0,-0.2226600985,-0.3,-0.3,753333333,764000000,https://www.sec.gov/Archives/edgar/data/1300514/000130051421000033/0001300514-21-000033-index.htm,https://www.sec.gov/Archives/edgar/data/1300514/000130051421000033/lvs-20201231.htm,1.3473451333395332,-0.3000000001327433,0.0053097345156237,-0.2986725665038374,2.763716815382176,4.69646017906923,4.663274338346581,3.946460178737371,18.788495583534733,44898666646.8,56820666646.8,-49.66666664469027,44.23513955349754,11224.6666617,-199.54962954133336,15.10214148900101,15.10214148900101,55.98095236137931,638.434456705618,14205.1666617,-252.536296208,-0.0050335570492071,-0.0050112846728831,4.710393541876892,0.6730427260056712,133.95505617977528,2.026633522727273,-0.72,-0.0133779264214046,0.0,0.0,0.2029556650246305,-0.0177339901477832,0.0012015187196616,57.25,0.225615763546798,0.8609022556390977,0.0049261083743842,,-0.0065809293018672,-0.0108747954961023,-19.928097353950484,2891000000.0,3513000000.0,-11562000000.0,17452000000.0,300000000.0,79500000.0,28000000.0,19.330049261083744,40.05,9.9,4.655963302752293,2.247191011235955,9.090909090909092,-0.076017490750084,0.3039823010194612,2021-01-27,-0.31,amc,1300130000.0,2025-04-25,2020-12-31,0.1935483870967742,53.3153125,5026924.421875
2020-09-30,LVS,USD,1300514,2020-10-23,2020-10-23 16:07:26,2020,Q3,446000000.0,391000000.0,55000000.0,0.1233183857,3000000,229000000.0,3000000.0,275000000.0,-5000000.0,583000000.0,974000000.0,3000000.0,137000000.0,262000000.0,-220000000.0,-0.4932735426,-468000000.0,-1.0493273543,-136000000.0,-659000000.0,-1.4775784753,5000000.0,-498000000.0,-1.1165919283,-0.65,-0.65,764000000,764000540,https://www.sec.gov/Archives/edgar/data/1300514/000130051420000140/0001300514-20-000140-index.htm,https://www.sec.gov/Archives/edgar/data/1300514/000130051420000140/lvs-20200930.htm,0.5837696335078534,-0.6518324607329843,-0.3848167539267015,-0.8507853403141361,3.1164921465968587,5.026178010471204,4.989528795811518,4.18717277486911,18.388743455497384,35648240000.0,47179240000.0,-17.89570281124498,79.92878923766816,-121.25251700680272,-54.84344615384615,11.143557361675525,11.143557361675525,105.78304932735426,-214.4510909090909,-160.47360544217688,-72.58344615384615,-0.0139698341348689,-0.0182337192523389,4.348859018443264,0.6630445143456296,-52.41363636363637,1.3117516629711752,-3.416058394160584,0.5203539823008849,0.0,0.0,0.5134529147982063,0.0067264573991031,0.0013344771709083,-1.2108843537414966,0.7982062780269058,1.3587786259541983,0.0112107623318385,,-0.0250838254480491,-0.023766345327861,-18.923429319371728,703000000.0,3812000000.0,-14184000000.0,17933000000.0,474500000.0,67000000.0,35500000.0,77.08520179372196,16.112531969309465,7.82608695652174,1.1675392670157068,5.585714285714285,11.5,-0.1556736480150047,0.4659685863874345,2020-10-21,-0.58,amc,370447761.0,2025-04-25,2020-09-30,0.1551724137931036,47.78359375,5873234.609375
2020-06-30,LVS,USD,1300514,2020-07-24,2020-07-24 16:06:30,2020,Q2,62000000.0,287000000.0,-225000000.0,-3.6290322581,9000000,243000000.0,9000000.0,283000000.0,-5000000.0,537000000.0,824000000.0,4000000.0,118000000.0,257000000.0,-509000000.0,-8.2096774194,-753000000.0,-12.1451612903,-115000000.0,-872000000.0,-14.064516129,31000000.0,-676000000.0,-10.9032258065,-0.88,-0.88,764000000,764000650,https://www.sec.gov/Archives/edgar/data/1300514/000130051420000122/0001300514-20-000122-index.htm,https://www.sec.gov/Archives/edgar/data/1300514/000130051420000122/lvs-20200630.htm,0.0811518324607329,-0.8848167539267016,-0.8534031413612565,-1.3141361256544504,3.9646596858638734,5.922774869109948,5.880890052356021,4.869109947643979,18.267015706806284,34792560000.0,45614560000.0,-12.86707100591716,561.1703225806451,-53.36282208588957,-34.65394422310757,9.35283870967742,9.35283870967742,735.7187096774194,-89.61603143418468,-69.96098159509202,-45.43282868525896,-0.0194294412368621,-0.0288567440855171,3.71989247311828,0.6378428209264807,-21.26129666011788,1.5882105263157895,-6.38135593220339,0.7951219512195122,0.0,0.0,3.9193548387096775,0.1451612903225806,0.0014749942383037,-0.5398773006134969,5.67741935483871,1.3696498054474708,0.0806451612903225,,-0.0402129593838813,-0.0312052808936897,-17.928337696335078,1397000000.0,4493000000.0,-13398000000.0,18532000000.0,610000000.0,73000000.0,36500000.0,823.0645161290323,20.069686411149824,11.602787456445991,0.109347442680776,4.484375,7.756756756756757,-0.1817204301075269,0.4607329842931937,2020-07-22,-0.72,amc,69066666.0,2025-04-25,2020-06-30,0.4583333333333334,46.98206349206349,8367012.031746032
2020-03-31,LVS,USD,1300514,2020-04-24,2020-04-24 16:05:10,2020,Q1,1417000000.0,827000000.0,590000000.0,0.4163726182,6000000,288000000.0,6000000.0,313000000.0,39000000.0,545000000.0,1372000000.0,13000000.0,131000000.0,267000000.0,262000000.0,0.1848976711,9000000.0,0.0063514467,-76000000.0,-70000000.0,-0.0494001411,22000000.0,-42000000.0,-0.0296400847,-0.055,-0.055,764000000,764011423,https://www.sec.gov/Archives/edgar/data/1300514/000130051420000046/0001300514-20-000046-index.htm,https://www.sec.gov/Archives/edgar/data/1300514/000130051420000046/lvs-03312020x10q.htm,1.8547120418848169,-0.0549738219895288,-0.4842931937172774,-0.8638743455497382,3.448952879581152,7.142670157068062,7.095549738219895,5.87565445026178,16.29973821989529,32447080000.0,42167080000.0,-193.13738095238097,22.89843330980945,-87.69481081081081,-49.16224242424242,7.228130986856761,7.228130986856761,29.757995765702187,160.9430534351145,-113.96508108108108,-63.88951515151515,-0.0012944153988586,-0.0203408134106366,2.744932056137224,0.5821325648414986,37.099236641221374,1.4439851178172798,0.0687022900763358,370.0,0.0280764863895302,-21.69047619047619,0.2032462949894142,0.0042342978122794,0.001700760617943,-0.7837837837837838,0.2046577275935074,1.0861423220973785,0.004940014114326,,0.000628610906551,-0.0019876011547016,-16.44928010471204,1074000000.0,5421000000.0,-12217000000.0,17985000000.0,748500000.0,115500000.0,36500000.0,41.47494707127735,8.923821039903265,3.917775090689239,2.1699846860643186,10.085365853658535,22.97222222222222,-0.009356204054355,0.3795811518324607,2020-04-22,-0.08,amc,4752000000.0,2025-04-25,2020-03-31,-0.625,60.54516129032258,6721886.919354838
2019-12-31,LVS,USD,1300514,2020-02-07,2020-02-07 17:14:01,2019,Q4,3509000000.0,2263000000.0,1246000000.0,0.3550869194,11000000,444000000.0,11000000.0,495000000.0,31000000.0,4807000000.0,7070000000.0,17000000.0,134000000.0,305000000.0,1297000000.0,0.3696209746,1006000000.0,0.2866913651,-86000000.0,848000000.0,0.2416642918,65000000.0,629000000.0,0.1792533485,0.82,0.82,767341740,768000000,https://www.sec.gov/Archives/edgar/data/1300514/000130051420000011/0001300514-20-000011-index.htm,https://www.sec.gov/Archives/edgar/data/1300514/000130051420000011/lvs-20191231x10k.htm,4.572929917770406,0.8197130003640881,1.6185747956314744,1.0191026491012989,5.507324546166354,8.479924472764898,8.425190059386056,6.759700052287003,16.45420722193478,52977273729.600006,61243273729.600006,21.05615013100159,15.097541672727274,42.654809766183575,67.74587433452686,10.21347093302487,10.21347093302487,17.453198555029925,47.21917789483424,49.31020429114332,78.31620681534528,0.011873015648379,0.0147610464817685,2.408328513591671,0.5384714858399069,6.373168851195065,1.6454714640198511,7.507462686567164,1.9745627980922096,0.0110802228705858,0.9332273449920508,0.1265317754345967,0.0031347962382445,0.0018104228630544,0.3703703703703703,0.1310914790538615,1.5081967213114753,0.0025648332858364,11.165698153585511,0.0463401921149112,0.0271624130932331,-15.396660163436437,2081000000.0,6465000000.0,-11387000000.0,19239000000.0,800500000.0,159500000.0,35000000.0,21.64719293245939,5.925762262483429,1.4714980114891736,4.157582938388626,15.187919463087248,61.16216216216216,0.1212647002120686,0.5994721465301758,2020-01-29,0.78,amc,3110250000.0,2025-04-25,2019-12-31,0.1282051282051281,62.4021875,4387850.046875
2019-09-30,LVS,USD,1300514,2019-10-25,2019-10-25 16:25:08,2019,Q3,3250000000.0,1602000000.0,1648000000.0,0.5070769231,4000000,423000000.0,4000000.0,454000000.0,-7000000.0,780000000.0,2382000000.0,20000000.0,137000000.0,298000000.0,1172000000.0,0.3606153846,910000000.0,0.28,-148000000.0,751000000.0,0.2310769231,82000000.0,533000000.0,0.164,0.69,0.69,769000000,772463768,https://www.sec.gov/Archives/edgar/data/1300514/000130051419000107/0001300514-19-000107-index.htm,https://www.sec.gov/Archives/edgar/data/1300514/000130051419000107/lvs-09302019x10q.htm,4.22626788036411,0.6931079323797139,1.1703511053315996,0.776332899869961,5.022106631989597,8.472041612483745,8.413524057217165,6.968790637191157,15.708712613784137,44417440000.0,52543440000.0,20.83369606003752,13.666904615384617,49.35271111111111,74.40107202680068,8.288382160850905,8.288382160850905,16.167212307692306,44.83228668941979,58.3816,88.01246231155778,0.0119997910730559,0.0134406665489951,2.228587423026684,0.5325277567218085,6.933447098976109,1.600532623169108,6.642335766423358,1.6885553470919326,0.0133280981524374,1.1106941838649156,0.1301538461538461,0.0012307692307692,0.0020065100102554,0.3366666666666666,0.0932307692307692,1.016778523489933,0.0024615384615384,10.424864103140152,0.0415947020269346,0.0238137789294969,-14.909947984395318,1804000000.0,6470000000.0,-11104000000.0,18678000000.0,762000000.0,154000000.0,33000000.0,20.96307692307692,9.55056179775281,1.853932584269663,4.29326287978864,9.423529411764706,48.54545454545455,0.0994588542638552,0.3940182054616385,2019-10-23,0.75,amc,3250000000.0,2025-04-25,2019-09-30,0.0,58.2765625,4082600.59375
2019-06-30,LVS,USD,1300514,2019-07-24,2019-07-24 16:53:16,2019,Q2,3334000000.0,1689000000.0,1645000000.0,0.4934013197,4000000,427000000.0,4000000.0,462000000.0,20000000.0,175000000.0,1864000000.0,17000000.0,143000000.0,303000000.0,1773000000.0,0.5317936413,894000000.0,0.2681463707,450000000.0,1344000000.0,0.4031193761,236000000.0,954000000.0,0.2861427714,1.24,1.24,772000000,772000184,https://www.sec.gov/Archives/edgar/data/1300514/000130051419000073/0001300514-19-000073-index.htm,https://www.sec.gov/Archives/edgar/data/1300514/000130051419000073/lvs-06302019x10q.htm,4.318652849740933,1.2357512953367875,0.0984455958549222,-0.177461139896373,5.203367875647668,8.525906735751295,8.459844559585493,7.202072538860104,15.761658031088082,47840840000.0,55848840000.0,12.536907756813417,14.349382123575284,629.4847368421052,-349.20321167883213,8.60446762589928,8.60446762589928,16.75130173965207,31.499627749576987,734.8531578947368,-407.6557664233577,0.0199411214351587,-0.0028636620928896,2.162769784172662,0.5322209436133487,4.516638465877045,1.6354338502144508,6.251748251748252,0.0796645702306079,0.0191886262866621,0.9622641509433962,0.1280743851229754,0.0011997600479904,0.0022572364344516,2.8026315789473686,0.0638872225554889,0.7029702970297029,0.0026994601079784,14.150948220972058,0.0374519974156642,0.0423191234529565,-14.771049222797927,1926000000.0,6531000000.0,-11055000000.0,18856000000.0,752000000.0,145000000.0,34000000.0,20.70485902819436,7.353463587921847,1.758436944937833,4.346805736636245,12.23913043478261,51.18181818181818,0.1715827338129496,0.2759067357512953,2019-07-24,0.81,amc,3611833333.0,2025-04-25,2019-06-30,-0.1111111111111112,61.94714285714286,4326969.412698412
2019-03-31,LVS,USD,1300514,2019-04-19,2019-04-19 13:17:19,2019,Q1,3646000000.0,1824000000.0,1822000000.0,0.4997257268,5000000,521000000.0,5000000.0,534000000.0,-21000000.0,872000000.0,2696000000.0,20000000.0,141000000.0,310000000.0,1269000000.0,0.3480526604,978000000.0,0.2682391662,-142000000.0,829000000.0,0.227372463,85000000.0,582000000.0,0.1596269885,0.75,0.75,775000000,776000000,https://www.sec.gov/Archives/edgar/data/1300514/000130051419000042/0001300514-19-000042-index.htm,https://www.sec.gov/Archives/edgar/data/1300514/000130051419000042/lvs-03312019x10q.htm,4.704516129032258,0.7509677419354839,1.0580645161290323,0.7483870967741936,5.334193548387097,8.30967741935484,8.220645161290323,7.129032258064516,15.664516129032258,49096250000.0,56961250000.0,21.089454467353956,13.4657844212836,59.8734756097561,84.64870689655173,8.886199095022624,8.886199095022624,15.622942951179375,44.88672182821119,69.46493902439025,98.20905172413794,0.0118542658553351,0.0118135295465539,2.171764705882353,0.5377582575180389,6.19779353821907,1.7329448063078503,6.9361702127659575,1.4089347079037802,0.018392443414721,1.5515463917525774,0.1428963247394404,0.0013713658804168,0.0030923676780352,0.2926829268292683,0.0658255622600109,0.7741935483870968,0.0024684585847504,10.975319962672549,0.0449952610497744,0.0261643589282503,-14.411290322580646,2138000000.0,6371000000.0,-10818000000.0,18639000000.0,731500000.0,165000000.0,35000000.0,18.19253976961053,7.499999999999999,1.726973684210526,4.947082767978291,12.0,52.114285714285714,0.1053393665158371,0.3096774193548387,2019-04-17,0.87,amc,3485736263.0,2025-04-25,2019-03-31,0.0459770114942529,58.887868852459015,3684936.590163935
2018-12-31,LVS,USD,1300514,2019-02-22,2019-02-22 16:04:56,2018,Q4,3475000000.0,2298000000.0,1177000000.0,0.338705036,3000000,462000000.0,3000000.0,484000000.0,-8000000.0,4916000000.0,7214000000.0,23000000.0,138000000.0,298000000.0,1208000000.0,0.3476258993,910000000.0,0.2618705036,-132000000.0,742000000.0,0.2135251799,782000000.0,-170000000.0,-0.0489208633,-0.22,-0.22,780000000,780002569,https://www.sec.gov/Archives/edgar/data/1300514/000130051419000021/0001300514-19-000021-index.htm,https://www.sec.gov/Archives/edgar/data/1300514/000130051419000021/lvs-20181231x10k.htm,4.455128205128205,-0.2179487179487179,1.667948717948718,1.25,5.958974358974359,8.647435897435898,8.555128205128206,7.287179487179487,15.542307692307691,40599000000.0,47936000000.0,-59.70441176470588,11.6831654676259,31.205995388162947,41.64,7.1426812104152,7.1426812104152,13.79453237410072,39.682119205298015,36.845503458877786,49.165128205128205,-0.0041872952535776,0.0240153698366954,2.108550316678396,0.5315563046081518,6.073675496688741,1.7630662020905925,6.594202898550725,-7.652941176470589,0.0143845907534668,-3.4352941176470586,0.1329496402877698,0.0008633093525179,0.0031933294895107,0.250576479631053,0.0938129496402877,1.0939597315436242,0.0020143884892086,,-0.0025155942656061,-0.0075639599555061,-13.57948717948718,2409000000.0,6673000000.0,-10236000000.0,18833000000.0,688000000.0,165500000.0,38500000.0,18.802877697841726,6.971279373368146,1.370757180156658,4.7865013774104685,12.910112359550562,65.65714285714286,-0.02990851513019,0.4179487179487179,2019-01-23,0.86,amc,3790909090.0,2025-04-25,2018-12-31,-0.1046511627906976,54.20746031746032,5478388.73015873
2018-09-30,LVS,USD,1300514,2018-10-26,2018-10-26 16:13:02,2018,Q3,3372000000.0,1722000000.0,1650000000.0,0.4893238434,4000000,421000000.0,4000000.0,440000000.0,16000000.0,764000000.0,2486000000.0,22000000.0,126000000.0,292000000.0,1218000000.0,0.3612099644,926000000.0,0.2746144721,-140000000.0,782000000.0,0.2319098458,83000000.0,571000000.0,0.1693357058,0.73,0.73,786000112,787000000,https://www.sec.gov/Archives/edgar/data/1300514/000130051418000123/0001300514-18-000123-index.htm,https://www.sec.gov/Archives/edgar/data/1300514/000130051418000123/lvs-09302018x10q.htm,4.290075724569363,0.7264630008093435,1.139948946979285,0.876590205880276,6.071245954224495,9.92111817917909,9.82442608099781,8.730278654209657,15.402033428717884,46963506692.0,54171506692.0,20.56195564448336,13.927493087781732,52.41462800446429,68.16183844992743,6.843996894782862,6.843996894782862,16.065096883748517,44.47578546141215,60.459270861607145,78.6233769114659,0.0121583765825831,0.0146709657887912,1.745846691926552,0.5133039119071082,5.917898193760263,1.931865106675843,7.349206349206349,1.5691768826619965,0.0125842391599065,1.0350262697022767,0.1248517200474495,0.0011862396204033,0.003256352028793,0.2310267857142857,0.0613879003558718,0.708904109589041,0.0023724792408066,11.945712605507271,0.0402899198078256,0.0245454154666208,-13.054069386697492,2708000000.0,7722000000.0,-9927000000.0,19177000000.0,602500000.0,153500000.0,43000000.0,17.348754448398576,7.996515679442509,2.1951219512195124,5.187692307692307,11.254901960784316,41.0,0.0832118915767997,0.2633587410990089,2018-10-24,0.81,amc,3547168831.0,2025-04-25,2018-09-30,-0.0493827160493827,67.13460317460317,4167404.444444445
2018-06-30,LVS,USD,1300514,2018-07-25,2018-07-25 17:05:55,2018,Q2,3303000000.0,1706000000.0,1597000000.0,0.4834998486,2000000,401000000.0,2000000.0,421000000.0,44000000.0,756000000.0,2462000000.0,9000000.0,93000000.0,283000000.0,1185000000.0,0.3587647593,902000000.0,0.2730850742,-40000000.0,757000000.0,0.2291855889,81000000.0,556000000.0,0.1683318196,0.7,0.7,790000000,794285714,https://www.sec.gov/Archives/edgar/data/1300514/000130051418000090/0001300514-18-000090-index.htm,https://www.sec.gov/Archives/edgar/data/1300514/000130051418000090/lvs-06302018x10q.htm,4.181012658227848,0.7037974683544304,1.40126582278481,1.1759493670886076,5.506329113924051,10.078481012658228,9.975949367088608,9.060759493670886,14.450632911392406,60324400000.0,67297400000.0,27.12428057553957,18.26351801392673,54.49358626919603,64.93476856835306,8.427549594858899,8.427549594858899,20.37462912503785,56.79105485232068,60.79259259259259,72.44068891280948,0.0092168343157992,0.0154000702866501,1.581866443140542,0.4954276963465325,5.884388185654008,1.6961898395721926,9.698924731182796,1.9910071942446044,0.0149524902029692,1.6223021582733812,0.1214047835301241,0.0006055101422948,0.0035440822577116,0.1607949412827461,0.0538904026642446,0.6289752650176679,0.002119285498032,11.978361358834256,0.0401798178507719,0.0244138052164749,-12.790822784810128,2083000000.0,7881000000.0,-9818000000.0,18594000000.0,571000000.0,156500000.0,45000000.0,15.122615803814714,8.124267291910902,2.321219226260258,5.951351351351351,11.07792207792208,38.77272727272727,0.0776753283039955,0.2253164556962025,2018-07-25,0.79,amc,3526175675.0,2025-04-25,2018-06-30,-0.0632911392405063,76.37578125,3267159.21875
2018-03-31,LVS,USD,1300514,2018-04-27,2018-04-27 16:18:44,2018,Q1,3579000000.0,1754000000.0,1825000000.0,0.5099189718,3000000,401000000.0,3000000.0,398000000.0,-26000000.0,696000000.0,2450000000.0,5000000.0,89000000.0,273000000.0,1436000000.0,0.4012293937,1163000000.0,0.3249511037,-113000000.0,1045000000.0,0.2919810003,571000000.0,1456000000.0,0.4068175468,1.85,1.84,790000000,791304347,https://www.sec.gov/Archives/edgar/data/1300514/000130051418000055/0001300514-18-000055-index.htm,https://www.sec.gov/Archives/edgar/data/1300514/000130051418000055/lvs-03312018x10q.htm,4.530379746835443,1.8430379746835444,1.768354430379747,1.4670886075949368,3.3265822784810126,10.578481012658228,10.470886075949368,9.320253164556965,12.330379746835444,56801000000.00001,63825000000.00001,9.752918956043956,15.8706342553786,40.65926986399428,49.0086281276963,7.714382724432976,7.714382724432976,17.833193629505452,44.44637883008357,45.68718682891912,55.069025021570326,0.0256333515255013,0.0204045703420714,1.310878717913894,0.4488467261904761,4.891364902506964,1.1809324982602645,13.067415730337078,0.959478021978022,0.0158800021126388,0.6195054945054945,0.112042469963677,0.0008382229673093,0.0039527529761904,0.1703650680028632,0.0664990220732048,0.8717948717948718,0.0022352612461581,19.659490370015103,0.0280986175016552,0.0679770297399505,-12.728797468354433,520000000.0,8272000000.0,-9753000000.0,17343000000.0,601000000.0,165000000.0,41500000.0,14.761106454316849,8.158494868871152,2.3603192702394526,6.09710391822828,11.031446540880504,38.130434782608695,0.1977454841776449,0.3012658227848101,2018-04-25,0.86,amc,2925144230.0,2025-04-25,2018-03-31,0.2093023255813954,73.30278688524591,3848743.2622950817
2017-12-31,LVS,USD,1300514,2018-02-23,2018-02-23 16:14:21,2017,Q4,3391000000.0,1925000000.0,1466000000.0,0.4323208493,5000000,274000000.0,134000000.0,437000000.0,-14000000.0,4302000000.0,6227000000.0,5000000.0,87000000.0,267000000.0,1288000000.0,0.379828959,1021000000.0,0.3010911236,-96000000.0,932000000.0,0.2748451784,429000000.0,1211000000.0,0.357121793,1.53,1.53,790000110,791000000,https://www.sec.gov/Archives/edgar/data/1300514/000130051418000022/0001300514-18-000022-index.htm,https://www.sec.gov/Archives/edgar/data/1300514/000130051418000022/lvs-20171231x10k.htm,4.292404465614568,1.532911178961735,1.6721516659029323,1.362025126806628,3.0620248900978,9.654429035459248,9.541770823297734,8.210125439096458,12.312656513427576,54897107643.9,62118107643.9,11.333011487180014,16.189061528723087,41.55723515813777,51.01961676942378,8.463938890518037,8.463938890518037,18.318521864907105,48.22834444402174,47.023548557077966,57.73058331217472,0.0220594499778635,0.019600304026574,1.4862781375269811,0.4659931357857592,5.6063664596273295,1.0815290933694182,11.735632183908049,1.08993399339934,0.0105834355385125,0.4797687861271676,0.0808021232674727,0.0014744913005013,0.004302218784744,0.1854655563966692,0.072250073724565,0.9176029962546816,0.0023591860808021,16.82769574217024,0.0305671083265421,0.0587921157393921,-12.862339981193168,241000000.0,7538000000.0,-9863000000.0,17083000000.0,626000000.0,156000000.0,41000000.0,16.32261869654969,7.9948051948051955,1.72987012987013,5.513821138211382,11.257309941520468,52.02702702702703,0.1867098365710761,0.3101265390963046,2018-01-24,0.77,amc,2967125000.0,2025-04-25,2017-12-31,0.1428571428571428,66.70904761904762,2794241.412698413
2017-09-30,LVS,USD,1300514,2017-11-03,2017-11-03 16:10:19,2017,Q3,3161000000.0,1574000000.0,1587000000.0,0.5020563113,3000000,410000000.0,3000000.0,446000000.0,-19000000.0,751000000.0,2325000000.0,4000000.0,83000000.0,274000000.0,1150000000.0,0.3638089212,876000000.0,0.2771274913,-98000000.0,757000000.0,0.2394811768,73000000.0,569000000.0,0.1800063271,0.72,0.72,791000664,792000000,https://www.sec.gov/Archives/edgar/data/1300514/000130051417000078/0001300514-17-000078-index.htm,https://www.sec.gov/Archives/edgar/data/1300514/000130051417000078/lvs-09302017x10q.htm,3.996203977902097,0.7193420004512158,1.4070784648544872,1.139063519167918,2.529707105277474,8.71174995625541,8.594177362157057,7.453849621547221,12.262947986602448,50750602602.24,58366602602.24,22.29815580063269,16.055236508142993,45.59802569832884,56.32697292146504,8.607632734436905,8.607632734436905,18.464600633419803,50.75356748020869,52.44079299392632,64.77980311014429,0.0112116895332172,0.0177534837775548,1.6311058344640434,0.4855109046849757,6.622608695652174,1.0657647500939496,10.55421686746988,1.9560632688927944,0.0114481399275908,1.0210896309314588,0.1297057893071812,0.0009490667510281,0.0046950726978998,0.1904761904761904,0.067067383739323,0.7737226277372263,0.0025308446694084,10.98371566006204,0.0458031617715014,0.0288612731422774,-13.167814483655098,175000000.0,6798000000.0,-10081000000.0,17000000000.0,630000000.0,124000000.0,46000000.0,18.136665612148057,8.062261753494283,2.5730622617534946,4.962323390894819,11.163120567375886,34.977777777777774,0.096506105834464,0.268014945686569,2017-10-25,0.68,amc,2791532467.0,2025-04-25,2017-09-30,0.1323529411764705,62.03301587301587,2690746.222222222
2017-06-30,LVS,USD,1300514,2017-08-04,2017-08-04 16:26:07,2017,Q2,3109000000.0,1529000000.0,1580000000.0,0.5082019942,2000000,396000000.0,2000000.0,433000000.0,-25000000.0,788000000.0,2317000000.0,4000000.0,79000000.0,336000000.0,1156000000.0,0.3718237375,820000000.0,0.2637504021,-100000000.0,717000000.0,0.2306207784,78000000.0,546000000.0,0.1756191702,0.69,0.69,792000000,792001079,https://www.sec.gov/Archives/edgar/data/1300514/000130051417000056/0001300514-17-000056-index.htm,https://www.sec.gov/Archives/edgar/data/1300514/000130051417000056/lvs-06302017x10q.htm,3.9255050505050506,0.6893939393939394,1.446969696969697,1.2222222222222223,2.912878787878788,8.592171717171718,8.470959595959595,7.478535353535354,12.90277777777778,50600880000.0,58433880000.0,23.1689010989011,16.275612737214537,44.15434554973822,52.27363636363636,8.543116663852777,8.543116663852777,18.79507237053715,50.54833910034602,50.989424083769634,60.365578512396695,0.0107903261761455,0.0191301020851811,1.711970285328381,0.5034256776884123,6.775951557093426,1.211410707307542,10.379746835443038,2.098901098901099,0.0176281519214685,1.6336996336996337,0.1273721453843679,0.0006432936635574,0.0047661602621388,0.1553228621291448,0.0572531360566098,0.5297619047619048,0.0025731746542296,10.770435522117394,0.0412668687717825,0.0272373540856031,-13.30713383838384,541000000.0,6709000000.0,-10237000000.0,17433000000.0,653000000.0,105500000.0,47000000.0,18.0347378578321,6.298234139960759,2.7665140614780905,4.990369181380418,14.289719626168225,32.53191489361702,0.0921830153638359,0.2247474747474747,2017-07-26,0.59,amc,2512753424.0,2025-04-25,2017-06-30,0.2372881355932203,59.94047619047619,3492695.26984127
2017-03-31,LVS,USD,1300514,2017-05-05,2017-05-05 16:29:05,2017,Q1,3067000000.0,1551000000.0,1516000000.0,0.4942940985,3000000,381000000.0,3000000.0,428000000.0,-36000000.0,793000000.0,2344000000.0,3000000.0,78000000.0,331000000.0,1098000000.0,0.3580045647,767000000.0,0.2500815129,-116000000.0,648000000.0,0.2112813825,69000000.0,481000000.0,0.1568307793,0.61,0.61,794000590,795000000,https://www.sec.gov/Archives/edgar/data/1300514/000130051417000027/0001300514-17-000027-index.htm,https://www.sec.gov/Archives/edgar/data/1300514/000130051417000027/lvs-03312017x10q.htm,3.86271753274138,0.6057930007331607,1.2128454463742904,0.9584375749645224,2.4634742399876552,8.949615516028773,8.823671025231858,7.552891113090986,12.428202351839564,45313613671.3,53147613671.3,23.55177425743243,14.774572439289209,47.05463517268952,59.54482742614981,7.556046968701017,7.556046968701017,17.328860016726445,48.4040197370674,55.18962998058152,69.83917696622865,0.0106149115250247,0.0167940700011305,1.632482908120727,0.4884742041712404,7.134790528233151,1.122611464968153,9.833333333333334,2.002079002079002,0.0196188281616361,1.8482328482328485,0.1242256276491685,0.0009781545484186,0.004989522003792,0.209761163032191,0.0658624062601891,0.6102719033232629,0.0032605151613955,10.14635367317884,0.0388310217974788,0.0241199478487614,-13.153957480056784,308000000.0,7006000000.0,-10116000000.0,17377000000.0,729500000.0,116000000.0,46500000.0,20.04238669709814,6.034816247582206,2.7272727272727275,4.490483162518301,14.913461538461538,33.0,0.0802067700516925,0.2544078714097681,2017-04-26,0.62,amc,2881121212.0,2025-04-25,2017-03-31,0.0645161290322581,54.41532258064516,3867418.209677419
2016-12-31,LVS,USD,1300514,2017-02-24,2017-02-24 16:24:52,2016,Q4,3075000000.0,1665000000.0,1410000000.0,0.4585365854,2242000,201000000.0,123000000.0,369000000.0,64075000.0,4009000000.0,5674000000.0,4000000.0,76000000.0,290000000.0,1053757000.0,0.3426852033,812000000.0,0.2640650407,-9963000.0,659000000.0,0.2143089431,52000000.0,508510000.0,0.1653691057,0.64,0.64,795077689,795390796,https://www.sec.gov/Archives/edgar/data/1300514/000130051417000005/0001300514-17-000005-index.htm,https://www.sec.gov/Archives/edgar/data/1300514/000130051417000005/lvs-20161231x10k.htm,3.8675465838659697,0.6395727197924177,1.5256370751965598,1.1546041508907188,2.676468009907897,9.428009493547744,9.298462404722311,7.769052113346373,12.163591223599283,42465099369.49,49932099369.49,20.877219410380324,13.809788412842275,35.0083259435202,46.25827818027233,6.874712541604338,6.874712541604338,16.238081095769104,47.38483290691307,41.1641379797939,54.3922651083769,0.011974774757394,0.0216177523102549,1.553343046786466,0.4687576334945527,7.086073924064087,1.104062722736992,10.68421052631579,2.3831041257367387,0.0134703323080171,1.1248923325008358,0.0653658536585365,0.0007291056910569,0.005031999609165,0.2431986809563066,0.0959349593495935,1.0172413793103448,0.0020721951219512,10.57353584581309,0.0419476815685486,0.0249685750761072,-12.879244558955294,292000000.0,7393000000.0,-9875000000.0,17508000000.0,822045000.0,125609000.0,44882000.0,22.712195121951225,6.918918918918919,2.4864864864864864,3.9626288659793816,13.0078125,36.19565217391305,0.0823231342075441,0.371032924305841,2017-01-25,0.66,amc,3125525806.0,2025-04-25,2016-12-31,-0.0606060606060606,58.27444444444444,4547710.063492063
2016-09-30,LVS,USD,1300514,2016-11-04,2016-11-04 16:31:33,2016,Q3,2969000000.0,1448000000.0,1521000000.0,0.5122937016,3000000,369000000.0,3000000.0,519000000.0,21000000.0,783000000.0,2231000000.0,2299000.0,65189000.0,287000000.0,1012000000.0,0.3408555069,725000000.0,0.244189963,-45000000.0,675000000.0,0.2273492759,69000000.0,513000000.0,0.1727854496,0.65,0.65,795000023,795136252,https://www.sec.gov/Archives/edgar/data/1300514/000130051416000040/0001300514-16-000040-index.htm,https://www.sec.gov/Archives/edgar/data/1300514/000130051416000040/lvs-09302016x10q.htm,3.73459108692378,0.6452830001993597,1.3132075091776445,0.8138364544424673,2.2520754065437303,9.5177695359639,9.380934319796868,7.9797255553035376,12.35485876206069,45744301323.42,53710825323.42,22.292544504590644,15.407309303947455,43.81638057798851,70.70216587854713,7.21077430560972,7.21077430560972,18.09054406312563,53.07393806662055,51.44715069293103,83.01518597128285,0.0112145116475384,0.0141438382767199,1.5380052781561826,0.4717897784693525,7.872059288537549,1.0233349303322732,11.12150822991609,2.0350877192982457,0.0125917323761834,1.1228070175438596,0.1242842707982485,0.001010441226002,0.0052601802843816,0.3802681992337164,0.1337150555742674,1.3832752613240418,0.0023576961940047,10.763669358523131,0.0360193539896273,0.0249369576211717,-13.397085775933368,64730000.0,7457843000.0,-10275350000.0,17745757000.0,897030500.0,114811500.0,43061000.0,26.31461771640283,7.658577348066299,2.7201381215469613,3.420152288357198,11.751529808956484,33.08655515949182,0.0808653124380308,0.499371054735177,2016-11-03,0.6,amc,2473750000.0,2025-04-25,2016-09-30,0.2,51.5409375,4004579.890625
2016-06-30,LVS,USD,1300514,2016-08-05,2016-08-05 16:34:01,2016,Q2,2649000000.0,1354000000.0,1295000000.0,0.4888637222,2000000,424000000.0,2000000.0,511000000.0,-7000000.0,784000000.0,2138000000.0,2002000.0,64037000.0,264000000.0,793000000.0,0.2993582484,529000000.0,0.1996979992,-69000000.0,449000000.0,0.1694979237,55000000.0,328000000.0,0.1238203096,0.41,0.41,795050014,800000000,https://www.sec.gov/Archives/edgar/data/1300514/000130051416000034/0001300514-16-000034-index.htm,https://www.sec.gov/Archives/edgar/data/1300514/000130051416000034/lvs-06302016x10q.htm,3.3318658617116883,0.4125526623787972,1.242689117165401,0.7861140670327691,2.798947186736356,9.508584198326924,9.366072409125197,8.08438197197491,13.002540491748231,34576725108.86,42625055108.86,26.35421121102134,13.052746360460551,34.996685332854256,55.322760174176,5.379508310067635,5.379508310067635,16.090998531090978,53.7516457867087,43.14276832880567,68.200088174176,0.0094861499742192,0.018075743091119,1.598390070895504,0.4896745706924877,10.14921815889029,1.2631895969612634,8.26084919655824,3.0121951219512195,0.0257977005396451,2.7195121951219514,0.1600604001510003,0.0007550018875047,0.0054004350318666,0.3674089068825911,0.1370328425821064,1.375,0.0030200075500188,8.662721823426601,0.0249939531831884,0.0157184269995037,-13.181273587148192,689497000.0,7446496000.0,-10111462000.0,18195918000.0,1003757500.0,108320500.0,42766000.0,31.45994337485844,7.072710487444609,2.8155243722304286,2.8607807371937133,12.724965932052063,31.965626327966383,0.0510308226168605,0.4565750501326323,2016-07-25,0.56,amc,2853953846.0,2025-04-25,2016-06-30,-0.0714285714285714,46.72,4211632.859375
2016-03-31,LVS,USD,1300514,2016-05-06,2016-05-06 16:17:00,2016,Q1,2717000000.0,1460000000.0,1257000000.0,0.4626426205,2000000,346000000.0,2000000.0,412000000.0,-47000000.0,718000000.0,2178000000.0,2027000.0,68648000.0,270000000.0,855000000.0,0.3146853147,585000000.0,0.2153110048,-114000000.0,472000000.0,0.1737210158,63000000.0,320000000.0,0.1177769599,0.4,0.4,795032018,800000000,https://www.sec.gov/Archives/edgar/data/1300514/000130051416000028/0001300514-16-000028-index.htm,https://www.sec.gov/Archives/edgar/data/1300514/000130051416000028/lvs-03312016x10q.htm,3.4174724268777816,0.4024995129189879,1.004990971319598,0.5735618059095577,2.1327983799515358,10.080068247012411,9.99421006966288,8.345560744447905,11.893723505359503,41087254690.24,48778854690.24,32.09941772675,15.122287335384614,51.42334754723404,90.10362870666668,6.192513790566012,6.192513790566012,17.953203787353697,57.05129203536842,61.04988071369211,106.9711725663158,0.0077883032685562,0.0110983321576926,1.4148093410266906,0.4604996274449888,8.996023391812866,1.2321634595316608,8.521734063628948,2.496875,0.0214178339885297,2.75,0.1273463378726536,0.0007361059992638,0.003348555541749,0.4292866082603254,0.1262421788737578,1.2703703703703704,0.0047846889952153,8.693640953605826,0.0279428352335641,0.0157506289546076,-12.380059893386584,556194000.0,7945717000.0,-9419038000.0,17814022000.0,1156272000.0,110618000.0,43087000.0,35.82589620905411,6.795369863013699,2.661410958904109,2.512149297670738,13.24431220291012,33.81664890906564,0.048229175395645,0.4314291654100401,2016-04-20,0.63,amc,3802679999.0,2025-04-25,2016-03-31,-0.2857142857142857,45.770327868852455,5855975.803278688
2015-12-31,LVS,USD,1300514,2016-02-26,2016-02-26 17:23:25,2015,Q4,2861274000.0,1837846000.0,1023428000.0,0.3576826267,3344000,361527000.0,2972000.0,422416000.0,-1047000.0,3998203000.0,5836049000.0,2487000.0,66202000.0,258728000.0,976644000.0,0.3413318683,717916000.0,0.2509078124,-64762000.0,637337000.0,0.2227458817,62059000.0,465782000.0,0.1627883244,0.59,0.59,794963961,795653442,https://www.sec.gov/Archives/edgar/data/1300514/000130051416000023/0001300514-16-000023-index.htm,https://www.sec.gov/Archives/edgar/data/1300514/000130051416000023/lvs-20151231x10k.htm,3.599249953923383,0.5859158689584923,1.269886497408151,0.7465508238303649,2.7410047585792383,10.589159273850402,10.49984704904126,8.575231500337159,11.837268683429034,34851220050.240005,42016220050.240005,18.70575722668545,12.180315499403417,34.522770412535145,58.723396452860335,5.112398423095203,5.112398423095203,14.684444778878222,43.021018969286665,41.62024503893954,70.7962345049631,0.0133648692736882,0.0170289877698532,1.370690919759425,0.4478742271006087,7.336347737763197,1.4646915584415583,10.844324944865717,2.1684516675043928,0.0148820901894488,1.11352306443787,0.1263517579931177,0.0011687101619767,0.0034031539088338,0.4121121648634888,0.1454013142397407,1.6079937231378127,0.0032401650453609,10.632412466646803,0.0350389766189246,0.0224019815313582,-11.725374302848428,1145000000.0,8347000000.0,-8836000000.0,18210000000.0,1273095500.0,103513500.0,41377500.0,38.72051400879469,5.4357111531651725,2.105725942217139,2.324349309504468,16.55717117117117,42.74060465116279,0.0683265365996772,0.5233356735777862,2016-01-27,0.65,amc,3000169354.0,2025-04-25,2015-12-31,-0.0461538461538461,45.48546875,5756459.875
2015-09-30,LVS,USD,1300514,2015-11-05,2015-11-05 08:32:01,2015,Q3,2893683000.0,1499334000.0,1394349000.0,0.4818596232,3147000,351605000.0,3147000.0,406873000.0,16275000.0,639005000.0,2138339000.0,2158000.0,66962000.0,257435000.0,997213000.0,0.3446172231,739778000.0,0.2556527443,-48529000.0,690540000.0,0.2386370587,72347000.0,519358000.0,0.1794799223,0.65,0.65,797302248,799013535,https://www.sec.gov/Archives/edgar/data/1300514/000130051415000018/0001300514-15-000018-index.htm,https://www.sec.gov/Archives/edgar/data/1300514/000130051415000018/lvs-09302015x10q.htm,3.629342582764171,0.6513941247535526,1.0773241918665706,0.5834989192204059,2.327180193777655,10.518408823048995,10.424505914600156,8.643558973133612,11.533775331836264,30273566356.56,37547043356.56,14.57259075462398,10.4619498253817,35.24472975420075,65.07295686293729,4.392866424353724,4.392866424353724,12.97552059315412,37.65197942321249,43.71257025304062,80.70727789039711,0.0171554944628273,0.0153673668480486,1.32466147933209,0.445251523077966,7.29380483407256,1.4079195987549902,11.047728562468263,1.653874594506823,0.0273644337189394,1.595082775272548,0.1215077809144954,0.0010875413789278,0.0036516315504789,0.4583813084068627,0.1360646622314884,1.5294268456115137,0.0032284116815836,11.255362254114788,0.0363228887387171,0.0254238039015135,-11.607646000265635,964583000.0,8311482000.0,-8787316000.0,17812946000.0,1328668500.0,94824000.0,39787500.0,40.90537560610475,5.76417929560725,2.3863595436373752,2.200199818885622,15.61367115498766,37.71435039617658,0.0753617956189403,0.4938252726461646,2015-10-21,0.64,amc,2806012121.0,2025-04-25,2015-09-30,0.03125,50.41453125,5792019.8125
2015-06-30,LVS,USD,1300514,2015-08-07,2015-08-07 09:06:29,2015,Q2,2921421000.0,1562251000.0,1359170000.0,0.4652427706,2348000,360167000.0,2348000.0,418710000.0,-151000.0,670011000.0,2232262000.0,4062000.0,65801000.0,258077000.0,949945000.0,0.3251653904,691868000.0,0.2368258461,-61890000.0,627420000.0,0.2147653488,45929000.0,469173000.0,0.1605975311,0.59,0.59,797716549,798552917,https://www.sec.gov/Archives/edgar/data/1300514/000130051415000013/0001300514-15-000013-index.htm,https://www.sec.gov/Archives/edgar/data/1300514/000130051415000013/lvs-06302015x10q.htm,3.662229401737033,0.5881450003615256,1.0620790067124457,0.620941110750355,3.5334355336283743,10.616250860805446,10.517412495099183,8.864532156020246,12.390569071671598,41935958980.93,48935639980.93,22.34568004815388,14.35464418888274,49.49725930721946,84.66181267410944,5.930375013000284,5.930375013000284,16.750629224931977,51.51418237995884,57.75902400615884,98.79301882752075,0.0111878447852677,0.0118117007941859,1.3884638424387643,0.454381064159459,7.368511861213017,1.604635470736817,10.514551450585856,1.8058115023669308,0.0123722936736927,1.1058692635765486,0.1232848671930543,0.0008037184644048,0.0036488447515478,0.4153531829308883,0.1204561068055579,1.3635581628738709,0.005131064642857,10.830820884513503,0.0337216816272351,0.0217922368723943,-11.651068931252672,1627276000.0,8389914000.0,-8820840000.0,18552822000.0,1375263500.0,93674500.0,40954000.0,41.347392245075255,5.393429096860876,2.2939975714529868,2.176678990214179,16.686971940056186,39.23282270215971,0.0663481151638774,0.4411378959620907,2015-07-22,0.6,amc,2970090000.0,2025-04-25,2015-06-30,0.0,53.39333333333334,5253636.555555556
2015-03-31,LVS,USD,1300514,2015-05-07,2015-05-07 07:28:31,2015,Q1,3011622000.0,1583261000.0,1428361000.0,0.4742829611,1533000,369701000.0,1533000.0,448001000.0,15465000.0,701781000.0,2285042000.0,6378000.0,66255000.0,263760000.0,990198000.0,0.3287922588,726438000.0,0.2412115465,-44412000.0,666703000.0,0.2213767199,55665000.0,511923000.0,0.1699824878,0.64,0.64,798877040,799879687,https://www.sec.gov/Archives/edgar/data/1300514/000130051415000009/0001300514-15-000009-index.htm,https://www.sec.gov/Archives/edgar/data/1300514/000130051415000009/lvs-03312015x10q.htm,3.769819195204308,0.6408032455157304,0.9191589734510331,0.4593435305137822,3.012309629026264,10.941462280603282,10.838700533939493,8.942631521867245,11.65041994447606,43970192281.6,50804725281.6,21.47304979537938,14.60016970310351,59.880827571480125,119.82317447344252,6.1547878681361015,6.1547878681361015,16.86955576815417,51.30764279628922,69.1884396347517,138.44796089372383,0.0116425008269573,0.0083456310049742,1.293521347726077,0.4390840062297581,6.902188249218843,1.6366733212721176,10.96427439438533,1.434385640027895,0.0188072864158489,1.6153991908939431,0.1227581017803695,0.0005090280254294,0.0039006785205911,0.5002567088159391,0.1219728106648178,1.3926903245374582,0.0040513052434867,11.354977512524435,0.035589535906954,0.0244191610870985,-11.042255326301529,1550877000.0,8658789000.0,-8318415000.0,18257757000.0,1459576500.0,103224500.0,41881000.0,42.088379617362335,5.3279402448490805,2.392479824867789,2.1383574473100677,16.892081341754864,37.6178720775518,0.0716571228445213,0.459815442937251,2015-04-22,0.71,amc,3239751515.0,2025-04-25,2015-03-31,-0.0704225352112675,55.73540983606558,5810142.508196721
2014-12-31,LVS,USD,1300514,2015-02-27,2015-02-27 08:29:28,2014,Q4,3415993000.0,2870886000.0,545107000.0,0.1595749757,5373000,288847000.0,5373000.0,356901000.0,4333000.0,5260026000.0,8130912000.0,8534000.0,66686000.0,265970000.0,1290424000.0,0.3777595563,1024454000.0,0.2998993265,-53819000.0,968701000.0,0.2835781572,90701000.0,721305000.0,0.2111552922,0.9,0.9,801465931,801503433,https://www.sec.gov/Archives/edgar/data/1300514/000130051415000005/0001300514-15-000005-index.htm,https://www.sec.gov/Archives/edgar/data/1300514/000130051415000005/lvs-20141231x10k.htm,4.262181170617969,0.8999821104061377,1.5164063162155796,1.035360291565531,4.374882155783113,11.255103493600654,11.147475712227124,9.000489878589736,12.551167318427163,46613258546.96,53099586546.96,16.155876691191658,13.645595452613632,38.35383655295438,56.17368221844624,6.461870496443794,6.461870496443794,15.544407306150802,41.14894526679603,43.69084949081251,63.990362261733466,0.0154742453646172,0.0178019307353083,1.385253742036208,0.4470173566334543,5.026509116383452,1.9224269733167605,15.362354917074049,1.6849293987980118,0.0085872348871886,0.5549372318228766,0.0845572575822023,0.0015728954948092,0.0038588091006518,0.3172276582509701,0.1128638144164815,1.449569500319585,0.003008788366955,13.500233227670591,0.0470052514336983,0.0323923073271717,-10.821707654096151,2490527000.0,8934322000.0,-8142966000.0,19302351000.0,1503879500.0,111294500.0,42382000.0,39.803793508944544,3.533713982373386,1.3064468599589116,2.261091018366769,25.46895432084527,68.88913951144599,0.0999925695763521,0.4810460246500484,2015-01-28,0.8,amc,2970434782.0,2025-04-25,2014-12-31,0.15,60.28203125,6254892.046875
2014-09-30,LVS,USD,1300514,2014-11-05,2014-11-05 08:40:21,2014,Q3,3533122000.0,1883875000.0,1649247000.0,0.4667959385,3043000,384205000.0,3043000.0,426023000.0,95000.0,679709000.0,2563584000.0,5609000.0,66779000.0,261088000.0,1233310000.0,0.3490708784,972222000.0,0.2751736283,-63053000.0,908368000.0,0.2571006605,47869000.0,671705000.0,0.1901165598,0.84,0.83,804810589,809283132,https://www.sec.gov/Archives/edgar/data/1300514/000130051414000022/0001300514-14-000022-index.htm,https://www.sec.gov/Archives/edgar/data/1300514/000130051414000022/lvs-09302014x10q.htm,4.390004366605072,0.8346125276937677,1.524149926412064,1.1932944386247384,3.910372257788472,11.003331865952871,10.890597265737515,8.95526736167235,12.431988515996029,50067266741.69,56858774741.69,18.634395583511363,14.17082872929098,40.81619460261753,52.13298410381976,6.94674960417738,6.94674960417738,16.09306860665723,46.10258146101953,46.352816236137066,59.20470184770341,0.0134160509193661,0.0191817141717527,1.378966502545893,0.4511855733448593,5.506732289529802,1.839087476335383,14.558798424654457,1.826176669817852,0.0080036923538773,0.5965758778035001,0.1087437682593468,0.0008612779292648,0.0041188896875268,0.2170754215539533,0.0753656397939273,1.0198706949381051,0.0032823661339744,12.96799955275386,0.0472036102333788,0.0306196580388129,-11.034632087824082,2197920000.0,8764868000.0,-8354846000.0,19041115000.0,1514271000.0,114203000.0,43086500.0,38.13308173337915,5.248819587286842,2.058576073253268,2.3601554322115024,17.14671241853861,43.71954049663495,0.0931979464137303,0.3308554877873258,2014-10-15,0.84,amc,3533100000.0,2025-04-25,2014-09-30,0.0,68.69953125,5536918.40625
2014-06-30,LVS,USD,1300514,2014-08-07,2014-08-07 08:37:04,2014,Q2,3624350000.0,1942556000.0,1681794000.0,0.4640263771,4217000,372655000.0,4217000.0,452722000.0,2194000.0,718140000.0,2660696000.0,5697000.0,69590000.0,274056000.0,1239112000.0,0.3418853036,965056000.0,0.2662700898,-61699000.0,899761000.0,0.2482544456,46917000.0,671434000.0,0.1852563908,0.83,0.83,808957601,809224051,https://www.sec.gov/Archives/edgar/data/1300514/000130051414000015/0001300514-14-000015-index.htm,https://www.sec.gov/Archives/edgar/data/1300514/000130051414000015/lvs-06302014x10q.htm,4.480271890046806,0.8299990001577351,1.555355927732979,1.215275063593846,4.070333223805138,10.80224475200895,10.68480720042088,8.993996707622257,12.916071234245068,61658748348.22,68744985348.22,22.957858981009306,17.012360381370453,49.00486032871913,62.71831150274742,8.474541683499268,8.474541683499268,18.967534964399132,55.47923460366779,54.63682762847744,69.92632060858138,0.0108895171891594,0.0159443067907877,1.42651230207915,0.4664886791268132,5.71880265867815,1.741696522286754,13.867739617761172,1.8739250618824783,0.0108757154169406,0.9987325634388488,0.1028198159670009,0.0011635189758163,0.0042699211110478,0.218651472679196,0.0759063004400789,1.0038495781883994,0.0027814642625574,12.960041905095824,0.0461364464678832,0.0303074087209327,-11.184307111788916,2119917000.0,8643556000.0,-8532448000.0,19045085000.0,1656322500.0,125126000.0,42234000.0,38.03163325837737,5.491949781627917,1.99606600787828,2.366451090558289,16.387622534545883,45.08868927419168,0.0922836673327137,0.340080864139133,2014-07-16,0.9,amc,3837600000.0,2025-04-25,2014-06-30,-0.0555555555555556,76.06761904761905,5711266.063492063
2014-03-31,LVS,USD,1300514,2014-05-07,2014-05-07 07:28:07,2014,Q1,4010384000.0,2139875000.0,1870509000.0,0.4664164329,1692000,387176000.0,1692000.0,465112000.0,-4657000.0,749305000.0,2889180000.0,5803000.0,71126000.0,271073000.0,1415423000.0,0.352939519,1144350000.0,0.2853467399,-87944000.0,1055881000.0,0.2632867576,59153000.0,776185000.0,0.1935438103,0.95,0.95,817037702,817537615,https://www.sec.gov/Archives/edgar/data/1300514/000130051414000010/0001300514-14-000010-index.htm,https://www.sec.gov/Archives/edgar/data/1300514/000130051414000010/lvs-03312014x10q.htm,4.908444237252591,0.949999000168538,1.3862603858150966,1.078163220428719,4.043145122818335,10.811022524882212,10.690438126195552,8.91857007597429,12.66153566068852,66000305567.56,72970729567.56,21.257917109825623,16.457353103234006,58.27188082886953,74.92372070332614,9.05750577860155,9.05750577860155,18.19544701144828,51.55400863738967,64.42609046717057,82.83656438592348,0.0117603243397937,0.0133469079033017,1.4099213263201116,0.4571305181346712,4.924622533334558,1.771429633471938,16.08905322948008,1.4592229945180597,0.0138646630819504,1.178935434207051,0.0965433734026467,0.0004219047353071,0.0043837040755473,0.222250573224901,0.062768802189516,0.9286317707776134,0.0040150768604702,13.807035697061984,0.0545017550076935,0.0346881596190288,-10.992976184592274,2282857000.0,8734491000.0,-8399476000.0,19158249000.0,1771600000.0,125454000.0,41665500.0,39.97076090469142,5.539697412232023,1.7405923243180093,2.2516459022284105,16.24637472098638,51.70653618460795,0.1065192056659102,0.3080971653863777,2014-04-24,0.94,amc,3886367010.0,2025-04-25,2014-03-31,0.0319148936170213,80.38459016393443,5008630.508196721
2013-12-31,LVS,USD,1300514,2014-02-28,2014-02-28 16:24:12,2013,Q4,3655685000.0,2496350000.0,1159335000.0,0.3171320833,969000,281106000.0,118769000.0,469301000.0,-671000.0,5280811000.0,7777161000.0,5489000.0,67086000.0,264993000.0,1152789000.0,0.3153414476,887796000.0,0.2428535281,-76446000.0,809627000.0,0.2214706683,39896000.0,577539000.0,0.1579837978,0.71,0.7,822314351,824718757,https://www.sec.gov/Archives/edgar/data/1300514/000144530514000758/0001445305-14-000758-index.htm,https://www.sec.gov/Archives/edgar/data/1300514/000144530514000758/lvs-20131231x10k.htm,4.445605254917897,0.7023336018612182,1.554915098398909,1.1917583571395072,4.378391299655185,11.553402890812494,11.429264232797026,9.32185360826811,11.950837277799131,64855932863.37,71015777863.37,28.0742654882917,17.741116333428618,50.72302666635122,66.17952332996938,8.460763632894372,8.460763632894372,19.42612064862536,61.60344856115906,55.54056560845249,72.46507945241837,0.0089049524770028,0.015110414062882,1.27327201612838,0.4295082560209651,5.343427982050488,1.7623416563753629,13.233700026831231,2.2139266785446523,0.0044203974461975,0.4963976458732657,0.0768955749743208,0.0002650666017449,0.004492158689936,0.2335540645488253,0.0816889310758448,1.1269316547984287,0.003713394343331,12.13707740628499,0.042261345157617,0.0255297643025874,-10.07007294707909,2385874000.0,9398448000.0,-7708196000.0,19275727000.0,1805316000.0,116967500.0,41814500.0,43.38171915796902,4.297257996675145,1.5122639053017404,2.0746065796119426,20.94358776448479,59.51342201878606,0.0753426980700787,0.3631567412594019,2014-01-29,0.84,amc,4264983333.0,2025-04-25,2013-12-31,-0.1428571428571428,71.98390625,4149843.609375
2013-09-30,LVS,USD,1300514,2013-11-07,2013-11-07 06:10:05,2013,Q3,3568540000.0,1912059000.0,1656481000.0,0.464190117,3487000,371933000.0,3487000.0,442591000.0,3207000.0,738448000.0,2650507000.0,3819000.0,66917000.0,258947000.0,1223912000.0,0.3429727564,964965000.0,0.2704089067,-59891000.0,854935000.0,0.2395755687,45637000.0,626744000.0,0.1756303698,0.76,0.76,824664242,826965340,https://www.sec.gov/Archives/edgar/data/1300514/000119312513431316/0001193125-13-431316-index.htm,https://www.sec.gov/Archives/edgar/data/1300514/000119312513431316/d601184d10q.htm,4.327264137639182,0.7599990009024788,1.3782287895053416,1.1290764805587388,3.891426154500343,11.193641642097536,11.064820729792237,9.199162051214536,11.92064903427691,54774198953.64,61328694953.64,21.84871293288807,15.34919013199796,48.19228890425277,58.82683869841232,7.220222845322176,7.220222845322176,17.185934570900145,50.10874552552798,53.95916766994904,65.86628950384971,0.01144232160347,0.0169990436699599,1.2870198860565605,0.434226139582688,5.355365418428776,1.2872969342303489,14.420326673341602,1.813461317539537,0.0052663846393107,0.4602549047138863,0.1042255376148228,0.0009771503191781,0.0047246409232427,0.1807771763612816,0.0575773285433258,0.7934712508737309,0.0037253330493703,12.5421475147368,0.0462705393184524,0.0280060723376404,-10.474257958671137,1162150000.0,9124762000.0,-8046831000.0,18108289000.0,1825939500.0,117888000.0,41456000.0,46.62046102888016,5.400821836564667,1.9620053565292703,1.930482839803908,16.66413052004079,45.871434397716094,0.0826161118448977,0.2491523089466027,2013-10-17,0.76,amc,3307390243.0,2025-04-25,2013-09-30,0.0789473684210525,57.95609375,4357110.71875
2013-06-30,LVS,USD,1300514,2013-08-09,2013-08-09 06:08:33,2013,Q2,3242941000.0,1772941000.0,1470000000.0,0.4532922431,6002000,354350000.0,6002000.0,433549000.0,3893000.0,685466000.0,2458407000.0,3236000.0,68376000.0,261156000.0,1048926000.0,0.3234489928,785403000.0,0.2421884949,-66009000.0,719394000.0,0.2218338231,47721000.0,529753000.0,0.1633557317,0.64,0.64,827740355,827901261,https://www.sec.gov/Archives/edgar/data/1300514/000119312513327904/0001193125-13-327904-index.htm,https://www.sec.gov/Archives/edgar/data/1300514/000119312513327904/d551334d10q.htm,3.917823965463179,0.6399990006528073,1.375659641482624,1.1378749318075714,3.037354630365944,10.82108289863432,10.688579995595358,9.060939163706715,11.54924360308614,43845406604.35,50822664604.35,20.691438559267244,13.520260345269923,38.50516392478544,46.55168904710335,5.845972370300149,5.845972370300149,15.671782065831602,48.452097292230334,44.63261224473934,53.95960631762514,0.0120822918756429,0.0214814976742981,1.2655021496365717,0.4357085789896209,6.651811471924616,1.2489022989421965,11.48653036153036,2.1494715461734053,0.0112458302519443,0.9307696228242218,0.1092680995429765,0.0018507891447917,0.0050348368587627,0.1728514107012538,0.0606930560870518,0.7536644764049074,0.0036667333756611,11.422666948630434,0.0382156400479055,0.0244417011862889,-10.799888752554535,889932000.0,8847369000.0,-8361418000.0,17865387000.0,1888670500.0,126983000.0,41805000.0,50.04782078983244,6.144113086673499,2.0929122852931936,1.7982800965089,14.648167885322428,43.00227994857988,0.0706327444749106,0.2377847096750526,2013-07-24,0.68,amc,3392572307.0,2025-04-25,2013-06-30,-0.0441176470588235,55.9278125,5725356.125
2013-03-31,LVS,USD,1300514,2013-05-10,2013-05-09 18:01:39,2013,Q1,3302719000.0,1787807000.0,1514912000.0,0.4586863127,5351000,346686000.0,5351000.0,433720000.0,-2108000.0,690317000.0,2478124000.0,3793000.0,68832000.0,262724000.0,1091112000.0,0.330367797,828635000.0,0.250894793,-69079000.0,759556000.0,0.2299789961,55582000.0,571961000.0,0.1731788263,0.69,0.69,827452691,828928985,https://www.sec.gov/Archives/edgar/data/1300514/000119312513211576/0001193125-13-211576-index.htm,https://www.sec.gov/Archives/edgar/data/1300514/000119312513211576/d501468d10q.htm,3.991429402457524,0.6912310591542931,1.0701735695968628,0.8318626641580407,2.875992822168488,10.688375415531764,10.60615198361836,8.85373034577514,11.961023400671978,45807780973.76,53256381973.76,20.02224844603041,13.869717942628483,51.72992640890417,66.5494466638095,6.252731655241444,6.252731655241444,16.125011535574174,48.80927161809237,60.1415013288945,77.37075833689511,0.0124861101725847,0.015026420956612,1.3415631057584565,0.4465208298795604,6.826614499703055,1.6741009570007876,12.038514063226406,1.5482139516505495,0.0108239253126891,0.866877287087756,0.1049698748213214,0.0016201802212056,0.003091006554782,0.2226843497252455,0.0597056546439464,0.7505633288165527,0.0044257473917702,11.734538831947114,0.0395482348460565,0.0260658598854473,-11.221670557114669,1812675000.0,8776089000.0,-8665127000.0,18960464000.0,1896622000.0,119714500.0,43128000.0,53.79160624927522,6.691880051929542,2.1335021062116883,1.673123490362637,13.44913526566414,42.18416271442392,0.078072296326953,0.2383109054388222,2013-05-01,0.66,amc,3070115492.0,2025-04-25,2013-03-31,0.0757575757575756,52.67533333333333,7300960.05
2012-12-31,LVS,USD,1300514,2013-03-01,2013-03-01 16:44:45,2012,Q4,3077002000.0,1819387000.0,1257615000.0,0.4087143915,7762000,262414000.0,105562000.0,443052000.0,5025000.0,4219359000.0,6038746000.0,6536000.0,67067000.0,260470000.0,933486000.0,0.3033751684,673016000.0,0.2187245897,-55506000.0,616499000.0,0.2003570358,45156000.0,434782000.0,0.1413005256,0.53,0.53,822215876,826662036,https://www.sec.gov/Archives/edgar/data/1300514/000119312513087854/0001193125-13-087854-index.htm,https://www.sec.gov/Archives/edgar/data/1300514/000119312513087854/d448401d10k.htm,3.742328614437992,0.5287930003433794,1.076267225956605,0.6062495441282382,3.0560903448183967,10.53058236010028,10.44469494043192,8.588793048311317,12.523638013528211,37953484836.16,45670785836.16,21.823284333390067,12.33456619012922,42.88897672134556,76.14026343949861,5.37444548266019,5.37444548266019,14.842624683428868,48.92498209524299,51.60983975591124,91.62230240689472,0.0114556542535394,0.0131336556353604,1.448640029046246,0.4615695554144235,8.267184510533633,1.7071354033421242,10.034979945427706,2.03532804945927,0.0650586898847158,5.679177150848012,0.0852823625074016,0.0025225852956871,0.0031862077603456,0.4367109491888569,0.1255949784888017,1.483687180865359,0.0049268736256915,10.108813333930955,0.0317598698035225,0.0196795967452908,-11.683174431917683,1854691000.0,8587794000.0,-9027726000.0,19150798000.0,1760859000.0,128345000.0,43193000.0,53.21199011245361,5.268159000806316,2.170373867681807,1.691348130558579,17.083766831301997,41.46750997150997,0.0615677892538518,0.4700176818283669,2013-01-30,0.59,amc,3337764881.0,2025-04-25,2012-12-31,-0.0847457627118642,44.99596774193548,6472747.983870967
2012-09-30,LVS,USD,1300514,2012-11-09,2012-11-09 06:08:12,2012,Q3,2709482000.0,1839991000.0,869491000.0,0.3209067268,4201000,268832000.0,-174343000.0,94489000.0,309357000.0,335242000.0,2175233000.0,4176000.0,62292000.0,226538000.0,764963000.0,0.282328135,534095000.0,0.1971207043,-55764000.0,478331000.0,0.1765396485,33351000.0,349782000.0,0.1290955245,0.43,0.42,821482154,825606248,https://www.sec.gov/Archives/edgar/data/1300514/000119312512461628/0001193125-12-461628-index.htm,https://www.sec.gov/Archives/edgar/data/1300514/000119312512461628/d408984d10q.htm,3.298284675822672,0.4257937902811702,0.9184788693535028,0.520094073766087,4.55933824217927,12.811056148640327,12.7219915236284,11.038822883546173,11.635425010097054,37903186585.56,43653773585.56,27.090578264147386,13.98908964354072,50.23523299178014,88.71471975424109,4.179793487652892,4.179793487652892,16.1114831490152,57.06651640087167,57.8568105900752,102.17431933106766,0.0092283006129425,0.0112720865575658,1.0471765277239269,0.4100463582009815,7.517470779632479,2.2218762314100484,8.574054453220317,1.6956132859903816,0.0059109014355366,0.6405189518042667,0.0992189651010783,0.0015504808668225,0.0031593339805293,0.4337441054771681,0.1207854490267881,1.584547003912151,0.006422260786379,10.283768779300804,0.0239604284839357,0.0151517875286054,-9.240363850923048,3079100000.0,10450889000.0,-7035231000.0,18790800000.0,1632117000.0,142319500.0,41524000.0,56.55000476105765,7.34638375948578,2.0793525620505755,1.5915118023469594,12.250925482049643,43.28270330032227,0.0385723908040805,0.3983847955874157,2012-11-01,0.59,amc,3475228260.0,2025-04-25,2012-09-30,-0.2203389830508473,41.776984126984125,9351251.92063492
2012-06-30,LVS,USD,1300514,2012-08-09,2012-08-09 06:08:14,2012,Q2,2581906000.0,1743557000.0,838349000.0,0.3247015964,6797000,259038000.0,-156974000.0,102064000.0,288871000.0,339358000.0,2082915000.0,6892000.0,64533000.0,220440000.0,620496000.0,0.2403247833,397728000.0,0.1540443378,-72262000.0,325466000.0,0.126056487,39085000.0,240587000.0,0.0931819361,0.29,0.29,821110555,826102326,https://www.sec.gov/Archives/edgar/data/1300514/000119312512345360/0001193125-12-345360-index.htm,https://www.sec.gov/Archives/edgar/data/1300514/000119312512345360/d362295d10q.htm,3.144407271685845,0.2930019575743975,0.9144542052561973,0.5037275400752825,4.289312783221987,12.406404884175432,12.314535403822692,10.752203763840305,11.495097636395624,35710098036.950005,41562311036.950005,37.10726061357222,13.83090555463677,47.55842310093119,86.33635554947102,4.0447522159370735,4.0447522159370735,16.097530675768212,66.98239962376873,55.35235359204282,100.4852593636368,0.0067372259731983,0.0115826061180796,1.0617828258321564,0.4181779063440171,9.43150801939094,2.323034759298857,6.163172330435591,2.621919750262762,0.0107582734609824,1.5968402282750107,0.1003282071461935,0.0026325513012479,0.0033651091953064,0.4491495176249354,0.130621331682873,1.4631513642259986,0.0053065448548475,8.419286008830577,0.0172693729490264,0.010768676640301,-9.153670543182823,2976127000.0,10111595000.0,-7004179000.0,19770554000.0,1546058000.0,119826000.0,40275500.0,54.44033981097685,6.939968122636656,2.092463854063848,1.6531858602001823,12.96835927912114,43.0114956706219,0.0272504096843629,0.4107266651809146,2012-07-25,0.6,amc,3520772727.0,2025-04-25,2012-06-30,-0.2666666666666666,50.934444444444445,10699839.666666666
2012-03-31,LVS,USD,1300514,2012-05-10,2012-05-10 06:10:22,2012,Q1,2762742000.0,1705398000.0,1057344000.0,0.3827154327,1198000,218717000.0,-118303000.0,100414000.0,256910000.0,306304000.0,2011702000.0,5648000.0,64672000.0,194747000.0,911644000.0,0.3299779712,707554000.0,0.2561057095,-65274000.0,642280000.0,0.2324791819,63171000.0,498942000.0,0.1805966681,0.66,0.61,760437437,818797155,https://www.sec.gov/Archives/edgar/data/1300514/000119312512223529/0001193125-12-223529-index.htm,https://www.sec.gov/Archives/edgar/data/1300514/000119312512223529/d316142d10q.htm,3.6330957230344776,0.6561249824421782,0.8777198064224184,0.3539949335766329,5.33424553110212,13.542005560149716,13.43941066383874,11.580802800480743,13.040711197915416,43778383248.09,49573996248.09,21.93560736923831,15.845990413904014,65.59040775740841,162.62944618538512,4.971157957858512,4.971157957858512,17.943766101970436,54.37867879138129,74.27361146824262,184.15918900739624,0.011396994657672,0.0061489479516524,1.1187191107998251,0.4307620661804854,6.357320401384751,2.295690660128417,10.940654379020287,1.152548138606031,0.008759185962326,0.7685522565749126,0.0791666395197235,0.0004336271718459,0.003411170951971,0.596687996572033,0.1441538876956299,1.9456549352197448,0.0069373108310511,13.075366754625453,0.030601360285415,0.0218901273043517,-9.66425591695323,3229921000.0,10219831000.0,-6850445000.0,20051889000.0,1433578500.0,104659000.0,37502000.0,49.85286356815077,5.552047088128401,2.1116830206204065,1.8053125449246568,16.210237156028708,42.62003298845404,0.0566562606881572,0.5237248728457855,2012-04-25,0.6,amc,2368028571.0,2025-04-25,2012-03-31,0.1666666666666666,51.93225806451613,10134123.41935484
2011-12-31,LVS,USD,1300514,2012-02-29,2012-02-29 16:06:03,2011,Q4,2544355000.0,1372554000.0,1171801000.0,0.4605493337,5008000,246303000.0,0.0,246303000.0,257208000.0,508519000.0,1881073000.0,5950000.0,68011000.0,197935000.0,867167000.0,0.3408199721,663282000.0,0.2606876792,-79186000.0,584096000.0,0.2295654498,59744000.0,435284000.0,0.1710783283,0.6,0.6,729773246,729773246,https://www.sec.gov/Archives/edgar/data/1300514/000095012312004305/0000950123-12-004305-index.htm,https://www.sec.gov/Archives/edgar/data/1300514/000095012312004305/c24987e10vk.htm,3.486500791781561,0.5964647270722226,1.0048641876356208,0.428126136046374,5.347850200581346,12.934362902089727,12.824646630030063,10.757710073684995,13.841269264617576,31183210801.58,37313469801.58,17.909692753225478,12.255841186304584,42.52315937394572,99.80703442821708,3.972034913315252,3.972034913315252,14.665197978104471,43.02916255067363,50.88272125868137,119.42794437748653,0.0139589217662584,0.0100193338648812,1.277974073358402,0.451039449835806,7.069294611072608,2.1599788050294837,9.752569437296907,1.398531902233614,0.0005560684597341,0.039836061054392,0.0968037086019836,0.0019682787975734,0.0035995125543947,0.5739462692428848,0.1654203128101228,2.1263950286710283,0.0060809124512892,12.01554736863906,0.0294753102888409,0.0196391860604929,-10.800814216201069,2898446000.0,9359084000.0,-7407819000.0,19399961000.0,1224856500.0,103716000.0,34226000.0,47.286455702918815,6.826813371277195,2.294335960552372,1.9032934201165903,13.18331044153948,39.2270362960846,0.0554453246078146,0.5767380515892466,2012-02-01,0.57,amc,2544400000.0,2025-04-25,2011-12-31,0.0,44.1868253968254,13393348.412698412
2011-09-30,LVS,USD,1300514,2011-11-09,2011-11-09 06:06:44,2011,Q3,2409375000.0,1492506000.0,916869000.0,0.3805422568,3308000,79997000.0,0.0,79997000.0,234961000.0,284313000.0,1776819000.0,2369000.0,70761000.0,200071000.0,828379000.0,0.3438148898,632556000.0,0.2625394553,-75009000.0,557547000.0,0.2314073152,52375000.0,424879000.0,0.1763440726,0.48,0.44,729773246,812543534,https://www.sec.gov/Archives/edgar/data/1300514/000095012311096711/0000950123-11-096711-index.htm,https://www.sec.gov/Archives/edgar/data/1300514/000095012311096711/c22583e10vq.htm,3.301539229077192,0.582206873612903,1.1615251787402467,0.6594048255915372,5.414798393417673,12.50450198060563,12.391390133257913,10.454145916990768,13.442790693919193,27979506251.640003,33767359251.640003,16.463220264851877,11.612765240628796,33.00832448727659,58.143341558967286,3.667444505216567,3.667444505216567,14.01498697863139,40.76317633793228,39.83644104481803,70.17089883054595,0.0151853644656469,0.0171988739069258,1.2766062196132837,0.4434016255948999,6.986962489391933,2.290065328716045,8.939330987408319,1.6779433539467743,0.0006840721143489,0.045048119582281,0.0332023865110246,0.0013729701686121,0.0037580267122829,0.4322939892644369,0.1520867444876783,1.831519810467284,0.0057911284046692,11.7023801527316,0.0285288955328122,0.0194162010592383,-11.012766011978464,3009685000.0,9042905000.0,-7497144000.0,17897204000.0,1040942000.0,98136000.0,34548000.0,41.571212451361866,6.230266410989303,2.017800933463584,2.164959708723906,14.44561019754353,44.60301237224314,0.0556914814692477,0.5021203531487094,2011-10-27,0.52,amc,2277978181.0,2025-04-25,2011-09-30,0.0576923076923077,44.810625,19398843.359375
2011-06-30,LVS,USD,1300514,2011-08-09,2011-08-09 06:01:17,2011,Q2,2345096000.0,1450362000.0,894734000.0,0.3815340609,2420000,70588000.0,0.0,70588000.0,229657000.0,286612000.0,1736974000.0,4028000.0,70592000.0,206161000.0,818311000.0,0.3489456295,608122000.0,0.259316463,-64656000.0,543466000.0,0.2317457366,54374000.0,410637000.0,0.1751045586,0.5,0.45,728695140,811274706,https://www.sec.gov/Archives/edgar/data/1300514/000095012311074643/0000950123-11-074643-index.htm,https://www.sec.gov/Archives/edgar/data/1300514/000095012311074643/c18676e10vq.htm,3.21821276315909,0.5635237254361268,0.910044494052753,0.376990300772419,4.774432830717109,12.099708802778622,11.981903708044491,10.152391025964576,13.900836500707278,30758221859.4,37337995859.4,18.72591964399214,13.115975576010534,46.382347539979946,111.96574530834222,4.157641278005212,4.157641278005212,15.9217344873728,45.62812409878397,56.304421897775,135.91736719461545,0.013350479162192,0.0089313030270651,1.3596759555760896,0.4627504875637601,8.040676466526785,1.7235179105055156,8.614602221214868,1.6149177984448553,0.0006248410616144,0.046802894040235,0.0301002602878517,0.0010319406966708,0.0039491824988888,0.5857451990137903,0.1656367159382814,1.8841293940172967,0.0055648041700638,11.345706116998926,0.0272667524025008,0.0189659167552563,-11.934337863156326,1981963000.0,8731155000.0,-8198853000.0,18401620000.0,886044000.0,90343500.0,34633500.0,37.18778250442625,5.768056526577502,2.211213476359695,2.4201496819362056,15.603175798521834,40.70163327159455,0.0555065032458781,0.533054193280334,2011-07-26,0.44,amc,1910822222.0,2025-04-25,2011-06-30,0.2272727272727273,42.44873015873016,15017193.92063492
2011-03-31,LVS,USD,1300514,2011-05-10,2011-05-09 21:29:40,2011,Q1,2111919000.0,1374480000.0,737439000.0,0.349179585,573000,60203000.0,0.0,60203000.0,225794000.0,251512000.0,1625992000.0,2047000.0,73585000.0,190237000.0,686692000.0,0.3251507278,485927000.0,0.2300878964,-76213000.0,409714000.0,0.1940008116,45211000.0,289323000.0,0.1369953109,0.32,0.28,723389226,811239242,https://www.sec.gov/Archives/edgar/data/1300514/000095012311047689/0000950123-11-047689-index.htm,https://www.sec.gov/Archives/edgar/data/1300514/000095012311047689/c14997e10vq.htm,2.9194780957381856,0.3999548093905396,0.5783580746888259,0.1182503096887428,4.332302565977116,11.472754502981774,11.351236243045731,9.618032381366984,14.067591324618371,30541493121.72,37510311121.72,26.39048150485789,14.46148887420398,72.99975888244602,357.0392340716148,4.38967122649668,4.38967122649668,17.761245162205558,54.624651403715205,89.65650947640651,438.5068110230182,0.009473112491486,0.0028008126406618,1.452050504334768,0.4757152025781431,10.14838967106068,1.6255613701567933,6.603614867160426,1.4460585573908746,0.0006416844101856,0.0677374422358402,0.0285063016147873,0.0002713172238139,0.0041392400712153,0.7955413525567788,0.1575993208072847,1.7495912992740634,0.0095832273870352,9.303360249153936,0.0220936046472482,0.013680166305067,-12.696678592777385,1618311000.0,8211362000.0,-8732438000.0,17804002000.0,760009500.0,100619500.0,32946500.0,34.22432394424218,5.74476165531692,2.202265584075432,2.6297086290623835,15.666446303599516,40.867005619480864,0.0415838493292424,0.4601077650000831,2011-05-03,0.44,amc,2511448648.0,2025-04-25,2011-03-31,-0.1590909090909091,44.83112903225807,26113919.56451613
2010-12-31,LVS,USD,1300514,2011-03-30,2011-03-30 16:50:11,2010,Q4,2015046000.0,1069494000.0,945552000.0,0.4692458634,525000,249137000.0,0.0,249137000.0,207204000.0,456866000.0,1526360000.0,2580000.0,74938000.0,184450000.0,673661000.0,0.3343154449,488686000.0,0.2425185331,-74413000.0,414273000.0,0.2055898476,27866000.0,325509000.0,0.1615392403,0.49,0.49,660836841,660836841,https://www.sec.gov/Archives/edgar/data/1300514/000095012311030876/0000950123-11-030876-index.htm,https://www.sec.gov/Archives/edgar/data/1300514/000095012311030876/c14631e10vkza.htm,3.049233751784731,0.4925709037459671,1.0019916550021764,0.5039594939895308,4.595810662438537,12.001734025600427,11.865838151720116,10.082656696193483,15.458824881102537,30365452843.95,37469194843.95,23.321515567887527,15.069359629482404,45.85866535974314,91.17796280856366,4.557330610824779,4.557330610824779,18.59470942298588,55.62025238799633,56.58691396693815,112.50827944195052,0.0107197149890308,0.0109675624372041,1.5219625840707274,0.4818796132426877,10.544980338775735,1.5608701387048904,6.521204195468254,1.713615436573354,0.0007689659732722,0.0717338076673763,0.1236383685533729,0.0002605399578967,0.0042674247117082,0.4970422243801659,0.1633302664058289,1.7843209541881269,0.0076767478261042,10.570928281026124,0.0237267971797903,0.0155340835332625,-14.409335495870152,1458494000.0,7841383000.0,-9054213000.0,17449336000.0,667958500.0,107334000.0,30005500.0,32.02046504149285,9.55166648901256,2.714741737681558,2.810702464295129,9.422439540108366,33.15232486050837,0.0488532852588274,0.4980321610126454,2011-02-03,0.39,amc,1871071428.0,2025-04-25,2010-12-31,0.0769230769230768,44.946875,35446570.25
2010-09-30,LVS,USD,1300514,2010-11-09,2010-11-09 06:02:05,2010,Q3,1908772000.0,1271862000.0,636910000.0,0.3336752635,425000,47979000.0,0.0,47979000.0,226977000.0,237548000.0,1509410000.0,2661000.0,76723000.0,186738000.0,588761000.0,0.3084501449,383305000.0,0.2008123547,-89310000.0,293995000.0,0.1540231101,25161000.0,214497000.0,0.1123743433,0.25,0.21,660836841,789156247,https://www.sec.gov/Archives/edgar/data/1300514/000095012310102774/0000950123-10-102774-index.htm,https://www.sec.gov/Archives/edgar/data/1300514/000095012310102774/c05906e10vq.htm,2.8884164465037747,0.3245839013385151,0.8626834411007058,0.0693106030993813,3.623756805653031,11.079855942837789,10.941039529604556,9.24818142819008,15.460052112923892,23030163908.85,30775300908.85,26.842058290850225,12.065434692488155,40.397205208360745,502.80907165142025,3.768308425889125,3.768308425889125,16.12308903779498,52.27129668719566,53.98294823625269,671.9057902069734,0.0093137417887665,0.0019888264877871,1.6591318487863695,0.5007828181720888,13.154976297682762,1.4307494815327202,4.995959490635142,2.120613464070765,0.0010138877036401,0.1088593313659398,0.0251360560611744,0.0002226562418141,0.0045305715918468,0.91965696824904,0.2746739788722802,2.8076235152995106,0.0071354776788427,8.218317539836702,0.0189413757759344,0.0106417052923801,-15.21280802805605,997599000.0,7230242000.0,-9612460000.0,16812746000.0,574664500.0,110159500.0,27137000.0,29.18620977256582,7.158536067592239,1.9637271968185228,3.083648089331468,12.572402953649062,45.83121328961119,0.0350970516591647,0.7933728380013244,2010-10-27,0.23,amc,1291247058.0,2025-04-25,2010-09-30,0.4782608695652174,28.40984375,28567503.375
2010-06-30,LVS,USD,1300514,2010-08-09,2010-08-06 21:16:06,2010,Q2,1594476000.0,1129774000.0,464702000.0,0.2914449637,676000,88878000.0,0.0,88878000.0,227084000.0,297927000.0,1427701000.0,2073000.0,76987000.0,170694000.0,339542000.0,0.2129489563,166775000.0,0.1045954909,-80154000.0,86621000.0,0.0543256844,8073000.0,41807000.0,0.0262198992,-0.01,-0.01,660364559,660364559,https://www.sec.gov/Archives/edgar/data/1300514/000095012310074550/0000950123-10-074550-index.htm,https://www.sec.gov/Archives/edgar/data/1300514/000095012310074550/c04251e10vq.htm,2.414539027373817,0.0633089699170242,0.5377499370010861,-0.4198605092009488,5.591299456759611,10.606084025172526,10.466751896053829,8.86142498146997,15.859185441234438,14620471336.26,21497493336.26,87.42836926985912,9.169452118601974,41.1715529405172,-52.73179904948767,2.49846949517676,2.49846949517676,13.4824816028965,63.313208192977605,60.537390664496456,-77.53522253854672,0.0028594837360896,-0.0189638893044692,1.7765317542330348,0.5129411361851792,20.25381837887507,1.861162719317477,2.16627482561991,4.520942608341397,0.0015970757346303,0.5585189083167891,0.0557411964808501,0.0004239637347943,0.0045398579396002,1.7807727724570628,0.3966017676026481,3.903627250055557,0.0086793404228097,3.5528401273363848,0.0082005280225639,0.0020722033012502,-13.871074886076675,2062179000.0,6911872000.0,-8806448000.0,17491363000.0,483202500.0,102992500.0,25722500.0,29.93446749904044,9.492199324820715,2.112873902214071,3.006567596463341,9.48146967001242,42.59601100931267,0.0071443328865739,0.957610446202035,2010-07-28,0.09,bmo,1479873029.0,2025-04-25,2010-06-30,0.8888888888888891,24.00333333333333,42096252.253968254
2010-03-31,LVS,USD,1300514,2010-05-10,2010-05-07 20:51:04,2010,Q1,1334888000.0,969697000.0,365191000.0,0.2735742624,157000,69633000.0,0.0,69633000.0,170023000.0,223371000.0,1193068000.0,1633000.0,78165000.0,153089000.0,296542000.0,0.222147476,141820000.0,0.1062411229,-80804000.0,61016000.0,0.0457087037,13202000.0,17581000.0,0.0131703933,-0.04,-0.04,660280641,660280641,https://www.sec.gov/Archives/edgar/data/1300514/000095012310046667/0000950123-10-046667-index.htm,https://www.sec.gov/Archives/edgar/data/1300514/000095012310046667/c00211e10vq.htm,2.0216979222324345,0.0266265568128325,0.4282936412791178,-0.3868158236673185,5.945521883020041,10.533929920262496,10.533929920262496,8.838397853315223,15.962239910650355,13964935557.15,20674483557.15,198.57993796072464,10.461503554717698,49.38200795331584,-54.67718409107816,2.392967634068065,2.392967634068065,15.487803888528475,69.71856788296431,73.10792858812422,-80.94720801368013,0.0012589388563987,-0.0182891642395895,1.7926165683914677,0.5206367664540369,22.625961921076943,2.382834980482683,1.8143670440734343,5.91446019994144,0.0016720449517609,1.328138331152949,0.0521639268612797,0.0001176128634012,0.0,1.9031556539389096,0.4031806413721601,3.3266022609974844,0.0113065665434103,2.3011002385714514,0.0060451408960342,0.000874961392907,-13.438041264638562,2760382000.0,6955350000.0,-8381550000.0,17714515000.0,448420000.0,84762000.0,25997500.0,29.400713767746808,8.05881631066199,2.313073052716467,3.061150171759839,11.167893215400383,38.90927694406548,0.0030125999366327,0.8151094649464363,2010-05-06,0.02563,amc,1101282599.0,2025-04-25,2010-03-31,1.7311744049941478,17.93934426229508,30250181.34426229
2009-12-31,LVS,USD,1300514,2010-03-01,2010-02-26 19:59:58,2009,Q4,1284199000.0,2876873000.0,-1592674000.0,-1.2402080986,189000,230269000.0,0.0,230269000.0,-1885369000.0,-1654911000.0,1221962000.0,1282000.0,97367000.0,181493000.0,245012000.0,0.1907897452,43944000.0,0.0342189957,-122486000.0,-78542000.0,-0.061160303,-4525000.0,-67427000.0,-0.0525051024,-0.1,-0.1,660245590,660245590,https://www.sec.gov/Archives/edgar/data/1300514/000095012310018509/0000950123-10-018509-index.htm,https://www.sec.gov/Archives/edgar/data/1300514/000095012310018509/c96835e10vk.htm,1.945032302298301,-0.1021241202080577,0.1608401504052454,-0.6779659065954534,7.505413250848067,10.512129282075174,10.436204503842276,8.861398074616448,16.846502526431113,9864069114.6,15934115114.6,-36.573142489655474,7.681106366380912,92.88725459630489,-22.03650634148303,1.685964209507274,1.685964209507274,12.40782395454287,65.03401920967137,150.04722596945214,-35.59709737324183,-0.0068356171491337,-0.0453792440826943,1.884469189066127,0.5359423094553373,24.77448451504416,3.0574994359282446,0.4513233436379882,-1.5749477212392662,0.0023671772499484,-0.3463004434425378,0.1793094372445392,0.0001471734520895,0.0024367461454845,5.21515339849709,0.4312555920071578,3.051456530003912,0.0098357030335641,,0.0021904169447341,-0.0032855996281449,-12.596815678844594,3784369000.0,6890458000.0,-8007845000.0,18395589000.0,417983500.0,80683500.0,26613000.0,32.291677535958215,2.587027651203233,0.8469508386362554,2.787095836064293,34.78895942922789,106.2635467070513,-0.0115246058633335,0.8388060570006988,2010-02-17,0.03063,amc,1284200000.0,2025-04-25,2009-12-31,-0.0205680705190989,16.1359375,29960937.125
2009-09-30,LVS,USD,1300514,2009-11-09,2009-11-06 21:37:42,2009,Q3,1141144000.0,671105000.0,470039000.0,0.4119015654,80000,180254000.0,0.0,180254000.0,898428000.0,1078762000.0,1078762000.0,1599000.0,88514000.0,148677000.0,210890000.0,0.1848057739,62382000.0,0.0546661946,-88683000.0,-26301000.0,-0.0230479238,54316000.0,-76506000.0,-0.0670432478,-0.12,-0.12,660245590,660245590,https://www.sec.gov/Archives/edgar/data/1300514/000095012309059600/0000950123-09-059600-index.htm,https://www.sec.gov/Archives/edgar/data/1300514/000095012309059600/p16230e10vq.htm,1.7283629262862628,-0.1158750640045925,0.3401355547107857,-0.4422157518689371,4.6828711116419575,6.103557617098208,6.103557617098208,6.110464138048995,17.9522759099383,11118535735.6,19791087735.6,-36.33223451624709,9.743324011343004,49.50967273715006,-38.08095918978255,2.755928129115382,2.755928129115382,17.343199224287204,93.84554855896438,88.12763660635962,-67.78442973993992,-0.006880942043028,-0.0262598427475615,2.916016405880716,0.6438110687329948,41.12358101379866,2.189537412001419,0.7047698669137086,-2.9353645465715106,0.0021000966813675,-0.3052048205369513,0.1579590305868496,7.010508752620177e-05,0.0,2.3001162205607977,0.4526545291391796,3.474269725646872,0.0105236499512769,,0.0114447217227391,-0.0041868197430337,-16.443712634263864,2052661000.0,4029847000.0,-10464954000.0,16116597000.0,371222500.0,83406500.0,26666500.0,29.591436313033235,10.550480178213544,3.507305116188972,3.0414204652972674,8.530417429326825,25.66072725882308,-0.0189633817311937,0.7823513065797228,2009-10-29,0.00603,amc,380366666.0,2025-04-25,2009-09-30,3.9751243781094527,12.88265625,43844109.8125
2009-06-30,LVS,USD,1300514,2009-08-07,2009-08-07 16:36:40,2009,Q2,1058700000.0,616696000.0,442004000.0,0.4174969302,10000,237814000.0,0.0,237814000.0,841046000.0,1078870000.0,1078870000.0,2692000.0,64871000.0,137143000.0,-24247000.0,-0.0229026164,-171345000.0,-0.1618447152,-61406000.0,-232751000.0,-0.2198460376,-54488000.0,-175940000.0,-0.1661849438,-0.27,-0.27,658877256,658877256,https://www.sec.gov/Archives/edgar/data/1300514/000095012309032150/0000950123-09-032150-index.htm,https://www.sec.gov/Archives/edgar/data/1300514/000095012309032150/p15491e10vq.htm,1.6068243217671487,-0.2670300096077379,0.2460716294629541,-0.5108113794111601,3.9233908538497193,6.273610088007045,6.273610088007045,6.274291550291425,16.4556826044091,5178775232.16,13371146232.16,-7.358723474138912,4.891636187928592,31.941918770377043,-15.387284459208107,1.2527310752135712,1.2527310752135712,12.629778248946822,-551.4556948142039,82.47124999019312,-39.72862721329205,-0.0339732836651066,-0.0649887251159236,2.607023532724333,0.6230795580388385,-337.8715304986184,1.971238864869037,-2.641318925251653,-0.9215130158008412,0.0045423867508125,-0.1337046720472888,0.2246283177481817,9.445546424860678e-06,0.0,3.075864578643196,0.4710427883253046,3.6362993371881904,0.0087928591669028,,-0.0083028568267258,-0.0101717090165083,-15.616565765930764,1585495000.0,4133539000.0,-9945515000.0,15187457000.0,356599000.0,78178500.0,27184000.0,31.219382261263817,12.8632097500227,3.9666221282447114,2.882824498153816,6.996698471766829,22.68933038999264,-0.0425593881743246,0.7568830088741142,2009-07-30,-0.08901,amc,1058700000.0,2025-04-25,2009-06-30,2.0,7.980952380952381,46655923.93650793
2009-03-31,LVS,USD,1300514,2009-05-11,2009-05-08 19:55:54,2009,Q1,1079062000.0,684549000.0,394513000.0,0.3656073516,254000,197590000.0,0.0,197590000.0,160390000.0,358234000.0,1042783000.0,5549000.0,71118000.0,145739000.0,181824000.0,0.1685019026,36279000.0,0.033620867,-71312000.0,-35033000.0,-0.0324661604,813000.0,-35846000.0,-0.0332195926,-0.0553,-0.0553,647802932,647802932,https://www.sec.gov/Archives/edgar/data/1300514/000095015309000359/0000950153-09-000359-index.htm,https://www.sec.gov/Archives/edgar/data/1300514/000095015309000359/p14882e10vq.htm,1.665725711781743,-0.0553347294822061,0.2249372344612975,-0.5837052926460049,4.258196225638571,6.68680980900531,6.68680980900531,6.683916953929439,16.177750180358863,1949886825.32,9600290825.32,-13.599054464375383,1.8070201946876083,13.381510656555603,-5.156711850864527,0.4503347394569941,0.4503347394569941,8.896885281216464,52.79990994214185,65.8840258403047,-25.389131732068147,-0.0183836310572113,-0.1939220241348853,2.4039746310562857,0.6136718447847471,42.0758755719817,2.2654516581552766,0.5101240192356365,-4.065028176086592,0.0125509848480481,-0.6827261061206271,0.1831127405098131,0.0002353896254339,0.0,3.594969632501801,0.4854595936100057,3.5943776202663664,0.0107463704587873,,0.0023778882052914,-0.0021133579598944,-14.816798482783032,1879035000.0,4331735000.0,-9265989000.0,14015040000.0,365386500.0,69625500.0,28012500.0,28.85456072032932,8.968590999329486,3.5744994149432694,3.1190909774131823,10.035021109417146,25.178350742974843,-0.0082787877024227,0.8086425271073024,2009-05-05,-0.02281,bmo,2158200000.0,2025-04-25,2009-03-31,1.4256904866286713,3.955573770491803,24734334.06557377
2008-12-31,LVS,USD,1300514,2009-03-02,2009-02-27 20:34:56,2008,Q4,1093375000.0,711040000.0,382335000.0,0.34968332,1285000,550529000.0,-315501000.0,235028000.0,180401000.0,416714000.0,1127754000.0,0.0,0.0,160816000.0,126437000.0,0.1156391906,-34379000.0,-0.031443009,-117394000.0,-151773000.0,-0.1388114782,-40167000.0,-111320000.0,-0.1018131931,-0.31,-0.31,355393259,355393259,https://www.sec.gov/Archives/edgar/data/1300514/000095015309000169/0000950153-09-000169-index.htm,https://www.sec.gov/Archives/edgar/data/1300514/000095015309000169/p14105e10vk.htm,3.0765214936167373,-0.3132304768898276,-0.2514313306094531,-2.729283618741908,8.54873558533084,12.451505164874272,12.451505164874272,12.442858405482587,29.46239900402838,2107482025.87,9540057025.87,-4.7329366373293205,1.9275015670469875,-23.584968450932777,-2.172731320145283,0.476578596875065,0.476578596875065,8.725329393730421,75.45304796752532,-106.76339879214834,-9.835424663953177,-0.0528213283119439,-0.4602501886579945,2.367815982784681,0.6107483075968992,58.78480982623757,2.4446137520778666,0.0,0.8027039166367229,0.0032522222803634,-0.0615702479338843,0.5035134331770893,0.0011752600891734,0.0,-9.85498617903466,0.8054071110094889,5.475897920604915,0.0492548302275065,,-0.0016073258449433,-0.0064931909863169,-26.3869277554305,2210860000.0,4425181000.0,-8977656000.0,15179026000.0,358997500.0,83690000.0,28060500.0,31.67596661712587,8.991266314131414,3.650047817281728,2.841270831221951,10.009713521503484,24.65721122169435,-0.0251735145319833,2.4778522881324543,2009-02-11,-0.01308,bmo,1093400000.0,2025-04-25,2008-12-31,2.058103975535168,8.986875,19206145.453125
2008-09-30,LVS,USD,1300514,2008-11-10,2008-11-10 17:26:41,2008,Q3,1105434000.0,732239000.0,373195000.0,0.3376004357,1153000,130192000.0,81463000.0,211655000.0,132192000.0,345000000.0,1077239000.0,3215000.0,90535000.0,142358000.0,170858000.0,0.1545619187,28195000.0,0.0255058194,-80111000.0,-51916000.0,-0.0469643597,-19425000.0,-32208000.0,-0.0291360678,-0.0906,-0.0906,355393259,355393259,https://www.sec.gov/Archives/edgar/data/1300514/000095015308001918/0000950153-08-001918-index.htm,https://www.sec.gov/Archives/edgar/data/1300514/000095015308001918/p13331e10vq.htm,3.1104529194235506,-0.090626367226622,0.066830192747128,-2.741509511861619,3.590318520926138,6.410872863517088,6.410872863517088,6.410872863517088,29.378596063916905,12833250582.49,21907695582.49,-99.61229028882576,11.60924178421326,540.3246424356869,-13.17157567528538,5.632618329634069,5.632618329634069,19.81818505898136,128.2216553072727,922.3904501911496,-22.4852517591762,-0.0025097304687516,-0.0759210609765056,4.542883740691306,0.701275904487252,53.111033723911085,1.1596956298033312,0.3114265201303363,-0.7374254843517138,0.0,0.0,0.117774557323187,0.0010430292536686,0.0,42.0220201254684,0.9028716323181664,7.010951263715421,0.013918515261879,,0.0013432171141005,-0.0021822007543389,-30.787111806192136,274993000.0,2278381000.0,-10484056000.0,11550614000.0,301600500.0,99977500.0,26074000.0,27.125852832462183,11.84183033135356,3.353495238576476,3.317868033711912,7.600176449218953,26.837670429555786,-0.0141363538407316,2.808339704608747,2008-11-10,0.11,bmo,6079700000.0,2025-04-25,2008-09-30,-0.8181818181818181,42.21,5617480.015625
2008-06-30,LVS,USD,1300514,2008-08-11,2008-08-11 08:59:11,2008,Q2,1112114000.0,679717000.0,432397000.0,0.3888063634,4459000,147906000.0,85746000.0,233652000.0,121004000.0,359115000.0,1038832000.0,3133000.0,88474000.0,134112000.0,191799000.0,0.1724634345,73282000.0,0.0658943238,-89058000.0,-15776000.0,-0.0141855961,-2782000.0,-8796000.0,-0.0079092611,-0.0248,-0.0248,355364583,355364583,https://www.sec.gov/Archives/edgar/data/1300514/000095015308001398/0000950153-08-001398-index.htm,https://www.sec.gov/Archives/edgar/data/1300514/000095015308001398/p76074e10vq.htm,3.129501512535367,-0.0247520445783985,0.3403743810901943,-2.3801837337290306,2.256189947887969,6.4882943047816335,6.4882943047816335,6.4882943047816335,25.359595275143107,16858495817.52,24980153817.52,-479.1523367871759,15.15896375508266,139.37594200848235,-19.93123443696332,7.311628876797168,7.311628876797168,22.46186435699937,130.24131417536066,206.52094395132156,-29.53319841803287,-0.000521754733946,-0.0501725070347603,3.8701432530543736,0.671832468995022,42.34463161956006,0.8153773413042749,0.8282885367452585,-13.75136425648022,0.0,0.0,0.1329953583895176,0.0040094810424111,0.0,7.992840430896931,0.8693263460400642,7.208825459317585,0.0,,0.0051482775139878,-0.0006622385923078,-28.026966463340557,-308085000.0,2305710000.0,-9615869000.0,10074795000.0,261819500.0,101544500.0,24449500.0,21.852301113015397,13.718797676091668,3.2921936629509045,4.118559392648828,6.560341665862368,27.33739543114543,-0.0038148769793252,2.720558114819225,2008-07-30,0.12,bmo,1482800000.0,2025-04-25,2008-06-30,-0.25,67.39234375,3593917.359375
2008-03-31,LVS,USD,1300514,2008-05-09,2008-05-09 17:00:32,2008,Q1,1079023000.0,645756000.0,433267000.0,0.4015363899,5892000,142953000.0,69323000.0,212276000.0,118534000.0,336702000.0,982458000.0,0.0,0.0,128709000.0,225274000.0,0.2087759019,96565000.0,0.0894929951,-105125000.0,-8560000.0,-0.0079331024,2674000.0,-11234000.0,-0.0104112702,-0.0316,-0.0316,355274537,355274537,https://www.sec.gov/Archives/edgar/data/1300514/000095015308000939/0000950153-08-000939-index.htm,https://www.sec.gov/Archives/edgar/data/1300514/000095015308000939/p75487e10vq.htm,3.0371526457017097,-0.0316206168189306,0.2038845806728896,-2.451923538781503,2.407608513750593,6.447971248781052,6.447971248781052,6.447971248781052,23.555355446146145,26162416904.68,33675672904.68,-582.2150815533203,24.246394103443578,361.18474362780427,-30.03356297015518,11.42064645742972,11.42064645742972,31.20941157387748,149.48761465894867,464.9088548999793,-38.65852480028837,-0.0004293945792902,-0.0332960828188688,3.653142133752401,0.6658458780874353,33.35163401013877,0.9987000095332634,0.0,-6.447836923624711,0.0,0.0,0.1324837376033689,0.0054604952813795,0.0,13.026037136743287,0.8744401185146192,7.330808257386819,0.0091017522332702,,0.0113693339200005,-0.0008938288967705,-25.951792317725264,-1950000.0,2290800000.0,-8779540000.0,9424635000.0,220404500.0,99251000.0,21968500.0,21.153636206086432,13.864540166874177,3.3497946592830727,4.2545876804908245,6.491380090270308,26.86731849386312,-0.0049039636808101,2.6558081194543925,2008-04-30,0.36,bmo,5549142857.0,2025-04-25,2008-03-31,-0.8055555555555556,83.34852459016393,2832729.196721312
2007-12-31,LVS,USD,1300514,2008-02-29,2008-02-29 06:10:18,2007,Q4,1048473000.0,635662000.0,412811000.0,0.3937259233,2501000,319357000.0,-124503000.0,194854000.0,81891000.0,279246000.0,914908000.0,0.0,0.0,95317000.0,228882000.0,0.2183003282,133565000.0,0.1273900234,-88019000.0,45546000.0,0.0434403175,5663000.0,39883000.0,0.0380391293,0.11,0.11,354856121,354856121,https://www.sec.gov/Archives/edgar/data/1300514/000095012408000952/0000950124-08-000952-index.htm,https://www.sec.gov/Archives/edgar/data/1300514/000095012408000952/p75030e10vk.htm,2.9546425662472933,0.112392030571737,0.4120374183992165,-2.60787949040338,2.4154860217276624,6.369550548065648,6.369550548065648,6.369550548065648,21.33915565176344,36567923269.05,43283103269.05,229.21998889909236,34.877315170776924,250.0986449249046,-39.51486269944954,16.17853555323381,16.17853555323381,41.282038992944976,189.1066281710663,296.0257107325564,-46.77120629188629,0.001090655318503,-0.025306933434288,3.350182323028093,0.6603862358552296,29.339048068437013,0.9235324016439056,0.0,3.666073264298072,0.0,0.0,0.3045924883139575,0.0023853737769117,0.0,7.329229759120194,1.0220921282665365,11.242863287766086,0.0316879881503863,4.013408924884732,0.0116636435726139,0.0034782140034327,-23.104422510440507,-114187000.0,2260274000.0,-7827157000.0,8460427000.0,169751000.0,83570500.0,17908000.0,16.06865412843249,14.020139633956411,2.8178182744917897,5.600966906167366,6.419336921725256,31.93960405989348,0.0176452058467247,3.019916908802596,2008-02-04,0.35,bmo,1834874999.0,2025-04-25,2007-12-31,-0.4285714285714285,120.62640625,2816448.984375
2007-09-30,LVS,USD,1300514,2007-11-09,2007-11-08 21:17:37,2007,Q3,660950000.0,416973000.0,243977000.0,0.3691307966,3621000,80244000.0,126310000.0,206554000.0,54596000.0,264771000.0,681744000.0,0.0,0.0,66938000.0,46144000.0,0.0698146607,-20794000.0,-0.0314607762,-28665000.0,-49459000.0,-0.0748301687,-952000.0,-48507000.0,-0.0733898177,-0.14,-0.14,354856121,354856121,https://www.sec.gov/Archives/edgar/data/1300514/000095015307002356/0000950153-07-002356-index.htm,https://www.sec.gov/Archives/edgar/data/1300514/000095015307002356/p74585e10vq.htm,1.862585878855391,-0.1366948380749504,0.1181492935273335,-2.784486279158758,4.733318380606431,6.208214737262487,6.208214737262487,6.208214737262487,20.546913434811515,49058858728.25,54670409728.25,-252.8442221135609,74.22476545616159,1170.129722087726,-49.650092024072656,22.268881772114952,22.268881772114952,82.7148948154172,1184.778296815404,1303.9738999248675,-55.32927068354971,-0.0009887510891497,-0.0201409495780018,3.3096331722365133,0.6551205295595007,121.609548370319,0.7935246884402993,0.0,-0.8643288597522008,0.0,0.0,0.121407065587412,0.0054784779484075,0.0,24.567523732290223,1.5583901959301003,15.387642295855867,0.0,,-0.0021059942829304,-0.0043583964565689,-20.07770002648482,-573116000.0,2203023000.0,-6723933000.0,7083596000.0,135688500.0,60076000.0,14495500.0,20.739284363416296,14.70267859070012,3.434898662503328,4.339590432481764,6.121333568219854,26.201646349126555,-0.0220183811063252,2.9026355726860915,2007-11-01,0.31,bmo,1707583333.0,2025-04-25,2007-09-30,-0.6129032258064516,99.56174603174604,3949260.1746031744
2007-06-30,LVS,USD,1300514,2007-08-09,2007-08-08 21:10:56,2007,Q2,612926000.0,350923000.0,262003000.0,0.4274626953,1260000,60700000.0,78028000.0,138728000.0,35782000.0,175770000.0,526693000.0,0.0,0.0,46509000.0,132742000.0,0.2165710053,86233000.0,0.1406907196,-46066000.0,40167000.0,0.0655331965,5769000.0,34398000.0,0.0561209673,0.1,0.1,354726843,355896858,https://www.sec.gov/Archives/edgar/data/1300514/000095015307001718/0000950153-07-001718-index.htm,https://www.sec.gov/Archives/edgar/data/1300514/000095015307001718/p74189e10vq.htm,1.7278816421569765,0.0969703891284032,0.3551070421811861,-2.2584109880852745,5.032331314154312,6.259695435566459,6.259695435566459,6.259695435566459,20.04321110821602,27097583536.77,32422345536.77,196.94156300344497,44.21020406504211,215.11823457734627,-33.8246671677616,12.20346912822081,12.20346912822081,52.8976508367568,244.2508440189993,257.38965702467334,-40.47132265839407,0.0012694120844142,-0.0295642229098739,3.2019466944564288,0.6805102564701387,40.11361889982071,2.4099814466673783,0.0,3.662015233443805,0.0,0.0,0.0990331622414451,0.0020557130877136,0.0,7.359803439023229,1.5125561650182893,19.93345374013632,0.0,3.695621030324106,0.0077596046523681,0.0032923539057436,-17.891000146273115,1374010000.0,2220482000.0,-5878864000.0,7733998000.0,119962000.0,54113000.0,13064500.0,17.483839811004916,13.34497881301596,3.353812659757269,5.147610649197951,6.744109620632663,26.83513038158599,0.0154912311831395,2.6135180302664605,2007-08-01,0.25,bmo,666195652.0,2025-04-25,2007-06-30,-0.0799999999999999,81.58825396825397,2928482.047619048
2007-03-31,LVS,USD,1300514,2007-05-10,2007-05-09 19:17:31,2007,Q1,628218000.0,342285000.0,285933000.0,0.4551493271,2346000,57971000.0,63200000.0,121171000.0,31410000.0,154927000.0,497212000.0,0.0,0.0,39326000.0,170332000.0,0.2711351792,131006000.0,0.2085358904,-28981000.0,102025000.0,0.1624038152,11111000.0,90914000.0,0.1447172797,0.26,0.26,354613724,356114292,https://www.sec.gov/Archives/edgar/data/1300514/000095015307001052/0000950153-07-001052-index.htm,https://www.sec.gov/Archives/edgar/data/1300514/000095015307001052/p73835e10vq.htm,1.7715558013767114,0.2563747363596114,0.1448082703082298,-2.0123671242909933,1.2394472358323052,6.1374810186421325,6.1374810186421325,6.1374810186421325,12.475450611719696,30713094635.64,34697535635.64,84.45644959973161,48.88923054678472,598.1011983338201,-43.038866494360384,14.111652604208258,14.111652604208258,55.23168014230729,203.70532627832705,675.6934750178185,-48.6223424119796,0.0029601054885072,-0.0232348126577877,2.032666263867287,0.5870714305809238,23.392204635652725,0.9934409433681984,0.0,0.5648304991530457,0.0,0.0,0.092278476579786,0.0037343724630621,0.0,14.896769293684642,1.2176728460502564,19.451863906830088,0.0070803447211,5.950095735069828,0.0172035675819869,0.0120645167797026,-13.599376373825848,-6005000.0,2176435000.0,-4449694000.0,5338797000.0,147268500.0,53615000.0,12671500.0,17.31383054926793,14.775055874490556,3.4318769446513877,5.198156453241101,6.091347522779043,26.22471651854122,0.0417719803256242,2.157175394599223,2007-05-02,0.32,bmo,628200000.0,2025-04-25,2007-03-31,0.0,94.07196721311476,2717070.9672131147
2006-12-31,LVS,USD,1300514,2007-02-28,2007-02-28 16:09:56,2006,Q4,636260000.0,327488000.0,308772000.0,0.4852921762,-22997000,230355000.0,-100209000.0,130146000.0,12302000.0,142448000.0,469936000.0,0.0,0.0,38829000.0,205153000.0,0.3224357967,166324000.0,0.261408858,-25139000.0,141185000.0,0.2218982806,27545000.0,113640000.0,0.1786062302,0.32,0.32,354296742,354296742,https://www.sec.gov/Archives/edgar/data/1300514/000095015307000439/0000950153-07-000439-index.htm,https://www.sec.gov/Archives/edgar/data/1300514/000095015307000439/p73516e10vk.htm,1.79583926289675,0.3207480807147811,0.4914383322215252,-1.3104382427541488,1.3211129104878985,5.857107204220354,5.857107204220354,5.857107204220354,11.692565888737413,31702472474.16,35377044474.16,69.74320766050687,49.826285597334426,182.0777789056658,-68.28250052588501,15.27716616413047,15.27716616413047,55.60155356954704,172.44224785482058,203.1820605585964,-76.19699251785546,0.0035845784612738,-0.0146450407102609,1.9963038887716285,0.5813039240531551,17.91137346273269,1.48854553473228,0.0,1.532162970784935,0.0,0.0,0.3620453902492692,-0.0361440291704649,0.0,3.666536484507366,1.0033618332128376,16.441293878286846,0.0231477697796498,6.50151963940923,0.0209234482984313,0.01594621058596,-12.551146321294707,358909000.0,2075154000.0,-3957747000.0,4941234000.0,137906000.0,47559000.0,11977000.0,24.567739603306823,14.026223861637678,3.37780315614618,3.663340683889615,6.416552372741879,26.64453665283541,0.0547622007812432,1.801876574975674,2007-02-05,0.31,bmo,533116216.0,2025-04-25,2006-12-31,0.1935483870967742,83.83555555555556,2121214.365079365
2006-09-30,LVS,USD,1300514,2006-11-09,2006-11-09 16:18:39,2006,Q3,553228000.0,291297000.0,261931000.0,0.4734594055,5968000,58045000.0,37314000.0,95359000.0,27126000.0,128453000.0,419750000.0,0.0,0.0,29426000.0,162904000.0,0.2944608733,133478000.0,0.2412712299,-24994000.0,108484000.0,0.1960927502,11233000.0,97251000.0,0.1757882826,0.27,0.27,354296742,355220167,https://www.sec.gov/Archives/edgar/data/1300514/000095015306002770/0000950153-06-002770-index.htm,https://www.sec.gov/Archives/edgar/data/1300514/000095015306002770/p73114e10vq.htm,1.5614820415142288,0.2744902463709361,-1.3209717858483725,-2.891454756871572,1.3934900931152223,5.507312850198323,5.507312850198323,5.507312850198323,11.375752362972618,24216182315.7,27752865315.7,62.25175657756731,43.77251750760988,-51.74221034259512,-23.63861991530925,12.410771252542636,12.410771252542636,50.16533023581597,170.36331407270538,-59.29896694920686,-27.09095208344518,0.0040159509344687,-0.0423036540873675,2.0655722077896788,0.5945870109683995,21.710228109807,1.6056153409429026,0.0,-4.812454370649145,0.0,0.0,0.104920575242034,0.0107875957109907,0.0,-1.1888845680489557,1.0057643503221094,18.909026031400803,0.0,5.83209502448195,0.0194149868272785,0.0143470365670852,-11.998735088565956,376548000.0,1951223000.0,-3828941000.0,4298139000.0,94534000.0,44881500.0,11241500.0,16.61450613490279,13.619089794951543,3.6034356687504494,5.416953069157634,6.60837114337568,24.976163937237416,0.0498410484091259,1.5704829710231996,2006-11-01,0.29,bmo,486145454.0,2025-04-25,2006-09-30,0.1379310344827587,67.16650793650793,2295422.238095238
2006-06-30,LVS,USD,1300514,2006-08-09,2006-08-09 17:21:50,2006,Q2,517007000.0,277781000.0,239226000.0,0.4627132708,7861000,57337000.0,23729000.0,81066000.0,24884000.0,113811000.0,391592000.0,0.0,0.0,25815000.0,151230000.0,0.2925105463,125415000.0,0.2425789206,-8681000.0,116734000.0,0.2257880454,7405000.0,109329000.0,0.2114652219,0.31,0.31,354255635,355259487,https://www.sec.gov/Archives/edgar/data/1300514/000095015306002124/0000950153-06-002124-index.htm,https://www.sec.gov/Archives/edgar/data/1300514/000095015306002124/p72720e10vq.htm,1.4594178579544683,0.3086161212368576,-0.1373160937863416,-1.368748869725107,0.7960325034773265,5.222632520721936,5.222632520721936,5.222632520721936,8.928402790261897,27582343741.1,30463281741.1,63.07188335459942,53.35003924724423,-567.012925091993,-56.88406523808639,14.908190398438611,14.908190398438611,58.92237772622034,201.4367634801296,-626.2366479823208,-62.825527888147136,0.003963731328498,-0.0175796155885577,1.709559834975275,0.5509535972168538,19.050042980890037,1.4253902940820524,0.0,-0.4449414153609746,0.0,0.0,0.1109017866295814,0.015204823145528,0.0,-8.967869256860931,0.8437835464510152,16.89877977919814,0.0,6.022063043657898,0.0225812919373104,0.0190440738560778,-9.987366185438376,231990000.0,1850147000.0,-3113346000.0,3579320000.0,97694500.0,44971000.0,10732500.0,15.134243830354327,14.80112030700444,3.505639334583719,5.946778775923349,6.080620799859904,25.672920517560076,0.0590920613335048,1.231432775938765,2006-08-02,0.34,bmo,517000000.0,2025-04-25,2006-06-30,0.0,66.08396825396825,2072525.4285714289
2006-03-31,LVS,USD,1300514,2006-05-10,2006-05-10 16:07:29,2006,Q1,530364000.0,267549000.0,262815000.0,0.4955370274,9168000,54812000.0,23869000.0,78681000.0,26086000.0,113935000.0,381484000.0,0.0,0.0,25907000.0,174787000.0,0.3295604528,148880000.0,0.2807128689,-11037000.0,137843000.0,0.2599026329,16060000.0,121783000.0,0.2296215429,0.34,0.34,354199253,354592597,https://www.sec.gov/Archives/edgar/data/1300514/000095015306001299/0000950153-06-001299-index.htm,https://www.sec.gov/Archives/edgar/data/1300514/000095015306001299/p72306e10vq.htm,1.4973605830840078,0.3438262474257674,0.4117061195496084,-0.4189929785086249,0.8957585238046789,4.903533774533398,4.903533774533398,4.903533774533398,4.763804513161975,20068929674.98,21438988674.98,41.19813454049415,37.83991687780467,137.62243821389876,-135.22899644208158,11.554932137770695,11.554932137770695,40.42315970725765,122.65779877782671,147.01760094208166,-144.46076448536795,0.0060682359235045,-0.0073948637223548,0.971504374641588,0.411813144840035,7.838449083741926,1.1657535655305498,0.0,1.1974249279456082,0.0,0.0,0.1033478893740902,0.0172862411475892,0.0,2.01769917572998,0.5547755880866726,11.357277955764852,0.0053962938660995,6.159073094104735,0.0364471912234903,0.0297224976045399,-5.523921870044148,82202000.0,1736828000.0,-1782375000.0,2969615000.0,96614000.0,39531000.0,10306000.0,18.40339842070729,14.888151329289215,3.580839397643049,4.890401106500692,6.045075577848573,25.133771723814,0.0701180542920772,0.8306990980582334,2006-05-04,0.35,bmo,488526315.0,2025-04-25,2006-03-31,0.0857142857142858,50.23870967741936,2104563.0
2005-12-31,LVS,USD,1300514,2006-03-02,2006-03-02 16:48:45,2005,Q4,500675000.0,258405000.0,242270000.0,0.4838867529,0,192806000.0,-118450000.0,74356000.0,26426000.0,100782000.0,359187000.0,0.0,0.0,27430000.0,168918000.0,0.3373805363,141488000.0,0.2825944974,-10884000.0,130604000.0,0.2608558446,20555000.0,110049000.0,0.2198012683,0.31,0.31,354160692,354160692,https://www.sec.gov/Archives/edgar/data/1300514/000095012306002497/0000950123-06-002497-index.htm,https://www.sec.gov/Archives/edgar/data/1300514/000095012306002497/p71940e10vk.htm,1.4136944367614912,0.310731830171599,0.4566260560615801,-0.3296441492157464,1.2899398784775358,4.544654549071188,4.544654549071188,4.544654549071188,4.61153944210161,13978722513.24,15155102513.24,31.75567818253687,27.919753359444748,86.43834375206376,-119.73517532133587,8.684928540512868,8.684928540512868,30.26934141556898,89.71869494808132,93.7125663233139,-129.81149419890875,0.0078726078077425,-0.0083517646114959,1.0147172666939208,0.420962853429058,6.96420748528872,1.4004144510478571,0.0,1.4695181237448771,0.0,0.0,0.3850921256303989,0.0,0.0,1.721912700424811,0.5561811554401558,10.151877506379876,0.0002995955460128,5.636825221207227,0.0347915399766856,0.0283650523914108,-4.926543344341557,184338000.0,1609538000.0,-1625495000.0,2784806000.0,69204500.0,31730000.0,9477000.0,15.239466719928096,12.12155337551518,3.4714111569048587,5.9057184646960295,7.424790966296009,25.926055984749677,0.0683730362377278,0.7862702052773265,2006-02-14,0.27,bmo,409663636.0,2025-04-25,2005-12-31,0.2222222222222222,37.59079365079365,1059947.619047619
2005-09-30,LVS,USD,1300514,2005-11-14,2005-11-14 17:47:23,2005,Q3,437622000.0,228263000.0,209359000.0,0.4784014515,0,49390000.0,23241000.0,72631000.0,28244000.0,100875000.0,329138000.0,0.0,0.0,28640000.0,137124000.0,0.3133389089,108484000.0,0.2478943015,-21815000.0,86669000.0,0.1980453451,6573000.0,80096000.0,0.1830255335,0.23,0.23,354160692,354445509,https://www.sec.gov/Archives/edgar/data/1300514/000130051405000016/0001300514-05-000016-index.htm,https://www.sec.gov/Archives/edgar/data/1300514/000130051405000016/lsvcform10-q_0905.htm,1.23565943337382,0.2261572269573044,0.4084868910296798,-0.1804830446852639,1.6656365692892874,4.2278463810997975,4.2278463810997975,4.2278463810997975,4.49972014398481,11655428373.72,12659149373.72,36.37955819803735,26.633552183665355,80.56562088698416,-182.3439983372966,7.784104963491852,7.784104963491852,28.927132031113608,92.3189913780228,87.50362461961706,-198.04676742365456,0.0068719910956336,-0.0054841399175102,1.0643054970257195,0.4314864478851769,7.319805431580176,1.5102767315227614,0.0,1.8062075509388733,0.0,0.0,0.1128599567663417,0.0,0.0,1.4418331374853115,0.4766442272097838,7.283170391061453,0.0,4.638270723545319,0.0306102739389453,0.0216866328128913,-4.408671784501709,241962000.0,1497337000.0,-1479858000.0,2579699000.0,60008500.0,41339000.0,8878000.0,11.029587177975513,11.298940257509978,3.543412642434385,8.159870224310566,7.965348780402694,25.39924335150773,0.0534922999965939,0.5889699357149437,2005-11-02,0.27,bmo,421971428.0,2025-04-25,2005-09-30,0.037037037037037,36.6890625,764775.0
2005-06-30,LVS,USD,1300514,2005-08-11,2005-08-10 21:29:02,2005,Q2,398821000.0,198375000.0,200446000.0,0.5025964029,0,48214000.0,17150000.0,65364000.0,20939000.0,86303000.0,284678000.0,0.0,0.0,22211000.0,136354000.0,0.3418927288,114143000.0,0.2862010777,-16293000.0,97850000.0,0.2453481637,11421000.0,86429000.0,0.2167112564,0.24,0.24,354160692,354795833,https://www.sec.gov/Archives/edgar/data/1300514/000130051405000010/0001300514-05-000010-index.htm,https://www.sec.gov/Archives/edgar/data/1300514/000130051405000010/lsvcform10-q_0605.htm,1.126101820469675,0.2440389403802046,0.5771504422066128,-0.0479923390255856,1.835872852880014,3.999537588434574,3.999537588434574,3.999537588434574,3.915030751069348,12661244739.0,13397600739.0,36.62325359254417,31.74668520213329,61.94225523473122,-744.9105570983114,8.938533320296312,8.938533320296312,33.59301726589121,98.25601551109612,65.54470919845012,-788.2332611049009,0.0068262640665791,-0.0013424430496667,0.978870848067638,0.4169252622640465,5.400325623010692,2.0166375136258776,0.0,2.364993231438522,0.0,0.0,0.1208913271868833,0.0,0.0,1.0831539500205476,0.555138771529082,9.968078879834316,0.0,4.686252830308922,0.0337459314541563,0.0259885568441233,-3.4018710354225306,401033000.0,1416479000.0,-1113674000.0,2494046000.0,71072500.0,40274000.0,8551500.0,14.981006516707998,24.50858223062382,3.978374291115312,6.007607025577682,3.6721830399289166,22.62230585015395,0.0610167888122591,0.6251427812321984,2005-08-03,0.26,bmo,384029629.0,2025-04-25,2005-06-30,0.0384615384615384,38.30578125,1061400.0
2005-03-31,LVS,USD,1300514,2005-05-16,2005-05-16 13:29:28,2005,Q1,403794000.0,188409000.0,215385000.0,0.5334031709,5175000,45773000.0,23148000.0,68921000.0,21128000.0,90049000.0,278458000.0,0.0,0.0,21515000.0,146851000.0,0.363678014,125336000.0,0.3103958949,-152523000.0,-27187000.0,-0.0673288855,-34299000.0,7112000.0,0.0176129413,0.02,0.02,354160692,355029968,https://www.sec.gov/Archives/edgar/data/1300514/000119312505108519/0001193125-05-108519-index.htm,https://www.sec.gov/Archives/edgar/data/1300514/000119312505108519/d10q.htm,1.140143469112038,0.0200812799405756,0.2234098864929934,-0.206236890908266,2.2577632641399967,3.7554986480543695,3.7554986480543695,3.7554986480543695,4.228896751760356,15937231140.0,16635329140.0,560.2232543588301,39.46871706860429,201.4234943063332,-218.19568653222163,11.982430089094397,11.982430089094397,41.19756395587849,113.280325908574,210.2464408579048,-227.75330485617667,0.0004462506653461,-0.0045830420201836,1.126054659599263,0.4541374563361149,4.753784448182171,2.778737793291118,0.0,11.125281214848144,0.0013209320875796,2.9600674915635548,0.1133573059530354,0.0128159408014977,0.0,1.923132338258155,0.3768357132597314,7.072461073669533,0.0,1.3026290502406082,-0.0108798701048716,0.0021565107704249,-3.1264699189146605,619666000.0,1330050000.0,-999830000.0,2508917000.0,66170500.0,29955000.0,8172000.0,16.885614942272547,12.671528430170534,3.981020014967438,5.329980596364789,7.102537037735138,22.607271418286537,0.0053471673997218,0.4296467774012594,2005-05-03,0.25,bmo,348103448.0,2025-04-25,2005-03-31,0.1599999999999999,46.50983606557377,1043855.737704918
2004-12-31,LVS,USD,1300514,2005-03-31,2005-04-01 06:27:46,2004,Q4,347577000.0,0.0,347577000.0,1.0,-7329000,173088000.0,58486000.0,231574000.0,-515214000.0,-283640000.0,258081000.0,0.0,0.0,25979000.0,115475000.0,0.3322285422,89496000.0,0.2574853917,-33976000.0,55520000.0,0.1597343898,-13736000.0,69256000.0,0.1992536905,0.21,0.21,325679693,325679693,https://www.sec.gov/Archives/edgar/data/1300514/000119312505067595/0001193125-05-067595-index.htm,https://www.sec.gov/Archives/edgar/data/1300514/000119312505067595/d10k.htm,1.0672357149390952,0.2126506548874694,0.2278404260225091,-0.1982223681351849,3.9759863075036734,4.040783101573361,4.040783101573361,4.040783101573361,5.495976686516958,15632625264.0,16127655264.0,56.43058097493358,44.97600607635143,210.6737633788391,-242.1522881174776,11.878885550998822,11.878885550998822,46.40023725390345,139.66360912751676,217.3450569923049,-249.82039537153213,0.0044302219768222,-0.004129632669483,1.3601266260435971,0.4969981768596115,4.286901926823988,2.2938585607940447,0.0,1.1834043028244263,0.0,0.0,0.49798461923545,-0.0210859751939857,0.0,1.8700052558521896,0.3992208920613274,5.341237153085184,0.1416376802837932,4.397009368670414,0.0338935235573569,0.019229882842544,-2.898975650901268,792566000.0,1316001000.0,-880351000.0,2548656000.0,,,,14.651084507893216,0.0,0.0,6.142889965006539,0.0,0.0,0.0526260998281916,0.4260627941576941,2005-04-01,,amc,,2025-04-25,2004-12-31,,48.42916666666667,4552149.333333333
2004-09-30,LVS,USD,1300514,2004-09-30,2004-09-29 20:00:00,2004,Q3,343636000.0,0.0,343636000.0,1.0,4567000,0.0,0.0,45040000.0,342440000.0,392047000.0,392047000.0,0.0,0.0,17962000.0,-29065000.0,-0.0845807773,-48411000.0,-0.1408787205,-37468000.0,-85879000.0,-0.2499126983,1384000.0,-85879000.0,-0.2499126983,-0.26,-0.26,325679693,325679693,,,1.0551348683566832,-0.2636916020428698,0.2013757732202234,-0.0777174645641784,,,,,,15163646506.08,,-44.14247518625042,44.12706033733369,231.20954052939743,-599.0931415621667,0.0,0.0,,,,,-0.0056634794253193,-0.0016691895310175,0.0,0.0,,0.0,0.0,-0.8127191841084551,0.0011288841370139,-0.1993269600251516,0.0,0.0132902257039425,0.0,1.3859325445230544,0.2645095391635335,5.060405300077942,0.0,,0.0,0.0,,,,,,,,,,0.0,0.0,0.0,0.0,0.0,0.0,0.2790932377844018,2005-03-08,0.16,bmo,,2025-04-25,2004-09-30,0.1875,,
2004-06-30,LVS,USD,1300514,2004-06-30,2004-06-29 20:00:00,2004,Q2,266657000.0,0.0,266657000.0,1.0,2226000,0.0,0.0,39799000.0,186405000.0,228430000.0,228430000.0,0.0,0.0,16856000.0,55083000.0,0.2065687381,495087000.0,1.8566435533,-33197000.0,461890000.0,1.7321502904,-423663000.0,461890000.0,1.7321502904,1.42,1.42,324658394,325040683,,,0.8213463903231161,1.4226953885566254,0.5306562318545813,0.086383104574835,,,,,,15116094824.64,,8.181653004308385,56.68741051103103,87.74041875901139,538.9942886304154,0.0,0.0,,,,,0.0305561724346354,0.0018553072288409,0.0,0.0,,0.0,0.0,0.3718897122788234,0.0068077106682513,0.2227933057654419,0.0,0.0083478026078445,0.0,0.8372145668148733,0.5409083579279749,8.557012339819648,0.0,,0.0,0.0,,,,,,,,,,0.0,0.0,0.0,0.0,0.0,0.0,0.4442731272797462,2004-06-29,,amc,,2025-04-25,2004-06-30,,,
2004-03-31,LVS,USD,1300514,2004-03-31,2004-03-30 19:00:00,2004,Q1,239186000.0,0.0,239186000.0,1.0,536000,0.0,0.0,36393000.0,119961000.0,156890000.0,156890000.0,0.0,0.0,15527000.0,97823000.0,0.4089829672,82296000.0,0.3440669604,-32380000.0,49916000.0,0.2086911441,32380000.0,49916000.0,0.2086911441,0.15,0.15,324658394,325190459,,,0.7367312979438936,0.1537492974846663,0.188813845977443,-0.0941173878904852,,,,,,15116094824.64,,75.70766299703503,63.19807524119305,246.59208523066883,-494.7013622411311,0.0,0.0,,,,,0.0033021756332617,-0.0020214215612217,0.0,0.0,,0.0,0.0,1.2280631460854234,0.0003309717263644,0.1002283836845901,0.0,0.00224093383392,0.0,1.4984665579119087,0.3840358549413427,5.915888452373285,0.0,,0.0,0.0,,,,,,,,,,0.0,0.0,0.0,0.0,0.0,0.0,0.2829312338679283,2004-03-30,,amc,,2025-04-25,2004-03-31,,,
