date,symbol,reportedCurrency,cik,fillingDate,acceptedDate,calendarYear,period,revenue,costOfRevenue,grossProfit,grossProfitRatio,researchAndDevelopmentExpenses,generalAndAdministrativeExpenses,sellingAndMarketingExpenses,sellingGeneralAndAdministrativeExpenses,otherExpenses,operatingExpenses,costAndExpenses,interestIncome,interestExpense,depreciationAndAmortization,ebitda,ebitdaratio,operatingIncome,operatingIncomeRatio,totalOtherIncomeExpensesNet,incomeBeforeTax,incomeBeforeTaxRatio,incomeTaxExpense,netIncome,netIncomeRatio,eps,epsdiluted,weightedAverageShsOut,weightedAverageShsOutDil,link,finalLink,revenuePerShare,netIncomePerShare,operatingCashFlowPerShare,freeCashFlowPerShare,cashPerShare,bookValuePerShare,tangibleBookValuePerShare,shareholdersEquityPerShare,interestDebtPerShare,marketCap,enterpriseValue,peRatio,priceToSalesRatio,pocfratio,pfcfRatio,pbRatio,ptbRatio,evToSales,enterpriseValueOverEBITDA,evToOperatingCashFlow,evToFreeCashFlow,earningsYield,freeCashFlowYield,debtToEquity,debtToAssets,netDebtToEBITDA,currentRatio,interestCoverage,incomeQuality,dividendYield,payoutRatio,salesGeneralAndAdministrativeToRevenue,researchAndDdevelopementToRevenue,intangiblesToTotalAssets,capexToOperatingCashFlow,capexToRevenue,capexToDepreciation,stockBasedCompensationToRevenue,grahamNumber,roic,returnOnTangibleAssets,grahamNetNet,workingCapital,tangibleAssetValue,netCurrentAssetValue,investedCapital,averageReceivables,averagePayables,averageInventory,daysSalesOutstanding,daysPayablesOutstanding,daysOfInventoryOnHand,receivablesTurnover,payablesTurnover,inventoryTurnover,roe,capexPerShare,report_date,epsEstimated,time,revenueEstimated,updatedFromDate,fiscalDateEnding,surprise(%),QuarterAvgPrice,QuarterAvgVolume
2025-03-31,LYB,USD,1489393,2025-04-25,2025-04-25 12:18:02,2025,Q1,7677000000.0,7128000000.0,549000000.0,0.0715123095,34000000,0.0,0.0,401000000.0,0.0,435000000.0,7563000000.0,30000000.0,107000000.0,323000000.0,489000000.0,0.0636967565,114000000.0,0.0148495506,-55000000.0,59000000.0,0.0076852937,36000000.0,175000000.0,0.0227953628,0.5339506172839507,0.5339506172839507,324000000,324000000,https://www.sec.gov/Archives/edgar/data/1489393/000148939325000022/0001489393-25-000022-index.htm,https://www.sec.gov/Archives/edgar/data/1489393/000148939325000022/lyb-20250331.htm,23.694444444444443,0.5401234567901234,-1.787037037037037,-3.2777777777777777,5.743827160493828,38.07098765432099,31.354938271604937,37.6820987654321,39.41666666666666,22809600000.0,33606600000.0,32.58514285714286,2.97116060961313,-39.39481865284974,-21.47796610169491,1.8682611188467524,1.8682611188467524,4.377569363032435,63.89087452471483,-58.042487046632125,-31.644632768361586,0.0076722081930415,-0.0465593434343434,1.0372675894831682,0.3598851913950382,20.526615969581748,1.8270833333333336,1.0654205607476634,-3.2711864406779663,0.0189832351290684,2.474285714285714,0.0,0.0044288133385437,0.0618375060388189,0.0,0.0,0.0,0.0045590725543832,21.39958346549228,0.0014626362911089,0.0053009420531305,-48.407407407407405,5161000000.0,10159000000.0,-11453000000.0,24196000000.0,3671000000.0,3697000000.0,4794000000.0,44.4548651817116,46.23737373737374,62.24747474747475,2.024525316455696,1.9464773347897324,1.445841784989858,0.0143336882627569,0.0,2025-03-31,,,,,,,75.24133333333333,2872765.2333333334
2024-12-31,LYB,USD,1489393,2025-02-27,2025-02-27 14:10:24,2024,Q4,9497000000.0,8747000000.0,750000000.0,0.078972307,39000000,0.0,0.0,426000000.0,944000000.0,1409000000.0,10156000000.0,36000000.0,116000000.0,389000000.0,-373000000.0,-0.0392755607,-659000000.0,-0.0693903338,-219000000.0,-878000000.0,-0.0924502474,-265000000.0,-598000000.0,-0.0629672528,-1.88,-1.87,325000000,326000000,https://www.sec.gov/Archives/edgar/data/1489393/000148939325000008/0001489393-25-000008-index.htm,https://www.sec.gov/Archives/edgar/data/1489393/000148939325000008/lyb-20241231.htm,29.22153846153846,-1.84,5.892307692307693,4.341538461538462,10.384615384615383,38.73230769230769,32.15384615384615,38.34461538461539,40.12,24137750000.0,33685750000.0,-10.09103260869565,2.5416184058123616,12.60456919060052,17.106839121190646,1.9369082009308296,1.9369082009308296,3.546988522691376,-90.3103217158177,17.59046997389034,23.87367115520907,-0.0247744715228221,0.0584561527068595,1.0369924570694913,0.361522967604767,-25.59785522788204,1.82938105891126,-5.681034482758621,-3.175787728026534,0.0181044214974469,-0.7307692307692307,0.0,0.0041065599663051,0.0598108879315168,0.2631853785900783,0.0530693903337896,1.2956298200514138,0.0021059281878487,,-0.0153299932975133,-0.0177933825279695,-45.512307692307694,5561000000.0,10450000000.0,-10892000000.0,24232000000.0,3748000000.0,3679000000.0,4959500000.0,33.64220280088449,38.399451240425286,47.92728935635075,2.6752112676056337,2.343783494105037,1.877844568484328,-0.0479858770662815,1.550769230769231,2025-01-31,1.28,bmo,9224514632.0,2025-05-01,2024-12-31,-0.4140625,84.0821875,2578025.78125
2024-09-30,LYB,USD,1489393,2024-11-01,2024-11-01 14:29:12,2024,Q3,10322000000.0,9080000000.0,1242000000.0,0.1203255183,31000000,0.0,0.0,404000000.0,0.0,435000000.0,9520000000.0,36000000.0,118000000.0,381000000.0,1173000000.0,0.1136407673,802000000.0,0.0776981205,-91000000.0,711000000.0,0.0688819996,134000000.0,571000000.0,0.0553187367,1.77,1.76,325000000,326000000,https://www.sec.gov/Archives/edgar/data/1489393/000148939324000046/0001489393-24-000046-index.htm,https://www.sec.gov/Archives/edgar/data/1489393/000148939324000046/lyb-20240930.htm,31.76,1.756923076923077,2.0615384615384613,0.9292307692307692,8.147692307692308,42.59076923076923,35.723076923076924,42.20307692307692,39.19384615384615,31167500000.0,41166500000.0,13.646015761821364,3.019521410579345,46.51865671641792,103.20364238410596,2.2723461650627006,2.2723461650627006,3.9882290253826778,35.09505541346974,61.44253731343284,136.31291390728478,0.0183203657656212,0.0096895804925002,0.9200933216681249,0.3386737514424496,8.524296675191815,2.126147171700317,6.796610169491525,1.1733800350262698,0.0140210154808694,0.7653239929947461,0.0,0.0030032939352838,0.0598985588921986,0.5492537313432836,0.0356520054253051,0.9658792650918636,0.0017438480914551,40.845074301249056,0.0207290116483719,0.0162998487054323,-46.716923076923074,6749000000.0,11610000000.0,-10679000000.0,26288000000.0,4004000000.0,3850000000.0,5167000000.0,34.40612284441,35.94052863436123,52.14647577092511,2.615813482007096,2.504136789851076,1.725907622125071,0.0416302128900554,1.1323076923076922,2024-11-01,1.98,bmo,10601424220.0,2025-04-25,2024-09-30,-0.0505050505050505,95.84453125,1751143.390625
2024-06-30,LYB,USD,1489393,2024-08-02,2024-08-02 12:22:42,2024,Q2,10541000000.0,9185000000.0,1356000000.0,0.1286405464,33000000,0.0,0.0,407000000.0,306000000.0,440000000.0,9625000000.0,37000000.0,120000000.0,387000000.0,1680000000.0,0.1593776682,916000000.0,0.0868987762,204000000.0,1174000000.0,0.1113746324,249000000.0,923000000.0,0.0875628498,2.82,2.82,326000000,326000000,https://www.sec.gov/Archives/edgar/data/1489393/000148939324000037/0001489393-24-000037-index.htm,https://www.sec.gov/Archives/edgar/data/1489393/000148939324000037/lyb-20240630.htm,32.33435582822086,2.831288343558282,4.134969325153374,2.650306748466257,8.840490797546012,41.64723926380368,34.84355828220859,41.25460122699386,38.87423312883436,30852640000.0,40541640000.0,8.35661971830986,2.926917749739114,22.88771513353116,35.709074074074074,2.2940471410513794,2.2940471410513794,3.846090503747273,24.13192857142857,30.07540059347181,46.92319444444445,0.0299164026157891,0.0280040865222554,0.9333779463157112,0.338684437729333,5.767261904761905,2.1003741662599644,7.633333333333334,1.4652173913043478,0.0141965160841989,0.4745395449620802,0.0,0.0031306327672896,0.0598424347075329,0.3590504451038576,0.0459159472535812,1.2506459948320414,0.0018024855326819,51.26482819997538,0.0232139148693439,0.0264879756643517,-46.079754601227,6764000000.0,11359000000.0,-10576000000.0,26016000000.0,4126500000.0,4023000000.0,4963000000.0,34.68171900199222,39.91943385955362,49.70821992378879,2.595027080256032,2.2545409916543937,1.81056574019318,0.068629637891293,1.4846625766871169,2024-08-02,2.23,bmo,10443911728.0,2025-04-25,2024-06-30,0.0044843049327355,99.21380952380952,1702457.9047619049
2024-03-31,LYB,USD,1489393,2024-04-26,2024-04-26 13:56:11,2024,Q1,10008000000.0,8878000000.0,1130000000.0,0.1129096723,32000000,0.0,0.0,426000000.0,5000000.0,458000000.0,9336000000.0,41000000.0,127000000.0,365000000.0,1035000000.0,0.1034172662,672000000.0,0.067146283,-108000000.0,596000000.0,0.0595523581,122000000.0,471000000.0,0.0470623501,1.45,1.44,325000000,326000000,https://www.sec.gov/Archives/edgar/data/1489393/000148939324000020/0001489393-24-000020-index.htm,https://www.sec.gov/Archives/edgar/data/1489393/000148939324000020/lyb-20240331.htm,30.79384615384615,1.449230769230769,-0.3507692307692308,-1.8369230769230769,7.258461538461538,40.32923076923077,33.378461538461536,39.93538461538461,39.08,33172750000.0,43415750000.0,17.60761677282378,3.3146233013589126,-290.9890350877193,-55.56574539363484,2.5558787271746666,2.5558787271746666,4.33810451638689,41.9475845410628,-380.83991228070175,-72.72319932998325,0.0141984007958339,-0.0179966990979041,0.968795746975884,0.3433267802533857,9.896618357487922,2.1151634631181206,5.291338582677166,-0.241014799154334,0.0122992516447988,0.8662420382165605,0.0,0.0031974420463629,0.061680865006553,-4.2368421052631575,0.0482613908872901,1.3232876712328767,0.0033972821742605,36.08601853526945,0.0174040299928401,0.0137058053251855,-47.96384615384616,6788000000.0,10848000000.0,-10642000000.0,26060000000.0,4090000000.0,3663000000.0,4809000000.0,37.68884892086331,40.26582563640459,49.196891191709845,2.3879742304939158,2.2351460221550856,1.829383886255924,0.0362893905539718,1.4861538461538462,2024-04-26,1.37,bmo,9701738860.0,2025-04-25,2024-03-31,0.1167883211678831,97.30803278688524,2043288.4426229508
2023-12-31,LYB,USD,1489393,2024-02-22,2024-02-22 15:28:32,2023,Q4,10625000000.0,8940000000.0,1685000000.0,0.1585882353,34000000,0.0,0.0,399000000.0,-25000000.0,433000000.0,9373000000.0,41000000.0,121000000.0,380000000.0,796000000.0,0.0749176471,315000000.0,0.0296470588,-136000000.0,179000000.0,0.0168470588,-7000000.0,183000000.0,0.0172235294,0.56,0.56,324483402,326000000,https://www.sec.gov/Archives/edgar/data/1489393/000148939324000012/0001489393-24-000012-index.htm,https://www.sec.gov/Archives/edgar/data/1489393/000148939324000012/lyb-20231231.htm,32.74435590391153,0.5639733769803116,4.635059885127807,3.1434581667755075,10.493602997912356,40.24242817819076,33.1912200550708,39.84795499647775,40.43966476904726,30851881862.16,40462881862.16,42.14737959311475,2.903706528203294,20.51321932324468,30.246943002117646,2.386069749587007,2.386069749587007,3.8082712340856473,50.83276615849247,26.903511876436173,39.669492021725496,0.0059315668592796,0.0330611923304113,1.005491105955143,0.3513783783783784,12.074120603015077,0.4762237762237762,2.603305785123967,8.12972972972973,0.0131596510648499,2.2185792349726774,0.0,0.0032,0.0618378378378378,0.3218085106382978,0.0455529411764705,1.2736842105263158,0.0018823529411764,22.486588875711416,0.0153224621175072,0.0052719520626872,-46.72889246889738,-3745000000.0,10770000000.0,-20537000000.0,15619000000.0,3915000000.0,3464000000.0,4838000000.0,33.78917647058824,33.76510067114094,47.96979865771812,2.6635748307846576,2.665474060822898,1.876180482686254,0.01415313225058,1.4916017183522996,2024-02-02,1.29,bmo,9834030000.0,2025-04-25,2023-12-31,-0.0232558139534883,93.50015873015872,1750842.4444444445
2023-09-30,LYB,USD,1489393,2023-10-27,2023-10-27 13:45:50,2023,Q3,10625000000.0,9177000000.0,1448000000.0,0.1362823529,31000000,0.0,0.0,378000000.0,-31000000.0,409000000.0,9586000000.0,37000000.0,125000000.0,367000000.0,1338000000.0,0.1259294118,1014000000.0,0.0954352941,-113000000.0,895000000.0,0.0842352941,153000000.0,745000000.0,0.0701176471,2.29,2.29,324000000,325000000,https://www.sec.gov/Archives/edgar/data/1489393/000148939323000043/0001489393-23-000043-index.htm,https://www.sec.gov/Archives/edgar/data/1489393/000148939323000043/lyb-20230930.htm,32.79320987654321,2.299382716049383,5.141975308641976,3.925925925925926,8.953703703703704,41.151234567901234,34.21913580246913,40.75617283950617,38.97530864197531,30682800000.0,40352800000.0,10.296241610738257,2.8877929411764707,18.41704681872749,24.121698113207547,2.323574403634987,2.323574403634987,3.797910588235294,30.159043348281017,24.22136854741897,31.723899371069184,0.0242807044989375,0.0414564511713402,0.9468383188186292,0.339064406779661,7.227204783258595,1.8897142857142857,8.112,2.230254350736278,0.0132647607128423,0.5463087248322148,0.0,0.0029176470588235,0.0609084745762711,0.2364945978391356,0.0370823529411764,1.0735694822888284,0.0021647058823529,45.91912332011948,0.0273224448531013,0.0215137601432325,-47.23688271604938,6228000000.0,11087000000.0,-10314000000.0,25177000000.0,3826000000.0,3545500000.0,5053000000.0,32.535529411764706,35.05067015364498,48.16279830009807,2.766206717000781,2.567711247901511,1.868662186927306,0.056418023475956,1.2160493827160497,2023-10-27,2.03,bmo,10097000000.0,2025-04-25,2023-09-30,0.2118226600985222,96.13714285714286,2048559.0793650795
2023-06-30,LYB,USD,1489393,2023-08-04,2023-08-04 13:48:01,2023,Q2,10306000000.0,8868000000.0,1438000000.0,0.1395303707,32000000,0.0,0.0,395000000.0,-7000000.0,427000000.0,9295000000.0,28000000.0,115000000.0,391000000.0,1378000000.0,0.1337085193,1011000000.0,0.0980981952,-106000000.0,905000000.0,0.0878129245,188000000.0,714000000.0,0.069280031,2.18,2.18,325000000,326000000,https://www.sec.gov/Archives/edgar/data/1489393/000148939323000037/0001489393-23-000037-index.htm,https://www.sec.gov/Archives/edgar/data/1489393/000148939323000037/lyb-20230630.htm,31.71076923076923,2.1969230769230768,3.96923076923077,3.043076923076923,7.72,39.83076923076923,32.92923076923077,39.78769230769231,40.50461538461538,29844750000.0,40425750000.0,10.44984243697479,2.895861633999612,23.135465116279068,30.176693629929225,2.308000154667079,2.308000154667079,3.922545119347953,29.33653846153846,31.33779069767441,40.87537917087968,0.0239238056944688,0.0331381566272124,1.0091253576676205,0.3557233595943625,7.678519593613934,1.808892689183412,8.791304347826086,1.804195804195804,0.013670746111125,0.5714285714285714,0.0,0.0031049873859887,0.0611454897363901,0.2333333333333333,0.0292062875994566,0.7698209718670077,0.0023287405394915,44.34790002566515,0.0258364012159614,0.0207317073170731,-48.533076923076926,5676000000.0,10702000000.0,-11045000000.0,24891000000.0,3856000000.0,3544500000.0,5176500000.0,33.28061323500874,35.69350473612991,52.723274695534506,2.704277092626607,2.521467159510947,1.7070259865255053,0.0552161472430593,0.926153846153846,2023-08-04,2.28,bmo,10790500000.0,2025-04-25,2023-06-30,0.0701754385964913,91.39451612903224,1903701.5806451607
2023-03-31,LYB,USD,1489393,2023-04-28,2023-04-28 12:58:56,2023,Q1,10247000000.0,8864000000.0,1383000000.0,0.1349663316,33000000,0.0,0.0,385000000.0,5000000.0,418000000.0,9282000000.0,23000000.0,116000000.0,396000000.0,1212000000.0,0.1182785205,1010000000.0,0.0985654338,-71000000.0,642000000.0,0.0626524837,167000000.0,472000000.0,0.0460622621,1.44,1.44,326000000,327000000,https://www.sec.gov/Archives/edgar/data/1489393/000148939323000025/0001489393-23-000025-index.htm,https://www.sec.gov/Archives/edgar/data/1489393/000148939323000025/lyb-20230331.htm,31.432515337423315,1.4478527607361964,1.478527607361963,0.3987730061349693,5.576687116564417,39.06441717791411,32.144171779141104,39.02147239263804,39.87423312883436,30608140000.0,41701140000.0,16.211938559322032,2.987034253927979,63.50236514522822,235.4472307692308,2.406111154783429,2.406111154783429,4.069595003415634,34.40688118811881,86.51688796680497,320.778,0.0154207344843561,0.0042472361927252,1.0127348478893168,0.35534409047028,9.152640264026402,1.8461538461538465,8.706896551724139,1.0168776371308017,0.0127090375305392,0.8241525423728814,0.0,0.0032204547672489,0.0622258998758791,0.7302904564315352,0.0343515175173221,0.8888888888888888,0.0023421489216356,35.653755720297205,0.024487143012163,0.013882761257684,-49.684815950920246,5511000000.0,10479000000.0,-11496000000.0,24845000000.0,3747000000.0,3577500000.0,4981000000.0,34.2627110373768,36.268050541516246,52.37138989169675,2.62676236862343,2.481522956326988,1.7184955409073284,0.0371040012577627,1.0797546012269938,2023-04-28,1.8,bmo,10784300000.0,2025-04-25,2023-03-31,0.3888888888888888,93.01645161290324,2102689.7258064514
2022-12-31,LYB,USD,1489393,2023-02-23,2023-02-23 13:54:39,2022,Q4,10206000000.0,9356000000.0,850000000.0,0.0832843425,29000000,0.0,0.0,334000000.0,-9000000.0,363000000.0,9719000000.0,16000000.0,85000000.0,334000000.0,783000000.0,0.0767195767,487000000.0,0.0477170292,-98000000.0,389000000.0,0.0381148344,34000000.0,351000000.0,0.0343915344,1.07,1.07,325723567,327000000,https://www.sec.gov/Archives/edgar/data/1489393/000148939323000006/0001489393-23-000006-index.htm,https://www.sec.gov/Archives/edgar/data/1489393/000148939323000006/lyb-20221231.htm,31.333317677931483,1.0776008725214532,4.924421081266128,3.4722694781246823,6.652880600438715,38.772140795081,31.13069187284198,38.72915956369838,40.709366295254895,27044827768.01,38068827768.01,19.262697840462963,2.6498949410160693,16.860865192026186,23.91231456057471,2.143862684741181,2.143862684741181,3.7300438730168537,48.61919255173691,23.733683147138404,33.65944099735632,0.0129784520356672,0.0418194565593723,1.044391597304796,0.3622989137907328,14.079182630906768,1.7522189349112427,5.729411764705882,4.543909348441926,0.0143095753213767,1.1025641025641026,0.0,0.0028414658044287,0.0684449333150006,0.2948877805486284,0.0463452870860278,1.416167664670659,0.0015677052714089,30.64356315936413,0.014462559300383,0.0103613177470775,-50.57125633159973,5085000000.0,10140000000.0,-11891000000.0,24686000000.0,3961000000.0,3856500000.0,4978500000.0,31.68430335097002,34.46665241556221,46.21205643437367,2.8405232396326188,2.6112196483393806,1.9475437135720235,0.0278240190249702,1.4521516031414454,2023-02-03,1.22,bmo,10722402700.0,2025-04-25,2022-12-31,0.0573770491803279,81.91968253968254,2106918.396825397
2022-09-30,LYB,USD,1489393,2022-10-28,2022-10-28 12:35:16,2022,Q3,12250000000.0,11088000000.0,1162000000.0,0.0948571429,31000000,0.0,0.0,319000000.0,4000000.0,350000000.0,11438000000.0,7000000.0,70000000.0,318000000.0,1045000000.0,0.0853061224,812000000.0,0.0662857143,-85000000.0,727000000.0,0.0593469388,154000000.0,570000000.0,0.0465306122,1.75,1.74,326000000,327000000,https://www.sec.gov/Archives/edgar/data/1489393/000148939322000046/0001489393-22-000046-index.htm,https://www.sec.gov/Archives/edgar/data/1489393/000148939322000046/lyb-20220930.htm,37.576687116564415,1.7484662576687116,4.337423312883436,2.9907975460122698,4.619631901840491,37.438650306748464,30.26073619631902,37.3957055214724,39.57055214723926,24541280000.0,35891280000.0,10.763719298245617,2.0033697959183674,17.355926449787834,25.17054358974359,2.0130653760971207,2.0130653760971207,2.929900408163266,34.34572248803828,25.382800565770864,36.81156923076923,0.023226172391986,0.0397289790915551,1.052415716512181,0.3515935436134937,10.861244019138756,1.6148807964369924,11.6,2.472027972027972,0.0160953299909377,0.6929824561403509,0.0,0.0025306122448979,0.0641254007837549,0.3104667609618105,0.0358367346938775,1.380503144654088,0.0013877551020408,38.3557741277011,0.0215283402158478,0.0166905800708617,-52.01457055214724,4694000000.0,9865000000.0,-11958000000.0,23626000000.0,4868000000.0,4468000000.0,5125000000.0,31.804897959183677,33.52272727272727,41.826298701298704,2.8297528297528296,2.6847457627118643,2.1517562584902,0.04675580346157,1.3466257668711656,2022-10-28,2.84,bmo,12578970434.0,2025-04-25,2022-09-30,-0.3098591549295774,84.47828125,2302701.546875
2022-06-30,LYB,USD,1489393,2022-07-29,2022-07-29 12:28:32,2022,Q2,14838000000.0,12267000000.0,2571000000.0,0.1732713304,32000000,0.0,0.0,329000000.0,-86000000.0,361000000.0,12628000000.0,4000000.0,58000000.0,304000000.0,2413000000.0,0.162622995,2141000000.0,0.1442916835,-118000000.0,2023000000.0,0.1363391293,378000000.0,1643000000.0,0.1107292088,5.06,4.99,325000000,329000000,https://www.sec.gov/Archives/edgar/data/1489393/000148939322000037/0001489393-22-000037-index.htm,https://www.sec.gov/Archives/edgar/data/1489393/000148939322000037/lyb-20220630.htm,45.65538461538461,5.055384615384615,4.92,3.2830769230769232,3.301538461538461,37.67384615384616,30.246153846153845,37.63076923076923,40.31384615384616,28424500000.0,40411500000.0,4.325091296409008,1.9156557487532009,17.77642276422764,26.639643861293344,2.324161896974652,2.324161896974652,2.723513950667206,16.74740986324078,25.27298311444653,37.87394564198688,0.0578022480606519,0.0375380393674471,1.066557645134914,0.3523120138288678,4.967675093244924,1.6784267607474193,36.91379310344828,0.9726277372262774,0.0736336611022181,1.273889227023737,0.0,0.0021566248820595,0.0652009507346586,0.33270794246404,0.0358538886642404,1.75,0.0012804960237228,65.42442408055412,0.0584525771250814,0.0474718289511701,-52.62538461538462,5192000000.0,9830000000.0,-11935000000.0,24210000000.0,5399000000.0,4910000000.0,5038000000.0,32.79619894864537,35.260454878943506,37.39545121056493,2.744220454965785,2.552434456928839,2.40670982931136,0.1343417825020441,1.636923076923077,2022-07-29,4.67,bmo,13692072945.0,2025-04-25,2022-06-30,0.1113490364025697,104.18112903225808,2358585.8225806453
2022-03-31,LYB,USD,1489393,2022-04-29,2022-04-29 12:48:22,2022,Q1,13157000000.0,11136000000.0,2021000000.0,0.1536064452,32000000,0.0,0.0,328000000.0,19000000.0,360000000.0,11496000000.0,2000000.0,74000000.0,311000000.0,1964000000.0,0.1492741506,1661000000.0,0.1262445846,-24000000.0,1637000000.0,0.1244204606,316000000.0,1318000000.0,0.1001748119,4.02,4.01,328000000,329000000,https://www.sec.gov/Archives/edgar/data/1489393/000148939322000020/0001489393-22-000020-index.htm,https://www.sec.gov/Archives/edgar/data/1489393/000148939322000020/lyb-20220331.htm,40.11280487804878,4.0182926829268295,4.579268292682927,3.2195121951219514,5.4817073170731705,38.75609756097561,31.015243902439025,38.71341463414634,39.65853658536585,33724960000.0,44873960000.0,6.39699544764795,2.5632712624458462,22.45336884154461,31.93651515151515,2.655926917624823,2.655926917624823,3.410652884396139,22.84824847250509,29.87613848202397,42.4942803030303,0.0390808469454077,0.0313121201626332,1.018585604032131,0.3416811961747767,5.6766802443991855,1.7629659105982225,22.445945945945947,1.137878787878788,0.0110007543374402,0.2814871016691957,0.0,0.0024321653872463,0.0670734928937496,0.2969374167776298,0.0338983050847457,1.4340836012861735,0.001368093030326,59.16199110914718,0.0439983959756779,0.0373212515928075,-51.25381097560975,5752000000.0,10173000000.0,-11851000000.0,24925000000.0,5099500000.0,4652500000.0,4940000000.0,36.876947632439006,40.52262931034483,40.23976293103448,2.4405490632535707,2.2209812524930195,2.236593693512753,0.1037958733658843,1.3597560975609757,2022-04-29,3.53,bmo,12713479927.0,2025-04-25,2022-03-31,0.1331444759206799,99.68741935483872,2353333.8387096776
2021-12-31,LYB,USD,1489393,2022-02-24,2022-02-24 16:32:58,2021,Q4,12830000000.0,10934000000.0,1896000000.0,0.1477786438,33000000,0.0,0.0,328000000.0,35000000.0,361000000.0,11295000000.0,1000000.0,153000000.0,377000000.0,1726000000.0,0.1345284489,911000000.0,0.071005456,-45000000.0,866000000.0,0.0674980514,135000000.0,710000000.0,0.0553390491,2.19,2.19,332000000,334000000,https://www.sec.gov/Archives/edgar/data/1489393/000148939322000009/0001489393-22-000009-index.htm,https://www.sec.gov/Archives/edgar/data/1489393/000148939322000009/lyb-20211231.htm,38.64457831325301,2.13855421686747,9.274096385542167,7.243975903614458,4.460843373493976,35.75903614457831,28.018072289156628,35.71686746987952,41.42168674698795,30620360000.0,42747360000.0,10.781816901408453,2.386621979734996,9.944904189671972,12.73195841995842,2.5822533310845,2.5822533310845,3.331828526890101,24.766720741599077,13.883520623579084,17.774370062370064,0.0231871865647562,0.078542512236956,1.1468207117557767,0.3701213869685918,7.026071842410197,1.6897648686030429,5.954248366013072,4.241046831955923,0.0122794114765469,0.5295774647887324,0.0,0.0025720966484801,0.0699471993903434,0.2189022409873335,0.0525331254871395,1.7877984084880636,0.0012470771628994,41.45606463079517,0.0254495958582425,0.0207772445276834,-52.20632530120482,4987000000.0,9302000000.0,-12653000000.0,24059000000.0,5029500000.0,4231500000.0,4941500000.0,33.727201870615744,35.32010243277849,40.34113773550393,2.66846921797005,2.548123980424144,2.230973270761069,0.0598751897453196,2.0301204819277108,2022-01-28,3.85,bmo,11919147580.0,2025-04-25,2021-12-31,-0.0571428571428571,92.7925,2179878.703125
2021-09-30,LYB,USD,1489393,2021-10-29,2021-10-29 12:55:39,2021,Q3,12700000000.0,10109000000.0,2591000000.0,0.204015748,30000000,0.0,0.0,313000000.0,-12000000.0,343000000.0,10452000000.0,1000000.0,126000000.0,351000000.0,2584000000.0,0.2034645669,2248000000.0,0.177007874,-33000000.0,2215000000.0,0.1744094488,452000000.0,1760000000.0,0.1385826772,5.25,5.25,334000000,334000000,https://www.sec.gov/Archives/edgar/data/1489393/000148939321000046/0001489393-21-000046-index.htm,https://www.sec.gov/Archives/edgar/data/1489393/000148939321000046/lyb-20210930.htm,38.02395209580838,5.269461077844311,6.416167664670659,4.877245508982036,5.775449101796407,35.37125748502994,27.706586826347305,35.32934131736527,45.38922155688623,31345900000.0,44486900000.0,4.452542613636363,2.468181102362205,14.627111525898272,19.24241866175568,2.6564322033898304,2.6564322033898304,3.5029055118110235,17.216292569659444,20.75916938870742,27.30933087783917,0.0561476939567854,0.0519685190088655,1.2740677966101694,0.3888572758781232,5.0855263157894735,1.8879589632829377,17.841269841269842,1.2162315550510785,0.0121227975588513,0.2159090909090909,0.0,0.0023622047244094,0.0662148880037245,0.2398506766215585,0.0404724409448818,1.4643874643874644,0.0011811023622047,64.72053964545564,0.0562220240132354,0.048750761730652,-55.35853293413174,6578000000.0,9254000000.0,-12862000000.0,25763000000.0,5074000000.0,3829000000.0,4911000000.0,37.21181102362205,37.14313977643684,44.35453556237017,2.4185869358217484,2.423058485139022,2.0291047771979125,0.1491525423728813,1.5389221556886228,2021-10-29,5.75,bmo,11267300000.0,2025-04-25,2021-09-30,-0.0869565217391304,98.13921875,1936934.890625
2021-06-30,LYB,USD,1489393,2021-07-30,2021-07-30 14:32:05,2021,Q2,11561000000.0,8676000000.0,2885000000.0,0.249545887,32000000,0.0,0.0,327000000.0,14000000.0,359000000.0,9035000000.0,5000000.0,130000000.0,330000000.0,2854000000.0,0.2468644581,2526000000.0,0.2184932099,37000000.0,2563000000.0,0.2216936251,506000000.0,2058000000.0,0.1780122827,6.14,6.13,334000000,335000000,https://www.sec.gov/Archives/edgar/data/1489393/000148939321000039/0001489393-21-000039-index.htm,https://www.sec.gov/Archives/edgar/data/1489393/000148939321000039/lyb-20210630.htm,34.61377245508982,6.161676646706587,5.6946107784431135,4.404191616766467,4.541916167664671,31.550898203592816,23.74251497005988,31.508982035928145,46.90718562874252,34358580000.0,48514580000.0,4.17378279883382,2.9719384136320386,18.064447949526816,23.35729435757988,3.2647833523375143,3.2647833523375143,4.196399965400917,16.998801681850036,25.50713985278654,32.980679809653296,0.0598977024079574,0.0428131779602067,1.476339794754846,0.4169999194825411,4.960056061667834,1.9555724033358608,19.43076923076923,0.9237493929091792,0.0110016188096248,0.1836734693877551,0.0,0.0027679266499437,0.0699965109101156,0.2266035751840168,0.0372805120664302,1.306060606060606,0.0013839633249718,66.09337010908285,0.0646565052154375,0.0593922253326022,-57.21931137724551,6302000000.0,7930000000.0,-13824000000.0,25189000000.0,4429000000.0,3384000000.0,4736000000.0,38.12213476342877,36.16182572614108,50.20746887966805,2.3608331631611192,2.4888123924268504,1.7925619834710744,0.1955530216647662,1.2904191616766467,2021-07-30,5.57,bmo,11561000000.0,2025-04-25,2021-06-30,0.1005385996409335,108.25095238095238,1513258.2857142857
2021-03-31,LYB,USD,1489393,2021-04-30,2021-04-30 12:33:35,2021,Q1,9082000000.0,7678000000.0,1404000000.0,0.1545914997,29000000,0.0,0.0,287000000.0,25000000.0,316000000.0,7994000000.0,2000000.0,110000000.0,335000000.0,1408000000.0,0.1550319313,1088000000.0,0.1197974015,54000000.0,1142000000.0,0.1257432284,70000000.0,1068000000.0,0.1175952433,3.19,3.18,334000000,334000000,https://www.sec.gov/Archives/edgar/data/1489393/000148939321000014/0001489393-21-000014-index.htm,https://www.sec.gov/Archives/edgar/data/1489393/000148939321000014/lyb-20210331.htm,27.191616766467067,3.197604790419162,1.7095808383233533,0.6916167664670658,5.494011976047904,26.389221556886227,18.54191616766467,26.34730538922156,50.10179640718563,34752700000.0,49924700000.0,8.13499531835206,3.826547016075754,60.86287215411559,150.44458874458874,3.9491704545454542,3.9491704545454542,5.497104162078838,35.45788352272727,87.4338003502627,216.1242424242424,0.0307314251842302,0.0066469655595104,1.8890909090909087,0.4650590275835058,10.775568181818182,1.740218181818182,9.89090909090909,0.5336448598130841,0.0101287094240159,0.3295880149812734,0.0,0.0031931292666813,0.0733228892743244,0.5954465849387041,0.0374366879541951,1.0149253731343284,0.002092050209205,43.53832878467268,0.033473500786171,0.0322415094339622,-59.31212574850299,5089000000.0,6193000000.0,-14968000000.0,23566000000.0,3701000000.0,3115000000.0,4488000000.0,39.25236731997358,38.47095597811931,54.29538942432926,2.292855339560717,2.339427178549665,1.6575993091537131,0.1213636363636363,1.0179640718562877,2021-04-30,2.59,bmo,8860510000.0,2025-04-25,2021-03-31,0.2277992277992279,99.24540983606558,1791778.0983606558
2020-12-31,LYB,USD,1489393,2021-02-25,2021-02-25 16:11:07,2020,Q4,7937000000.0,6712000000.0,1225000000.0,0.1543404309,34000000,0.0,0.0,298000000.0,58000000.0,332000000.0,7044000000.0,2000000.0,190000000.0,329000000.0,1510000000.0,0.1902482046,893000000.0,0.1125110243,3000000.0,896000000.0,0.1128890009,39000000.0,853000000.0,0.1074713368,2.55,2.55,333789068,334000000,https://www.sec.gov/Archives/edgar/data/1489393/000148939321000007/0001489393-21-000007-index.htm,https://www.sec.gov/Archives/edgar/data/1489393/000148939321000007/lyb-20201231.htm,23.77848995342172,2.555506101835546,2.22595666314632,1.4050789704113378,7.384903330626754,23.931281056814,15.8303566730352,23.880350689016577,52.96458660533484,30595105972.88,46321105972.88,8.966912653247363,3.8547443584326566,41.17780077103634,65.23476753279317,3.838302091692385,3.838302091692385,5.836097514536978,30.67622912111258,62.34334585851951,98.76568437714285,0.0278802760400997,0.0153292490771474,2.194078534688245,0.4939976838121063,10.41456953642384,2.114503816793893,4.7,0.8690058479532163,0.0115051080493729,0.4126611957796014,0.0,0.0042837344084666,0.076377708103833,0.3687752355316285,0.034521859644702,0.8328267477203647,0.0015119062618117,37.05527752890912,0.0276578777396911,0.0260864246613046,-60.50902182332706,6132000000.0,5284000000.0,-15781000000.0,24714000000.0,3207500000.0,2713500000.0,4174500000.0,39.0185208517072,39.529201430274135,58.24791418355185,2.306596919500145,2.276797829036635,1.5451197053406998,0.107012921841676,0.820877692734982,2021-01-29,1.36,bmo,6993470000.0,2025-04-25,2020-12-31,0.6102941176470587,81.455625,1954982.171875
2020-09-30,LYB,USD,1489393,2020-10-30,2020-10-30 12:25:50,2020,Q3,6776000000.0,5885000000.0,891000000.0,0.1314935065,27000000,0.0,0.0,259000000.0,23000000.0,286000000.0,6171000000.0,3000000.0,122000000.0,358000000.0,949000000.0,0.1400531287,23000000.0,0.0033943329,-34000000.0,-11000000.0,-0.0016233766,-125000000.0,112000000.0,0.0165289256,0.33,0.33,334000000,334000000,https://www.sec.gov/Archives/edgar/data/1489393/000148939320000068/0001489393-20-000068-index.htm,https://www.sec.gov/Archives/edgar/data/1489393/000148939320000068/lyb-20200930.htm,20.2874251497006,0.3353293413173652,2.476047904191617,1.2035928143712575,8.44311377245509,21.9251497005988,14.044910179640718,21.87425149700599,46.76946107784431,23543660000.0,36583660000.0,52.5528125,3.4745661157024794,28.46875453446191,58.56631840796019,3.2225102655351763,3.2225102655351763,5.399005312868949,38.54969441517387,44.23659008464329,91.00412935323384,0.0047571193263919,0.0170746604393709,2.1214070626882013,0.4851169050674512,13.740779768177028,2.249895441237976,0.1885245901639344,7.254385964912281,0.0149509464543745,3.142857142857143,0.0,0.0039846517119244,0.0823812951892078,0.5139056831922612,0.0627213695395513,1.187150837988827,0.0020661157024793,12.846760789856006,-0.0085788604053855,0.003820309035713,-52.61377245508982,5977000000.0,4691000000.0,-13867000000.0,24128000000.0,2781000000.0,2336500000.0,3886500000.0,39.50118063754427,37.91163976210705,61.24893797790994,2.278412911903161,2.373941105284389,1.469413233458177,0.0153298658636736,1.2724550898203593,2020-10-30,1.1,bmo,5975685039.0,2025-04-25,2020-09-30,0.1545454545454544,69.113125,2022361.890625
2020-06-30,LYB,USD,1489393,2020-07-31,2020-07-31 13:02:18,2020,Q2,5546000000.0,4894000000.0,652000000.0,0.117562207,25000000,0.0,0.0,288000000.0,4000000.0,313000000.0,5207000000.0,4000000.0,125000000.0,356000000.0,681000000.0,0.1227912009,339000000.0,0.0611251352,-56000000.0,283000000.0,0.0510277678,-32000000.0,313000000.0,0.0564370718,0.94,0.94,334000000,334000000,https://www.sec.gov/Archives/edgar/data/1489393/000148939320000049/0001489393-20-000049-index.htm,https://www.sec.gov/Archives/edgar/data/1489393/000148939320000049/lyb-20200630.htm,16.604790419161677,0.937125748502994,3.868263473053892,2.1077844311377247,9.589820359281438,22.08682634730539,14.344311377245509,22.02994011976048,46.76946107784431,21950480000.0,34894480000.0,17.532332268370606,3.957893977641544,16.98953560371517,31.17965909090909,2.9832128295732536,2.9832128295732536,6.291828344752975,51.24005873715125,27.00811145510836,49.56602272727272,0.0142593692711958,0.0320721915876099,2.106007067137809,0.4912970419454044,19.00734214390602,2.362344983089064,2.712,4.114649681528663,0.0159449816131583,1.1182108626198084,0.0,0.0045077533357374,0.0819885228749881,0.4551083591331269,0.1060223584565452,1.651685393258427,0.0023440317345834,21.552460249230258,0.0135887408339466,0.0108098773959592,-51.30538922155689,6042000000.0,4791000000.0,-13687000000.0,24579000000.0,2815500000.0,2416000000.0,3870500000.0,41.99783627839884,40.34736411932979,69.29301185124643,2.142967542503864,2.2306289881494985,1.298832271762208,0.0425387333514542,1.7604790419161678,2020-07-31,0.65,bmo,5077323943.0,2025-04-25,2020-06-30,0.0923076923076922,59.52111111111111,2745108.6666666665
2020-03-31,LYB,USD,1489393,2020-05-01,2020-05-01 13:01:00,2020,Q1,7494000000.0,6868000000.0,626000000.0,0.0835334935,27000000,0.0,0.0,295000000.0,0.0,322000000.0,7190000000.0,3000000.0,89000000.0,342000000.0,632000000.0,0.084334134,304000000.0,0.040565786,-86000000.0,218000000.0,0.0290899386,75000000.0,142000000.0,0.0189484921,0.42,0.42,334000000,334000000,https://www.sec.gov/Archives/edgar/data/1489393/000148939320000030/0001489393-20-000030-index.htm,https://www.sec.gov/Archives/edgar/data/1489393/000148939320000030/lyb-20200331.htm,22.437125748502996,0.4251497005988024,1.622754491017964,-0.3532934131736527,5.374251497005988,21.98502994011976,14.176646706586826,21.92814371257485,44.7185628742515,16576420000.0,29827420000.0,29.183838028169017,2.211958900453696,30.58380073800738,-140.47813559322034,2.2633014746040416,2.2633014746040416,3.980173472111022,47.19528481012658,55.032140221402216,-252.77474576271183,0.0085663852629216,-0.0071185455001743,2.0271709448388857,0.4773954983922829,20.966772151898738,1.7554790798768338,3.415730337078652,3.763888888888889,0.0211746565301796,2.471830985915493,0.0,0.0036028823058446,0.0838585209003215,1.2177121771217712,0.088070456365092,1.9298245614035088,0.0021350413664264,14.48315345554952,0.0073652019958152,0.0049838551172258,-52.97380239520958,4171000000.0,4735000000.0,-14065000000.0,22619000000.0,3072500000.0,2783000000.0,4280500000.0,36.54523618895116,34.56901572510193,52.06319161327898,2.4627012816299705,2.603487490523124,1.728668512459099,0.0193883123975969,1.9760479041916168,2020-05-01,1.36,bmo,7742145695.0,2025-04-25,2020-03-31,0.1176470588235293,73.53967741935485,3379973.564516129
2019-12-31,LYB,USD,1489393,2020-02-20,2020-02-20 16:30:38,2019,Q4,8179000000.0,7044000000.0,1135000000.0,0.1387700208,30000000,0.0,0.0,307000000.0,-7000000.0,337000000.0,7381000000.0,3000000.0,88000000.0,335000000.0,1229000000.0,0.1502628683,798000000.0,0.0975669397,-46000000.0,752000000.0,0.0919427803,140000000.0,605000000.0,0.073969923,1.84,1.84,332000000,332000000,https://www.sec.gov/Archives/edgar/data/1489393/000148939320000009/0001489393-20-000009-index.htm,https://www.sec.gov/Archives/edgar/data/1489393/000148939320000009/a2019q410k.htm,24.6355421686747,1.822289156626506,3.740963855421686,1.539156626506024,3.174698795180723,24.28614457831325,15.97289156626506,24.228915662650603,41.08132530120482,31367360000.0,44060360000.0,12.961719008264463,3.8351094265802654,25.255523349436395,61.38426614481409,3.899472899055196,3.899472899055196,5.387010636997188,35.850577705451585,35.475330112721416,86.22379647749511,0.019287565163278,0.0162908195015455,1.68460964694182,0.4452439625431247,10.327908868999186,1.8295498268564832,9.068181818181818,2.0294117647058822,0.0111899758220009,0.5801652892561984,0.0,0.0036679300648,0.090685066535239,0.5885668276972624,0.089375229245629,2.182089552238806,0.00146717202592,31.51859818423865,0.0250187291090517,0.0218608852755194,-50.29367469879518,4312000000.0,5303000000.0,-12862000000.0,22670000000.0,3285500000.0,3064500000.0,4517000000.0,34.13375718302971,37.41056218057921,58.62010221465077,2.6366860090264344,2.4057377049180326,1.5353095030514383,0.0752113376429637,2.2018072289156625,2020-01-31,2.26,bmo,9627364583.0,2025-04-25,2019-12-31,-0.1504424778761061,91.6471875,1787218.09375
2019-09-30,LYB,USD,1489393,2019-11-01,2019-11-01 12:40:04,2019,Q3,8722000000.0,7269000000.0,1453000000.0,0.1665902316,26000000,0.0,0.0,303000000.0,11000000.0,329000000.0,7598000000.0,5000000.0,86000000.0,327000000.0,1445000000.0,0.1656730108,1124000000.0,0.1288695253,-19000000.0,1105000000.0,0.1266911259,136000000.0,965000000.0,0.1106397615,2.85,2.85,337000000,337000000,https://www.sec.gov/Archives/edgar/data/1489393/000148939319000068/0001489393-19-000068-index.htm,https://www.sec.gov/Archives/edgar/data/1489393/000148939319000068/a2019q310-qdocument.htm,25.88130563798219,2.863501483679525,5.566765578635015,3.364985163204748,1.56973293768546,23.45994065281899,15.480712166172108,23.40652818991098,39.80118694362018,30151390000.0,43002390000.0,7.811240932642487,3.4569353359321258,16.072169509594882,26.588527336860672,3.822437880324544,3.822437880324544,4.93033593212566,29.75943944636678,22.922382729211087,37.92097883597883,0.0320051579711582,0.037610206361962,1.689528397565923,0.4425516371123065,8.893425605536333,1.303465078505685,13.069767441860463,1.944041450777202,0.0116412543501311,0.3637305699481865,0.0,0.002980967667966,0.0892940160722587,0.3955223880597014,0.0850722311396468,2.2691131498470947,0.0013758312313689,38.833672688672216,0.0433639040238248,0.035186873290793,-50.01261127596439,2242000000.0,5217000000.0,-12578000000.0,20110000000.0,3613500000.0,3158000000.0,4565500000.0,35.79568906214171,39.63268675196038,55.04746182418489,2.514269241856443,2.2708528584817245,1.6349527665317138,0.1223377281947261,2.201780415430267,2019-11-01,2.76,bmo,8915822222.0,2025-04-25,2019-09-30,-0.0217391304347824,81.54,3302844.09375
2019-06-30,LYB,USD,1489393,2019-08-02,2019-08-02 13:38:13,2019,Q2,9048000000.0,7542000000.0,1506000000.0,0.1664456233,27000000,0.0,0.0,302000000.0,10000000.0,329000000.0,7871000000.0,5000000.0,81000000.0,328000000.0,1498000000.0,0.16556145,1177000000.0,0.1300839965,-2000000.0,1175000000.0,0.1298629531,169000000.0,1003000000.0,0.1108532272,2.7,2.7,370000000,370000000,https://www.sec.gov/Archives/edgar/data/1489393/000148939319000045/0001489393-19-000045-index.htm,https://www.sec.gov/Archives/edgar/data/1489393/000148939319000045/a2019q210-qdocument.htm,24.45405405405405,2.710810810810811,3.205405405405405,1.5243243243243243,3.597297297297297,29.035135135135132,21.62972972972973,28.97567567567567,31.85675675675676,32293600000.0,42720600000.0,8.049252243270189,3.5691423519009726,27.22900505902192,57.2581560283688,3.012181699468333,3.012181699468333,4.721551724137931,28.51842456608812,36.020741989881955,75.74574468085106,0.031058785641737,0.0174647608194812,1.0918757578584086,0.3755413685797696,6.960614152202937,1.4709472008490316,14.530864197530864,1.1824526420737786,0.0120147645353878,0.386839481555334,0.0,0.0029840848806366,0.0879022168040807,0.524451939291737,0.0687444739168877,1.896341463414634,0.0013262599469496,42.03951039943036,0.0381002056949424,0.0352783933030846,-37.66486486486487,3550000000.0,8003000000.0,-9340000000.0,21135000000.0,3719000000.0,3151000000.0,4590500000.0,37.38063660477454,37.17183770883055,55.90692124105012,2.407663650878127,2.421187800963082,1.609818569903949,0.0935547057177502,1.681081081081081,2019-08-02,2.84,bmo,9378218978.0,2025-04-25,2019-06-30,-0.0352112676056336,85.32396825396825,2845628.634920635
2019-03-31,LYB,USD,1489393,2019-04-26,2019-04-26 12:25:28,2019,Q1,8778000000.0,7446000000.0,1332000000.0,0.1517429938,28000000,0.0,0.0,287000000.0,25000000.0,315000000.0,7761000000.0,6000000.0,92000000.0,322000000.0,1339000000.0,0.152540442,1017000000.0,0.1158578264,3000000.0,1020000000.0,0.1161995899,203000000.0,817000000.0,0.0930735931,2.19,2.19,372000000,372000000,https://www.sec.gov/Archives/edgar/data/1489393/000148939319000022/0001489393-19-000022-index.htm,https://www.sec.gov/Archives/edgar/data/1489393/000148939319000022/a2019q110-qdocument.htm,23.596774193548388,2.196236559139785,1.7661290322580645,0.1559139784946236,2.048387096774193,27.311827956989248,19.9247311827957,27.25268817204301,30.317204301075268,32427240000.0,43274240000.0,9.92265605875153,3.694149008885851,49.3565296803653,559.0903448275863,3.1985835470507005,3.1985835470507005,4.929851902483481,32.31832710978342,65.86642313546423,746.1075862068966,0.025194867031545,0.0017886196913459,1.1033734464391398,0.374251396834956,8.1008215085885,1.4669138619509412,11.054347826086955,0.8041615667074663,0.0114718366410462,0.4553243574051407,0.0,0.0031897926634768,0.0919401786610458,0.9117199391171994,0.0682387787650945,1.860248447204969,0.0013670539986329,36.69741649232597,0.0322497746871819,0.0301020596146052,-37.524193548387096,3274000000.0,7412000000.0,-9443000000.0,20353000000.0,3591500000.0,3137000000.0,4505500000.0,37.730690362269314,38.52135374697824,54.34327155519743,2.3853260869565216,2.336366488860998,1.6561387900355873,0.0805878871572302,1.6102150537634408,2019-04-26,2.19,bmo,8659378378.0,2025-04-25,2019-03-31,0.0136986301369864,86.41934426229508,2557923.131147541
2018-12-31,LYB,USD,1489393,2019-02-21,2019-02-21 13:45:56,2018,Q4,8876000000.0,7728000000.0,1148000000.0,0.1293375394,28000000,0.0,0.0,326000000.0,49000000.0,354000000.0,8082000000.0,5000000.0,88000000.0,333000000.0,1211000000.0,0.1364353312,794000000.0,0.0894547093,2000000.0,796000000.0,0.0896800361,99000000.0,692000000.0,0.0779630464,1.81,1.81,381294120,381294120,https://www.sec.gov/Archives/edgar/data/1489393/000148939319000011/0001489393-19-000011-index.htm,https://www.sec.gov/Archives/edgar/data/1489393/000148939319000011/a2018q410k.htm,23.27861756693232,1.814871941901438,3.401573567407753,1.5709657416169964,3.210120313421041,26.960814397032927,19.67247750896342,26.900493508790536,24.84958330854932,31708419019.2,40763419019.2,11.455353691907517,3.572377086435331,24.44750888141866,52.93559101702837,3.091393099268792,3.091393099268792,4.592543828210905,33.660957076135425,31.42900464086353,68.05245245275458,0.0218238569252217,0.0188908819338263,0.9151798771570636,0.3319541693189051,7.477291494632535,1.9165608561581715,9.022727272727272,1.8742774566473988,0.0119211241585748,0.546242774566474,0.0,0.0031545741324921,0.0982742768229719,0.5381649961449498,0.0786390265885534,2.096096096096096,0.0006759801712483,33.14319530581094,0.0293032430126693,0.0271383191497705,-31.18130958851398,5053000000.0,7501000000.0,-7432000000.0,20309000000.0,3795000000.0,3321000000.0,4555500000.0,35.51937809824245,35.951086956521735,52.58152173913043,2.5338281473023123,2.503401360544218,1.7116279069767442,0.0674661206980598,1.830607825790757,2019-02-01,2.26,bmo,10961617486.0,2025-04-25,2018-12-31,-0.1902654867256636,91.48301587301587,3031454.5555555555
2018-09-30,LYB,USD,1489393,2018-10-30,2018-10-30 10:41:26,2018,Q3,10155000000.0,8499000000.0,1656000000.0,0.1630723781,30000000,0.0,0.0,309000000.0,17000000.0,339000000.0,8838000000.0,14000000.0,90000000.0,309000000.0,1617000000.0,0.1592319055,1317000000.0,0.129689808,30000000.0,1347000000.0,0.1326440177,232000000.0,1113000000.0,0.1096011817,2.86,2.85,389000000,390000000,https://www.sec.gov/Archives/edgar/data/1489393/000148939318000019/0001489393-18-000019-index.htm,https://www.sec.gov/Archives/edgar/data/1489393/000148939318000019/a2018q310-qdocument.htm,26.105398457583547,2.861182519280206,3.704370179948586,2.4652956298200515,3.766066838046272,28.45501285347044,21.25449871465296,28.39074550128535,22.516709511568124,40471560000.0,48619560000.0,9.090646900269542,3.9853825701624817,28.085746009715475,42.20183524504692,3.6645744295545097,3.6645744295545097,4.787745937961596,30.067755102040817,33.74015267175572,50.69818561001043,0.0275007931495598,0.0236956519590547,0.7849511046722202,0.3020978533593532,5.038961038961039,1.8236142262095485,14.633333333333333,1.2946990116801438,0.0096116878123798,0.3495058400718778,0.0,0.0029542097488921,0.0976094229160858,0.3344899375433726,0.0474643032988675,1.5598705501618122,0.0008862629246676,42.75160647971305,0.0460919599975441,0.0429812705155435,-27.760282776349616,5141000000.0,8268000000.0,-6244000000.0,19964000000.0,3988000000.0,3325000000.0,4346000000.0,36.22156573116691,37.6456053653371,48.66925520649488,2.484707609493516,2.3907172995780592,1.849216710182768,0.1007787033683448,1.2390745501285347,2018-10-30,2.68,bmo,9194391891.0,2025-04-25,2018-09-30,0.1044776119402984,109.35396825396826,2067343.523809524
2018-06-30,LYB,USD,1489393,2018-08-03,2018-08-03 13:24:47,2018,Q2,10206000000.0,8290000000.0,1916000000.0,0.1877327063,29000000,0.0,0.0,261000000.0,16000000.0,290000000.0,8580000000.0,15000000.0,91000000.0,300000000.0,1917000000.0,0.1878306878,1626000000.0,0.1593180482,8000000.0,1634000000.0,0.1601019008,-21000000.0,1654000000.0,0.1620615324,4.23,4.22,391000000,392000000,https://www.sec.gov/Archives/edgar/data/1489393/000148939318000012/0001489393-18-000012-index.htm,https://www.sec.gov/Archives/edgar/data/1489393/000148939318000012/lybq22018document.htm,26.10230179028133,4.2301790281329925,4.41687979539642,3.1483375959079285,8.483375959079284,27.11764705882353,24.32992327365729,27.115089514066497,22.074168797953963,42951350000.0,49107350000.0,6.4920420193470365,4.208441113070743,24.870497973364213,34.891429731925264,4.051249764195434,4.051249764195434,4.8116157162453455,25.61677099634846,28.435060799073536,39.89224207961007,0.0385086848259717,0.0286603331443598,0.8055083946425203,0.3160270880361174,3.211267605633803,2.265455879655109,17.86813186813187,1.044135429262394,0.0091266048680658,0.2370012091898428,0.0,0.0028414658044287,0.0403360100654997,0.2872032426172554,0.0485988634136782,1.653333333333333,0.0014697236919459,50.80145536978189,0.0728006889232835,0.0637797400994871,-20.81393861892583,6898000000.0,9513000000.0,-4071000000.0,19298000000.0,3874000000.0,3052500000.0,4176500000.0,34.29453262786596,33.60072376357057,44.468033775633295,2.6243250192851635,2.678513731825525,2.02392578125,0.1560083003206942,1.2685421994884911,2018-08-03,2.92,bmo,8922610778.0,2025-04-25,2018-06-30,0.1438356164383561,109.79625,2341760.671875
2018-03-31,LYB,USD,1489393,2018-04-27,2018-04-27 12:34:08,2018,Q1,9767000000.0,8012000000.0,1755000000.0,0.1796867001,28000000,0.0,0.0,233000000.0,24000000.0,261000000.0,8273000000.0,11000000.0,91000000.0,299000000.0,1793000000.0,0.1835773523,1494000000.0,0.1529640627,40000000.0,1534000000.0,0.157059486,303000000.0,1231000000.0,0.126036654,3.12,3.11,394000000,395000000,https://www.sec.gov/Archives/edgar/data/1489393/000119312518137643/0001193125-18-137643-index.htm,https://www.sec.gov/Archives/edgar/data/1489393/000119312518137643/d540708d10q.htm,24.789340101522843,3.1243654822335025,2.553299492385787,1.464467005076142,7.314720812182741,24.69289340101523,21.78680203045685,24.69035532994924,22.091370558375637,41637920000.0,48410920000.0,8.456116978066612,4.263122760315348,41.38958250497018,72.16277296360485,4.280213815789474,4.280213815789474,4.956580321490734,26.99995538204127,48.12218687872763,83.90107452339689,0.0295643970688257,0.0138575606082148,0.8853824013157895,0.320233491969066,3.777467930842164,2.624619399739017,16.417582417582416,0.8172217709179529,0.0094865449570968,0.3208773354995938,0.0,0.0028667963550732,0.0425713860797144,0.426441351888668,0.0439234155830859,1.434782608695652,0.0009214702569878,41.66159038709277,0.0535701927009238,0.0478039687779115,-23.508248730964468,7470000000.0,8584000000.0,-5099000000.0,19864000000.0,3699000000.0,2952500000.0,4237000000.0,35.55953721715982,33.81178232651023,47.819520718921616,2.5309665716506866,2.661794019933555,1.8820765797509984,0.1265419407894736,1.0888324873096449,2018-04-27,2.75,bmo,8636414790.0,2025-04-25,2018-03-31,0.1309090909090908,111.7567213114754,2336264.9836065574
2017-12-31,LYB,USD,1489393,2018-02-22,2018-02-22 16:47:15,2017,Q4,9135000000.0,7528000000.0,1607000000.0,0.1759168035,29000000,0.0,0.0,237000000.0,6000000.0,266000000.0,7794000000.0,9000000.0,86000000.0,298000000.0,1983000000.0,0.2170771757,1341000000.0,0.1467980296,1000000.0,1342000000.0,0.1469074986,-556000000.0,1894000000.0,0.207334428,4.8,4.79,394512054,395000000,https://www.sec.gov/Archives/edgar/data/1489393/000119312518054181/0001193125-18-054181-index.htm,https://www.sec.gov/Archives/edgar/data/1489393/000119312518054181/d533271d10k.htm,23.15518602633115,4.8008672505606125,3.7565392108399305,2.740093715869072,7.173418331091095,22.68625231917502,19.80167632596595,22.68371754237958,22.06523200429257,43522569797.28,50618569797.28,5.744795379788807,4.764375456735632,29.36745600356275,40.26139666723404,4.863400357277908,4.863400357277908,5.541168012838533,25.526258092425618,34.15558016010796,46.82568898915819,0.0435176509296647,0.0248376877798139,0.9631243714381496,0.3288941463786919,3.578416540595058,2.45719070546368,15.593023255813954,0.7824709609292503,0.0081566874762571,0.1874340021119324,0.0,0.0031746031746031,0.0434251698084408,0.2705802968960863,0.0438970990695128,1.3456375838926171,0.001751505199781,49.50034469656743,0.0879555578071478,0.075554491782352,-24.494181868521565,6961000000.0,7812000000.0,-5518000000.0,19096000000.0,3407000000.0,2815000000.0,4197000000.0,34.86699507389162,34.61078639744952,50.41578108395324,2.581237637750777,2.6003454231433505,1.785155323689827,0.2116437590792267,1.0164454949708583,2018-02-02,2.52,bmo,8566153846.0,2025-04-25,2017-12-31,0.0833333333333333,103.7263492063492,2095894.0
2017-09-30,LYB,USD,1489393,2017-10-27,2017-10-27 12:35:22,2017,Q3,8516000000.0,6939000000.0,1577000000.0,0.1851808361,27000000,0.0,0.0,218000000.0,114000000.0,245000000.0,7184000000.0,5000000.0,94000000.0,294000000.0,1627000000.0,0.1910521372,1332000000.0,0.1564114608,106000000.0,1438000000.0,0.1688586191,380000000.0,1057000000.0,0.1241193048,2.67,2.67,395000000,395000000,https://www.sec.gov/Archives/edgar/data/1489393/000119312517322552/0001193125-17-322552-index.htm,https://www.sec.gov/Archives/edgar/data/1489393/000119312517322552/d476935d10q.htm,21.55949367088608,2.675949367088608,3.762025316455696,2.956962025316456,6.326582278481013,18.5493670886076,15.891139240506329,18.546835443037978,22.80759493670886,39124750000.0,46835750000.0,9.253725165562914,4.594263738844528,26.328903095558545,33.49721746575342,5.340533715533716,5.340533715533716,5.499735791451386,28.786570374923173,31.51800134589502,40.09910102739726,0.0270161470680323,0.029853225899207,1.2168987168987169,0.3531672146733748,4.73939766441303,2.398525585429315,14.170212765957446,1.4071969696969695,0.0090990996747583,0.336802270577105,0.0,0.0031705025833724,0.0415956898942281,0.2139973082099596,0.0373414748708313,1.0816326530612246,0.0021136683889149,33.41681960808233,0.046633886584091,0.043690323647336,-27.5246835443038,6450000000.0,6277000000.0,-6854000000.0,18237000000.0,3180500000.0,2526000000.0,4092000000.0,34.61131986848285,35.47341115434501,54.17639429312581,2.6003053435114505,2.537111517367459,1.6612401244912616,0.1442806442806442,0.8050632911392405,2017-10-27,2.48,bmo,8763352697.0,2025-04-25,2017-09-30,-0.0282258064516128,89.9573015873016,2321490.8412698414
2017-06-30,LYB,USD,1489393,2017-07-28,2017-07-28 12:46:29,2017,Q2,8403000000.0,6601000000.0,1802000000.0,0.2144472212,25000000,0.0,0.0,200000000.0,29000000.0,225000000.0,6826000000.0,4000000.0,95000000.0,286000000.0,1863000000.0,0.2217065334,1577000000.0,0.1876710699,16000000.0,1593000000.0,0.1895751517,459000000.0,1131000000.0,0.1345947876,2.82,2.81,401000000,402000000,https://www.sec.gov/Archives/edgar/data/1489393/000119312517239999/0001193125-17-239999-index.htm,https://www.sec.gov/Archives/edgar/data/1489393/000119312517239999/d405328d10q.htm,20.95511221945137,2.8204488778054864,4.052369077306733,3.0374064837905235,5.017456359102244,17.127182044887782,14.488778054862845,17.122194513715712,22.82793017456359,33840390000.0,42165390000.0,7.480192307692308,4.027179578721885,20.824855384615383,27.783571428571427,4.928690649577629,4.928690649577629,5.017897179578722,22.63305958132045,25.94793230769231,34.61854679802956,0.0334216006375813,0.0359924929943183,1.3193999417419169,0.3756115764159549,4.468599033816425,2.438876785282014,16.6,1.4380530973451326,0.0106677257561156,0.3191865605658709,0.0,0.002975127930501,0.0438676507173065,0.2504615384615384,0.0484350827085564,1.4230769230769231,0.0009520409377603,32.96325487250882,0.054628232092045,0.0490459670424978,-27.231920199501246,5944000000.0,5810000000.0,-7175000000.0,17553000000.0,3189000000.0,2472000000.0,3941000000.0,33.05248125669404,31.590668080593847,54.632631419481896,2.722942320155541,2.8489425981873118,1.6473671075617669,0.1647247305563647,1.0149625935162094,2017-07-28,2.67,bmo,7956031914.0,2025-04-25,2017-06-30,0.0561797752808988,83.05,2863942.365079365
2017-03-31,LYB,USD,1489393,2017-04-28,2017-04-28 14:14:02,2017,Q1,8430000000.0,6991000000.0,1439000000.0,0.1706998814,25000000,0.0,0.0,204000000.0,30000000.0,229000000.0,7220000000.0,6000000.0,207000000.0,296000000.0,1506000000.0,0.1786476868,1210000000.0,0.1435349941,-90000000.0,1120000000.0,0.1328588375,315000000.0,797000000.0,0.0945432977,1.98,1.98,403000000,403000000,https://www.sec.gov/Archives/edgar/data/1489393/000119312517147241/0001193125-17-147241-index.htm,https://www.sec.gov/Archives/edgar/data/1489393/000119312517147241/d320490d10q.htm,20.918114143920597,1.977667493796526,1.521091811414392,0.4764267990074441,4.121588089330025,16.096774193548388,13.496277915632756,16.034739454094293,22.925558312655088,36749570000.0,45296570000.0,11.527468632371392,4.359379596678529,59.950358890701466,191.4040104166667,5.687027236149799,5.687027236149799,5.373258600237248,30.077403718459497,73.89326264274062,235.9196354166667,0.0216873285864297,0.0052245509267183,1.3977096874032806,0.3800067317401548,5.675298804780876,2.210778716601964,5.845410628019324,0.7691342534504392,0.0093334425409603,0.4303638644918444,0.0,0.0029655990510083,0.0440928980141366,0.6867862969004894,0.0499406880189798,1.4222972972972974,0.0015421115065243,26.7115352848133,0.0434800269973002,0.0350792253521126,-27.825062034739453,5302000000.0,5439000000.0,-7600000000.0,16711000000.0,3067000000.0,2578000000.0,3842000000.0,35.145907473309606,33.81919610928337,49.88556715777428,2.560753341433778,2.661210506280929,1.8041290322580643,0.1233364283503559,1.044665012406948,2017-04-28,2.35,bmo,8803008849.0,2025-04-25,2017-03-31,-0.0382978723404256,91.26596774193548,2786056.1774193547
2016-12-31,LYB,USD,1489393,2017-02-17,2017-02-17 13:01:27,2016,Q4,7747000000.0,6420000000.0,1327000000.0,0.1712921131,26000000,0.0,0.0,253000000.0,7000000.0,279000000.0,6699000000.0,4000000.0,81000000.0,273000000.0,1461000000.0,0.1885891313,1048000000.0,0.1352781722,4000000.0,1052000000.0,0.1357945011,282000000.0,763000000.0,0.098489738,1.89,1.87,404000000,407000000,https://www.sec.gov/Archives/edgar/data/1489393/000119312517047661/0001193125-17-047661-index.htm,https://www.sec.gov/Archives/edgar/data/1489393/000119312517047661/d341907d10k.htm,19.175742574257427,1.8886138613861383,4.24009900990099,2.8366336633663365,5.0049504950495045,15.032178217821782,12.363861386138614,14.970297029702971,22.43069306930693,34655120000.0,42761120000.0,11.354888597640892,4.473360010326578,20.230659661412727,30.24006980802792,5.730013227513227,5.730013227513227,5.519700529237124,29.26839151266256,24.96270869819031,37.3133682373473,0.0220169487221513,0.0330687067307803,1.4849537037037035,0.3831157751045133,5.548254620123204,2.11431718061674,12.938271604938272,2.2450851900393185,0.0099840947023123,0.4534731323722149,0.0,0.0033561378598167,0.0459858373858885,0.3309982486865149,0.0731896217890796,2.076923076923077,0.0049051245643474,25.22191479221408,0.0391603146490712,0.0341173314255052,-27.997524752475247,5059000000.0,4995000000.0,-7770000000.0,16274000000.0,2847000000.0,2429000000.0,3912000000.0,33.016651607073705,35.453271028037385,53.39719626168225,2.725897255453906,2.538552787663108,1.6854817537411395,0.1261574074074074,1.4034653465346534,2017-02-03,2.15,bmo,7711134259.0,2025-04-25,2016-12-31,0.0046511627906977,83.91650793650793,3047730.1428571427
2016-09-30,LYB,USD,1489393,2016-11-01,2016-11-01 12:36:31,2016,Q3,7365000000.0,5903000000.0,1462000000.0,0.1985064494,25000000,0.0,0.0,188000000.0,19000000.0,213000000.0,6116000000.0,4000000.0,72000000.0,257000000.0,1506000000.0,0.2044806517,1249000000.0,0.1695858792,32000000.0,1281000000.0,0.1739307536,326000000.0,952000000.0,0.1292600136,2.3,2.3,413000000,414000000,https://www.sec.gov/Archives/edgar/data/1489393/000119312516754839/0001193125-16-754839-index.htm,https://www.sec.gov/Archives/edgar/data/1489393/000119312516754839/d270270d10q.htm,17.832929782082324,2.305084745762712,3.225181598062954,1.8062953995157385,4.4309927360774815,14.786924939467312,12.111380145278453,14.72639225181598,22.17917675544794,33312580000.0,41660580000.0,8.748051470588235,4.523093007467753,25.009444444444444,44.65493297587131,5.477241039131864,5.477241039131864,5.656562118126273,27.663067729083664,31.276711711711712,55.84528150134048,0.0285777925336314,0.0223939424685809,1.4942453140414338,0.3880609761304923,5.5431606905710495,2.216473317865429,17.34722222222222,1.397691500524659,0.0105365600622947,0.3686974789915966,0.0,0.0033944331296673,0.0471839105000213,0.4399399399399399,0.0795655125594025,2.280155642023346,0.0,27.63649033696269,0.0471871300756591,0.0426637985121448,-27.446731234866828,5243000000.0,5002000000.0,-7759000000.0,16405000000.0,2829000000.0,2343000000.0,4012000000.0,34.85132382892057,35.50906318820939,61.21463662544469,2.582398316970547,2.53456419063976,1.470236612702366,0.1565274580730023,1.4188861985472154,2016-11-01,2.32,bmo,7396883116.0,2025-04-25,2016-09-30,-0.0043103448275861,77.28390625,3154782.484375
2016-06-30,LYB,USD,1489393,2016-07-29,2016-07-29 14:38:39,2016,Q2,7328000000.0,5702000000.0,1626000000.0,0.2218886463,24000000,0.0,0.0,199000000.0,-3000000.0,223000000.0,5925000000.0,4000000.0,79000000.0,266000000.0,1669000000.0,0.2277565502,1403000000.0,0.1914574236,35000000.0,1438000000.0,0.1962336245,346000000.0,1091000000.0,0.1488810044,2.57,2.56,424000000,425000000,https://www.sec.gov/Archives/edgar/data/1489393/000119312516664234/0001193125-16-664234-index.htm,https://www.sec.gov/Archives/edgar/data/1489393/000119312516664234/d128989d10q.htm,17.28301886792453,2.57311320754717,2.974056603773585,1.6462264150943395,4.912735849056604,14.875,12.20990566037736,14.818396226415096,21.660377358490567,31554080000.0,39599080000.0,7.2305407882676445,4.305960698689956,25.023061062648697,45.20641833810888,5.022135922330097,5.022135922330097,5.403804585152838,23.7262312762133,31.402918318794608,56.73220630372493,0.0345755604346569,0.0221207526887172,1.4491484959414294,0.3885214422871773,4.82025164769323,2.2944150769937943,17.759493670886076,1.155820348304308,0.0114723674402803,0.3318056828597617,0.0,0.0032751091703056,0.048218476637508,0.4464710547184774,0.0768286026200873,2.1165413533834587,0.0,29.29013056490626,0.0558162939352994,0.048912799820668,-25.79245283018868,5632000000.0,5177000000.0,-7145000000.0,16443000000.0,2744500000.0,2300000000.0,3993500000.0,34.46233624454148,37.20273588214662,63.27779726411786,2.6115466856735567,2.419176919813322,1.422299825392866,0.1736431640935858,1.3278301886792452,2016-07-29,2.51,bmo,7507461224.0,2025-04-25,2016-06-30,-0.0239043824701193,82.54828125,3363216.890625
2016-03-31,LYB,USD,1489393,2016-04-22,2016-04-22 15:18:49,2016,Q1,6743000000.0,5166000000.0,1577000000.0,0.2338721637,24000000,0.0,0.0,193000000.0,88000000.0,217000000.0,5383000000.0,5000000.0,77000000.0,268000000.0,1628000000.0,0.2414355628,1360000000.0,0.2016906421,102000000.0,1462000000.0,0.2168174403,432000000.0,1030000000.0,0.152751001,2.38,2.37,433000000,434000000,https://www.sec.gov/Archives/edgar/data/1489393/000119312516551934/0001193125-16-551934-index.htm,https://www.sec.gov/Archives/edgar/data/1489393/000119312516551934/d185611d10q.htm,15.572748267898383,2.378752886836028,3.0023094688221708,1.7852193995381065,6.120092378752887,14.706697459584296,12.013856812933025,14.651270207852194,21.198614318706696,37056140000.0,44840140000.0,8.994208737864078,5.495497553017945,28.50472307692308,47.93808538163001,5.841131778058007,5.841131778058007,6.649879875426368,27.54308353808354,34.492415384615384,58.00794307891332,0.0277956635526528,0.0208602407050491,1.4347414880201763,0.3861360936704565,4.781326781326781,2.324701643773925,17.662337662337663,1.2621359223300972,0.009067323256011,0.3262135922330097,0.0,0.0035592466261308,0.049465467503818,0.4053846153846154,0.0781551238321222,1.9664179104477613,0.0,28.002935637388443,0.0500726174488487,0.0459698295099526,-24.37124711316397,5883000000.0,5202000000.0,-6880000000.0,16422000000.0,2600000000.0,1935000000.0,4014500000.0,35.81047011715853,39.07665505226481,69.30313588850174,2.513231457323891,2.3031654034774856,1.2986425339366516,0.162358133669609,1.2170900692840647,2016-04-22,2.29,bmo,6713682608.0,2025-04-25,2016-03-31,0.0043668122270741,80.26032786885246,4201923.0
2015-12-31,LYB,USD,1489393,2016-02-16,2016-02-16 16:21:13,2015,Q4,7071000000.0,5792000000.0,1279000000.0,0.1808796493,26000000,0.0,0.0,201000000.0,-10000000.0,227000000.0,6019000000.0,7000000.0,70000000.0,265000000.0,1401000000.0,0.1981332202,1052000000.0,0.1487766935,7000000.0,1059000000.0,0.1497666525,262000000.0,795000000.0,0.1124310564,1.81,1.78,440150069,446000000,https://www.sec.gov/Archives/edgar/data/1489393/000119312516465311/0001193125-16-465311-index.htm,https://www.sec.gov/Archives/edgar/data/1489393/000119312516465311/d131519d10k.htm,16.064975330039083,1.8062021478406265,2.6354647691762603,1.5381117661485588,4.516641345795177,14.935814993590288,12.263998986218494,14.881288136296986,18.398270431714963,38249040996.100006,45353040996.100006,12.028000313238996,5.409283127718853,32.973311203534486,56.49784489822749,5.83954824367939,5.83954824367939,6.413950077230944,32.371906492576734,39.09744913456897,66.99119792629247,0.020784834842815,0.0176997901743217,1.225648854961832,0.3527705760864789,5.070663811563169,2.250862267187859,15.028571428571428,1.4591194968553458,0.0090721228810777,0.4364779874213836,0.0,0.0036769905246782,0.0516764072593048,0.4163793103448276,0.0683071701315231,1.8226415094339623,0.0074954037618441,24.592048071975096,0.0421919436437,0.036837959316065,-23.35964645730863,5440000000.0,5398000000.0,-6394000000.0,15607000000.0,2720500000.0,2038500000.0,4094500000.0,32.0364870598218,25.281422651933703,62.9471685082873,2.8092967818831944,3.5599262446220035,1.4297704270550482,0.1213740458015267,1.0973530030277014,2016-02-02,2.14,bmo,6846013636.0,2025-04-25,2015-12-31,0.0280373831775701,92.0203125,3626385.578125
2015-09-30,LYB,USD,1489393,2015-10-23,2015-10-23 12:58:49,2015,Q3,8334000000.0,6465000000.0,1869000000.0,0.224262059,25000000,0.0,0.0,194000000.0,10000000.0,219000000.0,6684000000.0,8000000.0,85000000.0,248000000.0,1898000000.0,0.2277417807,1650000000.0,0.1979841613,26000000.0,1676000000.0,0.2011039117,487000000.0,1185000000.0,0.1421886249,2.56,2.54,462000000,463000000,https://www.sec.gov/Archives/edgar/data/1489393/000119312515351698/0001193125-15-351698-index.htm,https://www.sec.gov/Archives/edgar/data/1489393/000119312515351698/d56981d10q.htm,18.03896103896104,2.564935064935065,3.826839826839827,3.01948051948052,6.658008658008658,15.913419913419911,13.344155844155845,15.86147186147186,18.18831168831169,38512320000.0,45356320000.0,8.124962025316455,4.621108711303096,21.782986425339367,27.60739784946237,5.255502183406113,5.255502183406113,5.442323014158867,23.89690200210748,25.654027149321266,32.513491039426526,0.0307693745793553,0.0362221751377221,1.1350982532751093,0.3475245456444537,3.6059009483667017,2.156364336606971,19.41176470588235,1.490725126475548,0.0093736238170019,0.3046413502109704,0.0,0.0029997600191984,0.0495926467516189,0.210972850678733,0.044756419486441,1.5040322580645162,0.0,30.255280870896332,0.0605783207887715,0.0520924916476173,-20.01082251082251,6005000000.0,6165000000.0,-5385000000.0,15985000000.0,3148500000.0,2602500000.0,4158500000.0,31.57667386609071,34.106728538283065,57.60556844547564,2.850205198358413,2.638775510204081,1.5623489608506524,0.1617085152838428,0.8073593073593074,2015-10-23,2.57,bmo,7649421428.0,2025-04-25,2015-09-30,0.0894941634241245,88.93203125,4192606.96875
2015-06-30,LYB,USD,1489393,2015-07-28,2015-07-28 12:56:26,2015,Q2,9145000000.0,7047000000.0,2098000000.0,0.2294149809,25000000,0.0,0.0,228000000.0,4000000.0,253000000.0,7300000000.0,7000000.0,79000000.0,247000000.0,2092000000.0,0.2287588846,1845000000.0,0.2017495899,22000000.0,1867000000.0,0.2041552761,541000000.0,1330000000.0,0.1454346638,2.82,2.82,472000000,472000000,https://www.sec.gov/Archives/edgar/data/1489393/000119312515265555/0001193125-15-265555-index.htm,https://www.sec.gov/Archives/edgar/data/1489393/000119312515265555/d60896d10q.htm,19.375,2.817796610169492,3.0635593220338984,2.4745762711864407,7.021186440677966,16.843220338983052,14.271186440677964,16.79449152542373,17.779661016949152,48861440000.0,55849440000.0,9.184481203007518,5.342967741935484,33.790760719225446,41.833424657534245,6.1639258231361165,6.1639258231361165,6.107101148168398,26.69667304015296,38.62340248962656,47.81630136986301,0.0272198281507872,0.0239043302858041,1.0486943358143055,0.3378581589107904,3.3403441682600383,2.2929814496079555,23.35443037974683,1.08803611738149,0.0075315013229245,0.2766917293233082,0.0,0.0027337342810278,0.0493395651290388,0.1922544951590594,0.03039912520503,1.125506072874494,0.0,32.630934387814165,0.0656467578301523,0.0568594758667863,-18.478283898305083,6761000000.0,6736000000.0,-4665000000.0,16611000000.0,3231000000.0,2693000000.0,4223000000.0,33.195188627665395,35.18518518518518,53.371647509578544,2.711236288170768,2.557894736842105,1.6862885857860732,0.1677810016399646,0.5889830508474576,2015-07-28,2.7,bmo,8818392857.0,2025-04-25,2015-06-30,0.0370370370370369,100.61190476190475,3413927.333333333
2015-03-31,LYB,USD,1489393,2015-04-24,2015-04-24 12:41:32,2015,Q1,8185000000.0,6379000000.0,1806000000.0,0.220647526,26000000,0.0,0.0,205000000.0,21000000.0,231000000.0,6610000000.0,11000000.0,69000000.0,287000000.0,1862000000.0,0.2274893097,1575000000.0,0.192425168,32000000.0,1607000000.0,0.1963347587,440000000.0,1166000000.0,0.1424557117,2.42,2.41,479000000,481000000,https://www.sec.gov/Archives/edgar/data/1489393/000119312515145917/0001193125-15-145917-index.htm,https://www.sec.gov/Archives/edgar/data/1489393/000119312515145917/d913468d10q.htm,17.08768267223382,2.4342379958246347,3.0647181628392484,2.4258872651356995,6.45929018789144,15.670146137787055,13.106471816283925,15.611691022964507,17.402922755741127,42056200000.0,48707200000.0,9.017195540308748,5.138204031765425,28.64863760217984,36.19294320137693,5.623990371757154,5.623990371757154,5.9507880268784366,26.158539205155748,33.17929155313352,41.91669535283993,0.0277248063305767,0.0276296955026845,1.1055094945172506,0.344372240273265,3.571965628356606,2.301778656126482,22.82608695652174,1.261168384879725,0.0079417541289988,0.2864493996569468,0.0,0.0031765424557116,0.0511538781971173,0.2084468664850136,0.0373854612095296,1.0662020905923344,0.0,29.24137236881039,0.058762929906689,0.0511897444902976,-18.69676409185804,6587000000.0,6278000000.0,-4853000000.0,16245000000.0,3268500000.0,2435000000.0,4392000000.0,33.96579108124618,37.12023828186236,60.20222605424048,2.649724830042085,2.4245534017483847,1.4949613311460042,0.1559240438619951,0.6388308977035491,2015-04-24,1.98,bmo,6380433070.0,2025-04-25,2015-03-31,0.308080808080808,84.1032786885246,4680219.196721312
2014-12-31,LYB,USD,1489393,2015-02-17,2015-02-17 17:12:38,2014,Q4,10290000000.0,8989000000.0,1301000000.0,0.1264334305,30000000,0.0,0.0,194000000.0,18000000.0,224000000.0,9213000000.0,7000000.0,65000000.0,247000000.0,1413000000.0,0.1373177843,1077000000.0,0.104664723,17000000.0,1094000000.0,0.1063168124,298000000.0,793000000.0,0.0770651118,1.63,1.54,486969402,499000000,https://www.sec.gov/Archives/edgar/data/1489393/000095012315003039/0000950123-15-003039-index.htm,https://www.sec.gov/Archives/edgar/data/1489393/000095012315003039/d860940d10k.htm,21.13069108190087,1.628439069771369,4.139890497678538,3.312323101565219,5.388428901740319,17.134546782058393,14.393101437613527,17.07294126870008,14.727824726860357,38660500824.78,44736500824.78,12.18805196241488,3.757094346431487,19.17683572657738,23.96807242701798,4.650048210822709,4.650048210822709,4.347570536907678,31.66065168066525,22.19072461546627,27.7349664133788,0.020511891545174,0.0417221703182418,0.8548231898003368,0.2926738870814973,4.300070771408351,2.1418061430936177,16.56923076923077,2.5486725663716814,0.0090014353817409,0.4388398486759142,0.0,0.0029154518950437,0.0549767326936539,0.1999007936507936,0.0391642371234208,1.631578947368421,0.0035957240038872,25.011007645673168,0.0408226043436075,0.0345563883562837,-17.394316696719272,6208000000.0,7009000000.0,-4294000000.0,16301000000.0,3776500000.0,2835000000.0,4938000000.0,30.157434402332363,22.417399043275115,45.225275336522415,2.984338747099768,4.014738722644037,1.9900376355988487,0.0953812845802261,0.8275673961133189,2015-02-03,2.13,bmo,8920766129.0,2025-04-25,2014-12-31,0.1643192488262911,86.71421875,6379159.546875
2014-09-30,LYB,USD,1489393,2014-10-24,2014-10-24 12:48:08,2014,Q3,12066000000.0,10118000000.0,1948000000.0,0.1614453837,31000000,0.0,0.0,211000000.0,3000000.0,242000000.0,10360000000.0,13000000.0,92000000.0,262000000.0,1968000000.0,0.1631029339,1706000000.0,0.141389027,-12000000.0,1694000000.0,0.1403944969,434000000.0,1258000000.0,0.1042599039,2.46,2.45,509000000,512000000,https://www.sec.gov/Archives/edgar/data/1489393/000119312514381260/0001193125-14-381260-index.htm,https://www.sec.gov/Archives/edgar/data/1489393/000119312514381260/d808323d10q.htm,23.705304518664047,2.471512770137525,2.817288801571709,2.1532416502946954,5.361493123772102,19.400785854616892,16.69941060903733,19.337917485265223,13.56188605108055,55307940000.0,60933940000.0,10.991244038155802,4.583784186971656,38.568995815899584,50.46344890510949,5.6190124961901855,5.6190124961901855,5.050053041604508,30.96236788617886,42.49228730822873,55.596660583941606,0.0227453779692391,0.0198163229366344,0.6919638321649904,0.2657329015645117,2.858739837398374,2.2953496627618035,18.543478260869566,1.1408114558472553,0.006472850010324,0.2845786963434022,0.0,0.0025692027183822,0.0536459755764503,0.2357043235704323,0.0280125973810707,1.2900763358778626,0.0,32.79272747555045,0.0632722822156425,0.0518634564643799,-14.280451866404714,7298000000.0,8500000000.0,-2824000000.0,17273000000.0,4184500000.0,3560500000.0,5342500000.0,30.61909497762307,30.51887724846808,47.668511563550105,2.9393422655298416,2.948994462255902,1.88803881321142,0.1278065630397236,0.6640471512770137,2014-10-24,2.29,bmo,11012619047.0,2025-04-25,2014-09-30,0.1004366812227074,108.1621875,2473911.09375
2014-06-30,LYB,USD,1489393,2014-07-25,2014-07-25 12:27:57,2014,Q2,12117000000.0,10255000000.0,1862000000.0,0.1536683998,34000000,0.0,0.0,215000000.0,6000000.0,249000000.0,10504000000.0,7000000.0,96000000.0,254000000.0,1867000000.0,0.1540810432,1613000000.0,0.1331187588,-15000000.0,1598000000.0,0.1318808286,425000000.0,1178000000.0,0.0972187835,2.25,2.23,523000000,527000000,https://www.sec.gov/Archives/edgar/data/1489393/000119312514280117/0001193125-14-280117-index.htm,https://www.sec.gov/Archives/edgar/data/1489393/000119312514280117/d763132d10q.htm,23.16826003824092,2.2523900573613767,3.4359464627151053,2.64244741873805,6.365200764818356,20.62715105162524,17.873804971319313,20.560229445506693,13.231357552581262,51070950000.0,55864950000.0,10.838486842105263,4.214818024263431,28.420116861435726,36.954377713458754,4.749460615642146,4.749460615642146,4.610460510027234,29.92230851633637,31.08789649415693,40.42326338639653,0.0230659504082066,0.0270603934330573,0.63461359620571,0.2560024009603842,2.567755757900375,2.435145700071073,16.802083333333332,1.528061224489796,0.0072448231333076,0.3140916808149406,0.0,0.002805975076339,0.0540216086434573,0.2309404563160823,0.0342494016670793,1.6338582677165354,0.0,32.27951778687032,0.0561515051834331,0.0467163705583756,-12.768642447418738,8077000000.0,9348000000.0,-2163000000.0,18257000000.0,4202500000.0,3666000000.0,5457500000.0,31.67120574399604,32.384202827888835,46.7420770355924,2.841697936210131,2.779132791327913,1.9254600075103268,0.1095508230261322,0.7934990439770554,2014-07-25,1.92,bmo,10479567567.0,2025-04-25,2014-06-30,0.1562500000000001,95.21142857142856,3074745.031746032
2014-03-31,LYB,USD,1489393,2014-04-29,2014-04-29 15:22:27,2014,Q1,11135000000.0,9577000000.0,1558000000.0,0.1399191738,32000000,0.0,0.0,186000000.0,11000000.0,218000000.0,9795000000.0,6000000.0,92000000.0,256000000.0,1596000000.0,0.1433318366,1340000000.0,0.1203412663,-14000000.0,1326000000.0,0.1190839695,383000000.0,945000000.0,0.0848675348,1.73,1.72,544000000,548000000,https://www.sec.gov/Archives/edgar/data/1489393/000119312514166880/0001193125-14-166880-index.htm,https://www.sec.gov/Archives/edgar/data/1489393/000119312514166880/d717877d10q.htm,20.46875,1.7371323529411764,1.4724264705882353,0.8419117647058824,7.544117647058823,21.738970588235293,19.027573529411764,21.674632352941178,12.71875,48383360000.0,52508360000.0,12.799830687830688,4.345160305343511,60.40369538077403,105.64052401746724,4.103414468662539,4.103414468662539,4.71561383026493,32.89997493734336,65.55350811485643,114.64707423580786,0.019531508353285,0.0094660643659307,0.5790009329149352,0.2453372623710784,2.5845864661654137,2.621153846153846,14.565217391304348,0.8485169491525424,0.0067585219381208,0.346031746031746,0.0,0.0028738212842388,0.0530060732382218,0.4282147315855181,0.0308037718904355,1.33984375,0.0,29.10607092539273,0.0429879222043868,0.0358606557377049,-11.0234375,9273000000.0,10351000000.0,-1008000000.0,19304000000.0,4085500000.0,3232000000.0,5434000000.0,33.47013920071846,34.225749190769555,52.52271066095855,2.688964018353055,2.629599121361889,1.7135444623367329,0.0801458739716733,0.6305147058823529,2014-04-29,1.73,bmo,11818128834.0,2025-04-25,2014-03-31,-0.0578034682080925,84.13311475409836,3578383.295081967
2013-12-31,LYB,USD,1489393,2014-02-20,2014-02-20 14:15:11,2013,Q4,11138000000.0,9601000000.0,1537000000.0,0.1379960496,44000000,0.0,0.0,229000000.0,-13000000.0,273000000.0,9874000000.0,3000000.0,84000000.0,252000000.0,1546000000.0,0.1388040941,1264000000.0,0.1134853654,-57000000.0,1207000000.0,0.10836775,30000000.0,1174000000.0,0.1054049201,2.14,2.11,548824138,555000000,https://www.sec.gov/Archives/edgar/data/1489393/000119312514060399/0001193125-14-060399-index.htm,https://www.sec.gov/Archives/edgar/data/1489393/000119312514060399/d664462d10k.htm,20.29429689552029,2.139118742623525,2.9900288387097143,2.3340810130329945,8.108243956281676,22.8014752514402,20.051960615478613,22.735880468872526,10.784875500501402,44059601798.64,45444601798.64,9.382368355758093,3.9557911473011313,26.849239365411336,34.39469305124122,3.5309826733963776,3.5309826733963776,4.080140222539056,29.394955885278137,27.693236927873247,35.47587962423107,0.0266457242479263,0.0290742527781887,0.4676230165090559,0.2137519232178181,0.8958602846054333,2.649546279491833,15.047619047619047,1.396595744680851,0.0138448822753279,0.5195911413969335,0.0,0.0039504399353564,0.0552787750018316,0.2193784277879341,0.0323217812892799,1.4285714285714286,0.0037708744837493,33.07993093890616,0.0564188796764604,0.0455232851215634,-8.512745115448986,9089000000.0,11005000000.0,-185000000.0,19055000000.0,4035500000.0,3031500000.0,5330500000.0,32.564194648949545,26.453494427663784,49.485470263514216,2.763771712158809,3.4021970233876684,1.818715665845804,0.0940855906395255,0.6559478256767198,2014-01-31,1.4,bmo,7390142180.0,2025-04-25,2013-12-31,0.5071428571428571,76.64,2988112.453125
2013-09-30,LYB,USD,1489393,2013-10-29,2013-10-29 16:52:39,2013,Q3,11152000000.0,9690000000.0,1462000000.0,0.131097561,35000000,0.0,0.0,220000000.0,1000000.0,255000000.0,9945000000.0,5000000.0,81000000.0,262000000.0,1469000000.0,0.1317252511,1207000000.0,0.1082317073,-14000000.0,1193000000.0,0.1069763271,339000000.0,853000000.0,0.0764885222,1.51,1.5,563000000,567000000,https://www.sec.gov/Archives/edgar/data/1489393/000119312513416094/0001193125-13-416094-index.htm,https://www.sec.gov/Archives/edgar/data/1489393/000119312513416094/d605670d10q.htm,19.80817051509769,1.5150976909413854,2.008880994671403,1.257548845470693,7.840142095914742,21.152753108348136,18.4316163410302,21.090586145648317,10.603907637655418,41228490000.0,42703490000.0,12.083379249706915,3.696959289813486,36.45312997347481,58.232330508474575,3.4721652349671555,3.4721652349671555,3.8292225609756096,29.06976855003404,37.75728558797525,60.31566384180791,0.0206895765525247,0.0171725910893171,0.4959575543203638,0.2196486516728208,1.0040844111640572,2.71941242097434,14.901234567901234,1.329024676850764,0.0006548869483214,0.0316529894490035,0.0,0.003138450502152,0.0571407258214911,0.3740053050397878,0.0379304160688665,1.6145038167938932,0.0,26.813647892857155,0.0400975400871148,0.0337434233949127,-8.465808170515098,9247000000.0,10377000000.0,-277000000.0,19002000000.0,4032000000.0,2886000000.0,5289500000.0,32.61208751793401,30.102167182662537,49.9876160990712,2.7597129423410047,2.989817957420549,1.8004459308807137,0.0718376284318679,0.7513321492007105,2013-10-29,1.59,bmo,11742834437.0,2025-04-25,2013-09-30,-0.050314465408805,69.6309375,3577220.328125
2013-06-30,LYB,USD,1489393,2013-07-26,2013-07-26 12:15:25,2013,Q2,11103000000.0,9496000000.0,1607000000.0,0.144735657,35000000,0.0,0.0,208000000.0,-9000000.0,243000000.0,9739000000.0,5000000.0,70000000.0,254000000.0,1657000000.0,0.1492389444,1364000000.0,0.1228496803,-31000000.0,1333000000.0,0.1200576421,410000000.0,929000000.0,0.0836710799,1.62,1.61,574000000,578000000,https://www.sec.gov/Archives/edgar/data/1489393/000119312513304126/0001193125-13-304126-index.htm,https://www.sec.gov/Archives/edgar/data/1489393/000119312513304126/d572962d10q.htm,19.343205574912893,1.6184668989547035,2.202090592334495,1.5278745644599303,5.632404181184669,21.026132404181183,18.31881533101045,20.96167247386759,7.82404181184669,38044720000.0,39232720000.0,10.238083961248655,3.426526164099793,30.098670886075947,43.38052451539339,3.161961436170213,3.161961436170213,3.533524272719085,23.67695835847918,31.03854430379747,44.7351425313569,0.0244186315472948,0.0230518190171987,0.367436835106383,0.1765011178537208,0.7169583584791792,2.587768069896744,19.485714285714284,1.3635382955771305,0.0068603475068288,0.2809472551130247,0.0,0.0031523011798612,0.0620408815075055,0.3061708860759494,0.0348554444744663,1.5236220472440944,0.0,27.62842546233688,0.0469252802841491,0.0395420107261428,-7.195557491289199,7996000000.0,10515000000.0,53000000.0,17529000000.0,3950500000.0,2506000000.0,5233500000.0,32.610105376925155,23.987994945240104,49.255475989890485,2.7598806860551828,3.751876728565784,1.8272080046180488,0.0772107712765957,0.6742160278745645,2013-07-26,1.62,bmo,11241787500.0,2025-04-25,2013-06-30,-0.0123456790123456,63.189375,4497433.171875
2013-03-31,LYB,USD,1489393,2013-04-26,2013-04-26 12:21:59,2013,Q1,10669000000.0,9153000000.0,1516000000.0,0.142093917,36000000,0.0,0.0,213000000.0,6000000.0,249000000.0,9402000000.0,2000000.0,71000000.0,253000000.0,1587000000.0,0.1487487112,1267000000.0,0.1187552723,-4000000.0,1263000000.0,0.1183803543,357000000.0,901000000.0,0.0844502765,1.56,1.55,574000000,578000000,https://www.sec.gov/Archives/edgar/data/1489393/000119312513176626/0001193125-13-176626-index.htm,https://www.sec.gov/Archives/edgar/data/1489393/000119312513176626/d526504d10q.htm,18.58710801393728,1.569686411149826,1.39198606271777,0.710801393728223,5.015679442508711,20.34843205574913,17.594076655052266,20.28048780487805,7.829268292682927,35444500000.0,36988500000.0,9.83476692563818,3.3221951448120723,44.36107634543179,86.87377450980392,3.044798556825015,3.044798556825015,3.4669134876745717,23.30718336483932,46.29349186483104,90.65808823529412,0.0254200228526287,0.0115109537445866,0.3799501761017095,0.1792357255744215,0.9729048519218652,2.4779714117877423,17.845070422535212,0.8877777777777778,0.0064608049203684,0.2541620421753607,0.0,0.0033742618802137,0.0640677553997649,0.4893617021276595,0.0366482331989877,1.5454545454545454,0.0,26.763130191985272,0.0461683104068796,0.0390110841704191,-7.969512195121951,7548000000.0,10099000000.0,-342000000.0,16908000000.0,4043500000.0,2460500000.0,5172500000.0,32.71346892867185,24.3952802359882,51.81907571288102,2.751160391954616,3.689238210399032,1.7368121442125235,0.0773988488961429,0.681184668989547,2013-04-26,1.45,bmo,9916698717.0,2025-04-25,2013-03-31,0.0758620689655173,61.49466666666667,4119089.7666666666
2012-12-31,LYB,USD,1489393,2013-02-12,2013-02-12 15:29:06,2012,Q4,11097000000.0,9832000000.0,1265000000.0,0.1139947734,57000000,0.0,0.0,249000000.0,2000000.0,306000000.0,10138000000.0,5000000.0,69000000.0,266000000.0,1270000000.0,0.1144453456,959000000.0,0.0864197531,-29000000.0,930000000.0,0.0838064342,285000000.0,632000000.0,0.0569523295,1.1,1.09,572010676,578000000,https://www.sec.gov/Archives/edgar/data/1489393/000119312513051488/0001193125-13-051488-index.htm,https://www.sec.gov/Archives/edgar/data/1489393/000119312513051488/d464702d10k.htm,19.3999875624699,1.1048744831468844,2.32163498990358,1.7394780233087817,4.776134632843811,19.543341530219973,16.695492585526498,19.47341276546384,7.81279124237884,32656089492.84,34324089492.84,12.917756919636078,2.94278539180319,24.59042883496988,32.82019044506533,2.931689513676273,2.931689513676273,3.0930962866396325,27.02684212034646,25.846452931355422,34.496572354613065,0.0193532051698525,0.0304690492784862,0.395008528593231,0.1816680429397192,1.3133858267716536,2.410910518053375,13.898550724637682,2.131621187800963,0.0554873540629317,2.867088607594937,0.0,0.0051365233846985,0.0672584640792733,0.2507530120481928,0.0300081103000811,1.2518796992481205,0.0037848067045147,22.002334636302248,0.0346052499076902,0.0279757425523438,-8.067594178958995,7190000000.0,9550000000.0,-755000000.0,16515000000.0,4146000000.0,2868500000.0,5154500000.0,34.13625304136253,22.335231895850285,46.45545158665582,2.6364932287954383,4.029508196721311,1.9373399014778323,0.0567375886524822,0.5821569665947983,2013-02-01,1.14,bmo,11000504347.0,2025-04-25,2012-12-31,0.0087719298245614,52.288387096774194,4472816.725806451
2012-09-30,LYB,USD,1489393,2012-10-26,2012-10-26 12:29:49,2012,Q3,11273000000.0,9670000000.0,1603000000.0,0.1421981726,39000000,0.0,0.0,236000000.0,0.0,275000000.0,9945000000.0,4000000.0,71000000.0,236000000.0,1593000000.0,0.1413110973,1328000000.0,0.1178036015,-42000000.0,1286000000.0,0.1140778852,435000000.0,846000000.0,0.0750465715,1.47,1.46,573000000,577000000,https://www.sec.gov/Archives/edgar/data/1489393/000119312512437071/0001193125-12-437071-index.htm,https://www.sec.gov/Archives/edgar/data/1489393/000119312512437071/d429616d10q.htm,19.673647469458988,1.476439790575916,3.5724258289703315,3.108202443280977,6.155322862129145,21.57242582897033,18.67888307155323,21.4869109947644,7.719022687609075,29910600000.0,30735600000.0,8.838829787234044,2.6532954847866583,14.611919882755252,16.794272880404268,2.429385964912281,2.429385964912281,2.726479198083917,19.29416195856874,15.014948705422569,17.25749578888265,0.0282842871757838,0.0595441081088309,0.3534762833008447,0.1733588272785213,0.5178907721280602,2.776165803108808,18.70422535211268,2.425355450236967,0.0076895816198939,0.2718676122931442,0.0,0.0034595937195067,0.0660452517527087,0.1299462628236443,0.0235962033176616,1.1271186440677967,0.0,26.716903512715486,0.0432349285189513,0.0360829139298814,-6.172338568935428,8570000000.0,10703000000.0,652000000.0,17640000000.0,3985500000.0,2733000000.0,5496500000.0,32.59735651556817,30.68562564632885,48.71354705274043,2.7609600783737447,2.932969366090385,1.84753534581582,0.0687134502923976,0.4642233856893543,2012-10-26,1.45,bmo,12019007352.0,2025-04-25,2012-09-30,-0.0620689655172412,46.48761904761904,4100735.555555556
2012-06-30,LYB,USD,1489393,2012-07-27,2012-07-27 12:16:13,2012,Q2,11248000000.0,9561000000.0,1687000000.0,0.1499822191,37000000,0.0,0.0,201000000.0,0.0,238000000.0,9799000000.0,2000000.0,409000000.0,244000000.0,1729000000.0,0.1537162162,1449000000.0,0.1288229018,-375000000.0,1074000000.0,0.0954836415,306000000.0,770000000.0,0.0684566145,1.34,1.33,574795762,577000000,https://www.sec.gov/Archives/edgar/data/1489393/000119312512318803/0001193125-12-318803-index.htm,https://www.sec.gov/Archives/edgar/data/1489393/000119312512318803/d386172d10q.htm,19.568689861008405,1.3396062582660448,0.8855319291654763,0.4801705549109459,3.3925093553490746,20.081915635279163,17.16087809290424,19.99318846752388,8.284681820601175,23147025335.74,25550025335.74,7.51526796614935,2.057879208369488,45.47549181874264,83.86603382514494,2.0141859846623738,2.0141859846623738,2.2715171884548364,14.777342588629269,50.1965134297446,92.57255556427536,0.0332656135650867,0.0119237783687843,0.3787852419074138,0.1848800169887449,1.3898207056101792,2.913760603204524,3.54278728606357,0.6627604166666666,0.0099364819739869,0.2987012987012987,0.0,0.0032894736842105,0.0713102569547674,0.4577603143418468,0.0207147937411095,0.9549180327868853,0.0,24.548268958527785,0.0535509031257949,0.0352144882465928,-7.405239010791454,8122000000.0,9864000000.0,364000000.0,17038000000.0,4048500000.0,2403500000.0,5483500000.0,31.109530583214795,20.417320363978664,54.21085660495764,2.8930041152263373,4.408022130013832,1.6601840597325923,0.0670031326139923,0.4053613742545304,2012-07-27,1.41,bmo,9554024096.0,2025-04-25,2012-06-30,0.1773049645390071,40.65730158730158,3793142.8095238097
2012-03-31,LYB,USD,1489393,2012-04-30,2012-04-30 15:56:13,2012,Q1,11879000000.0,10670000000.0,1209000000.0,0.1017762438,39000000,0.0,0.0,224000000.0,0.0,263000000.0,10933000000.0,4000000.0,99000000.0,237000000.0,1231000000.0,0.1036282515,946000000.0,0.079636333,-39000000.0,901000000.0,0.0758481354,302000000.0,600000000.0,0.0505093021,1.04,1.04,572000000,575000000,https://www.sec.gov/Archives/edgar/data/1489393/000119312512195861/0001193125-12-195861-index.htm,https://www.sec.gov/Archives/edgar/data/1489393/000119312512195861/d341663d10q.htm,20.76748251748252,1.048951048951049,1.6101398601398602,1.2115384615384617,2.91958041958042,19.865384615384617,16.816433566433567,19.772727272727277,7.211538461538462,24967800000.0,27323800000.0,10.40325,2.101843589527738,27.10944625407166,36.02857142857143,2.2075862068965515,2.2075862068965515,2.3001767825574544,22.19642567018684,29.66753528773073,39.428282828282825,0.0240309518660034,0.0277557494052339,0.3559681697612732,0.1705281884027277,1.913891145410236,2.446016983420946,9.555555555555555,1.5375626043405677,0.0057273768613974,0.2383333333333333,0.0,0.0032831046384375,0.0738701342708289,0.247557003257329,0.0191935348093273,0.9620253164556962,0.0,21.60240768526465,0.0336229221682166,0.0274411159387148,-8.41826923076923,7152000000.0,9619000000.0,-148000000.0,16322000000.0,4373000000.0,2600000000.0,5353500000.0,31.88904789965485,22.251171508903468,43.92877225866917,2.8222855785222145,4.044730856709628,2.0487711213517663,0.053050397877984,0.3986013986013986,2012-04-30,1.06,bmo,11624336448.0,2025-04-25,2012-03-31,0.0094339622641509,41.71193548387097,4328885.967741936
2011-12-31,LYB,USD,1489393,2012-02-29,2012-02-29 13:11:49,2011,Q4,11444000000.0,10958000000.0,486000000.0,0.0424676686,54000000,0.0,0.0,231000000.0,28000000.0,285000000.0,11243000000.0,38000000.0,549000000.0,255000000.0,494000000.0,0.0431667249,201000000.0,0.0175637889,-511000000.0,-310000000.0,-0.0270884306,-92000000.0,-215000000.0,-0.0187871374,-0.38,-0.38,571000000,572000000,https://www.sec.gov/Archives/edgar/data/1489393/000119312512088192/0001193125-12-088192-index.htm,https://www.sec.gov/Archives/edgar/data/1489393/000119312512088192/d300123d10k.htm,20.04203152364273,-0.3765323992994746,0.159369527145359,-0.3467600700525394,1.8651488616462344,18.646234676007005,15.560420315236428,18.55166374781086,8.02276707530648,18551790000.0,21518790000.0,-21.571848837209306,1.6210931492485146,203.8658241758242,-93.6959090909091,1.751325403568394,1.751325403568394,1.8803556448794128,43.56030364372469,236.4702197802198,-108.68075757575758,-0.0115891781871183,-0.0106728245630206,0.3806287170773152,0.1765401287271772,6.006072874493927,2.278796333200478,0.366120218579235,-0.4174311926605504,0.1467243861643539,-12.66046511627907,0.0,0.0047186298497029,0.0771487368098428,3.175824175824176,0.0252534078993358,1.1333333333333333,0.0,,0.0079084869410157,-0.0102006926982018,-8.712346760070053,6417000000.0,8885000000.0,-757000000.0,15512000000.0,4287500000.0,2501000000.0,5590500000.0,35.68070604683677,21.04216097828071,45.16426355174302,2.522371611196826,4.277127244340359,1.9927259501727588,-0.020296422165581,0.5061295971978984,2012-02-10,0.76,bmo,20355024390.0,2025-04-25,2011-12-31,-0.4605263157894737,31.596031746031745,4712883.73015873
2011-09-30,LYB,USD,1489393,2011-11-01,2011-11-01 17:11:55,2011,Q3,13297000000.0,11538000000.0,1759000000.0,0.1322854779,53000000,0.0,0.0,239000000.0,0.0,292000000.0,11830000000.0,10000000.0,155000000.0,237000000.0,1811000000.0,0.1361961345,1467000000.0,0.1103256374,-75000000.0,1384000000.0,0.1040836279,489000000.0,895000000.0,0.0673084154,1.56,1.51,570000000,575000000,https://www.sec.gov/Archives/edgar/data/1489393/000095012311094007/0000950123-11-094007-index.htm,https://www.sec.gov/Archives/edgar/data/1489393/000095012311094007/h85377e10vq.htm,23.3280701754386,1.5701754385964912,2.685964912280702,2.196491228070176,9.840350877192982,24.705263157894738,21.485964912280703,24.605263157894736,10.505263157894737,13925100000.0,14149100000.0,3.889692737430168,1.0472362186959463,9.095427824951011,11.122284345047923,0.9928770053475936,0.9928770053475936,1.0640821237873204,7.812865819988956,9.241737426518617,11.301198083067092,0.0642724289233111,0.0899095877228888,0.4159001782531194,0.2063536986592139,0.1236885698509111,3.228659714175357,9.464516129032258,1.7106145251396647,0.0081866557511256,0.1273743016759776,0.0,0.0039858614725125,0.0649166873032157,0.1822338340953625,0.0209821764307738,1.1772151898734178,0.0,29.48352161956595,0.0409971535413991,0.0338604721549636,-4.748245614035088,11540000000.0,12247000000.0,2533000000.0,20738000000.0,4469500000.0,2714000000.0,5629500000.0,27.330976912085436,19.03276131045242,44.3213728549142,3.2929668152550766,4.728688524590164,2.030623020063358,0.0638146167557932,0.4894736842105263,2011-10-28,1.22,bmo,9980078431.0,2025-04-25,2011-09-30,0.2540983606557377,33.9765625,4828034.234375
2011-06-30,LYB,USD,1489393,2011-08-15,2011-08-12 21:24:46,2011,Q2,14042000000.0,12474000000.0,1568000000.0,0.111665005,56000000,0.0,0.0,247000000.0,-28000000.0,275000000.0,12749000000.0,13000000.0,177000000.0,224000000.0,1276000000.0,0.0908702464,1265000000.0,0.0900868822,-71000000.0,1191000000.0,0.0848169776,388000000.0,804000000.0,0.057256801,1.42,1.38,567491020,575000000,https://www.sec.gov/Archives/edgar/data/1489393/000095012311077064/0000950123-11-077064-index.htm,https://www.sec.gov/Archives/edgar/data/1489393/000095012311077064/h84156e10vq.htm,24.744003878686925,1.4167625066560523,1.80795812416556,1.3480389522287066,8.259161528229997,24.010952631461905,20.60825561609768,23.928131937664848,10.64686450897496,21859754090.4,23037754090.4,6.797187217164179,1.5567407841048284,21.305803207017544,28.574841948235296,1.6098206120038294,1.6098206120038294,1.6406319676969094,18.054666215047025,22.45395135516569,30.11471122928105,0.0367799196951207,0.0349958191128947,0.4319169305545327,0.2059701492537313,0.9231974921630094,2.76183308245526,7.146892655367232,1.277708592777086,0.0025960539979231,0.0705834601990049,0.0,0.003988035892323,0.0678138718173836,0.2543859649122807,0.0185870958552912,1.1651785714285714,0.0,27.618124558540597,0.037825639847791,0.0302893309222423,-6.515962138044053,10534000000.0,11695000000.0,1664000000.0,20034000000.0,4832500000.0,3543500000.0,5651500000.0,31.41219199544225,21.55844155844156,40.23809523809524,2.865129565394817,4.174698795180723,2.2366863905325443,0.059209072833051,0.4599191719368528,2011-07-29,1.26,bmo,11252053691.0,2025-04-25,2011-06-30,0.1825396825396825,40.62873015873016,4699751.571428572
2011-03-31,LYB,USD,1489393,2011-05-05,2011-05-05 16:51:58,2011,Q1,12252000000.0,10943000000.0,1309000000.0,0.1068396996,33000000,0.0,0.0,211000000.0,0.0,244000000.0,11187000000.0,8000000.0,163000000.0,215000000.0,1301000000.0,0.106186745,1065000000.0,0.0869245837,-142000000.0,923000000.0,0.0753346392,263000000.0,663000000.0,0.0541136141,1.16,1.15,566000000,569000000,https://www.sec.gov/Archives/edgar/data/1489393/000095012311045721/0000950123-11-045721-index.htm,https://www.sec.gov/Archives/edgar/data/1489393/000095012311045721/h81999e10vq.htm,21.64664310954064,1.1713780918727916,0.3904593639575971,0.0,7.743816254416961,22.46113074204947,18.66077738515901,22.386925795053003,11.081272084805654,22385300000.0,24111300000.0,8.440912518853693,1.827073130917401,101.29095022624432,0.0,1.7666561439507535,1.7666561439507535,1.9679480901077373,18.532897770945425,109.10090497737556,0.0,0.0296176508690971,0.0,0.4821245363428301,0.2185845140976098,1.3266717909300538,2.5114779874213835,6.533742331288344,0.3348484848484848,0.0,0.0,0.0,0.0026934378060724,0.0769643623872906,1.0,0.0180378713679399,1.027906976744186,0.0,24.290532609761907,0.0347861530028531,0.0257006628677753,-7.802120141342755,9613000000.0,10562000000.0,738000000.0,19204000000.0,4255500000.0,3033500000.0,5275000000.0,34.995102840352594,33.71196198483048,47.09311888878735,2.5717884130982367,2.669675530617224,1.9111072301781349,0.0523242048772788,0.3904593639575971,2011-05-02,0.75,bmo,10139580000.0,2025-04-25,2011-03-31,0.64,37.41209677419355,3929836.806451613
2010-12-31,LYB,USD,1489393,2011-03-18,2011-03-18 06:02:03,2010,Q4,10610000000.0,9415000000.0,1195000000.0,0.1126295947,41000000,220000000.0,11000000.0,231000000.0,0.0,272000000.0,9687000000.0,9000000.0,231000000.0,207000000.0,600000000.0,0.0565504241,844000000.0,0.0795475966,-682000000.0,162000000.0,0.0152686145,-542000000.0,771000000.0,0.072667295,1.36,1.36,564000000,566000000,https://www.sec.gov/Archives/edgar/data/1489393/000095012311026580/0000950123-11-026580-index.htm,https://www.sec.gov/Archives/edgar/data/1489393/000095012311026580/h80612e10vk.htm,18.81205673758865,1.3670212765957446,1.2907801418439715,0.9361702127659576,7.48581560283688,20.56028368794326,16.75354609929078,20.45212765957447,11.19326241134752,19401600000.0,21261600000.0,6.291050583657587,1.82861451460886,26.65054945054945,36.74545454545454,1.6819765929778931,1.6819765929778931,2.0039208294062205,35.436,29.205494505494507,40.268181818181816,0.0397389905987135,0.0272142503711034,0.5272648461205028,0.2385659370832352,3.1,2.897182506307822,3.653679653679654,0.9503916449086162,0.0,0.0,0.0207351555136663,0.0038642789820923,0.084215893935828,0.2747252747252747,0.0188501413760603,0.966183574879227,0.0,25.081190310699757,0.1764700291772398,0.0330235147984751,-7.896719858156028,9023000000.0,9449000000.0,-119000000.0,18360000000.0,3773500000.0,2265000000.0,4618000000.0,31.784165881244107,18.81253319171535,46.11364843335104,2.831598612223112,4.784044715447155,1.951699834162521,0.0668400520156046,0.3546099290780142,2011-02-18,0.66,bmo,10071210929.0,2025-04-25,2010-12-31,0.9242424242424242,28.85453125,4986639.609375
2010-09-30,LYB,USD,1489393,2010-11-10,2010-11-09 21:39:12,2010,Q3,10302000000.0,9075000000.0,1227000000.0,0.1191030868,35000000,0.0,0.0,204000000.0,0.0,239000000.0,9314000000.0,4000000.0,182000000.0,25000000.0,903000000.0,0.0876528829,988000000.0,0.095903708,-267000000.0,721000000.0,0.0699864104,254000000.0,474000000.0,0.0460104834,0.84,0.84,564000000,564000000,https://www.sec.gov/Archives/edgar/data/1489393/000095012310103536/0000950123-10-103536-index.htm,https://www.sec.gov/Archives/edgar/data/1489393/000095012310103536/h77497e10vq.htm,18.26595744680851,0.8404255319148937,1.9734042553191489,1.702127659574468,8.567375886524824,19.402482269503547,14.941489361702128,19.29432624113475,13.310283687943262,13479600000.0,15972600000.0,7.109493670886075,1.3084449621432732,12.111051212938005,14.04125,1.2387061201984928,1.2387061201984928,1.550436808386721,17.688372093023254,14.350943396226414,16.638125,0.0351642481972758,0.0712187305261283,0.6731299393493843,0.2814060699193239,2.7607973421926912,2.7626312660986723,5.428571428571429,2.348101265822785,0.0,0.0,0.0,0.0033973985633857,0.0966577026507875,0.137466307277628,0.0148514851485148,0.6891891891891891,0.0,19.100981620541557,0.0297521490375057,0.0201582036233733,-9.21808510638298,8896000000.0,8427000000.0,-1144000000.0,18628000000.0,3666500000.0,2544000000.0,4392000000.0,33.1974373907979,25.40826446280992,43.75537190082645,2.7110526315789474,3.5421545667447307,2.056890299184043,0.0435581694541444,0.2712765957446808,2010-11-09,,bmo,,2025-04-25,2010-09-30,,19.1090625,2495698.4375
2010-06-30,LYB,USD,1489393,2010-06-30,2010-06-29 20:00:00,2010,Q2,10484000000.0,9482000000.0,1002000000.0,0.0955742083,37000000,220000000.0,0.0,-7575000000.0,0.0,-7538000000.0,1944000000.0,0.0,-363000000.0,270000000.0,8126000000.0,0.7750858451,8540000000.0,0.8145745899,-372000000.0,8168000000.0,0.7790919496,-677000000.0,8896000000.0,0.848531095,15.61,15.61,570000000,570000000,,,18.392982456140352,15.60701754385965,0.9701754385964912,0.6192982456140351,6.58421052631579,17.312280701754386,12.947368421052632,17.312280701754386,12.173684210526316,9205500000.0,12754500000.0,0.2586977293165467,0.8780522701259061,16.64647377938517,26.077903682719548,0.9328638021888932,0.9328638021888932,1.2165681037771845,1.56959143490032,23.06419529837251,36.13172804532578,0.9663787952854274,0.0383466405952962,0.7399675719497365,0.3006299147762361,0.4367462466158011,2.6799746514575413,-23.52617079889807,0.0621627697841726,0.0,0.0,0.0209843571156047,0.0035291873330789,0.1024332002140886,0.3616636528028933,0.0190766882869133,0.7407407407407407,0.0,77.9701484179768,0.4598166769518707,0.4080546763909912,-10.23201754385965,7953000000.0,7380000000.0,-1734000000.0,17280000000.0,,,,30.32907287294925,23.975954439991565,41.49757435140266,2.967449759411265,3.753760886777514,2.1688014638609334,0.901499797324686,0.3508771929824561,2010-10-29,0.88,bmo,7952421052.0,2025-04-25,2010-06-30,0.2954545454545453,18.139333333333333,3095219.311111111
2010-03-31,LYB,USD,1489393,2010-03-31,2010-03-30 20:00:00,2010,Q1,9755000000.0,9130000000.0,625000000.0,0.0640697078,41000000,0.0,0.0,217000000.0,0.0,258000000.0,9388000000.0,2000000.0,411000000.0,424000000.0,855000000.0,0.0876473603,367000000.0,0.0376217324,-347000000.0,20000000.0,0.0020502307,12000000.0,10000000.0,0.0010251153,0.0177,0.0177,564000000,564000000,,,17.29609929078014,0.0177304964539007,-0.6613475177304965,-0.9078014184397164,,,,,,12408000000.0,,310.2,1.2719630958482828,-33.265415549597854,-24.234375,0.0,0.0,,,,,0.0008059316569954,-0.0412637008381689,0.0,0.0,,0.0,0.8929440389294404,-46.625,0.0,0.0,0.0,0.0042029728344438,0.0,-0.3726541554959786,0.0142491030240902,0.3278301886792453,0.0,,0.0,0.0,,,,,,,,,,,,0.0,0.0,0.0,0.0,0.2464539007092198,2010-03-30,,bmo,,2025-04-25,2010-03-31,,,
2009-12-31,LYB,USD,1489393,2009-12-31,2009-12-30 19:00:00,2009,Q4,8817000000.0,8466000000.0,351000000.0,0.039809459,40000000,0.0,0.0,217000000.0,0.0,257000000.0,8723000000.0,3000000.0,416000000.0,436000000.0,518000000.0,0.0587501418,-50000000.0,-0.0056708631,-1355000000.0,-1405000000.0,-0.1593512533,-560000000.0,-848000000.0,-0.0961778383,-1.5,-1.5,564000000,564000000,,,15.632978723404255,-1.50354609929078,-0.1560283687943262,-0.6542553191489362,1.0088652482269505,-15.686170212765957,-18.98581560283688,-15.914893617021276,13.120567375886525,12408000000.0,18834000000.0,-3.658018867924529,1.407281388227288,-141.0,-33.6260162601626,-1.3823529411764706,-1.3823529411764706,2.136100714528751,36.35907335907336,-214.02272727272728,-51.040650406504064,-0.0683430045132172,-0.0297388781431334,-0.7780748663101604,0.2515759518749325,12.405405405405403,0.797337706183081,-0.1201923076923077,0.1042654028436018,0.0,0.0,0.0,0.0045366904842917,0.0670364900399841,-3.1931818181818183,0.0318702506521492,0.6444954128440367,0.0,,-0.0012491660523085,-0.0327413127413127,-56.62278368794326,-2101000000.0,-10708000000.0,-28342000000.0,14912000000.0,,,,33.55222864920041,17.29624379872431,34.836995038979445,2.682385153635534,5.203441917639828,2.5834604821483063,0.0944741532976827,0.4982269503546099,2009-12-30,,bmo,,2025-04-25,2009-12-31,,,
2009-09-30,LYB,USD,1489393,2009-09-30,2009-09-29 20:00:00,2009,Q3,8612000000.0,7956000000.0,656000000.0,0.0761727822,38000000,0.0,0.0,199000000.0,0.0,237000000.0,8193000000.0,4000000.0,445000000.0,-164000000.0,255000000.0,0.0296098467,419000000.0,0.0486530423,-1402000000.0,-983000000.0,-0.1141430562,-332000000.0,-650000000.0,-0.0754760799,-1.15,-1.15,564000000,564000000,,,15.26950354609929,-1.1524822695035462,,,,,,,,12408000000.0,,-4.772307692307692,1.4407803065490017,0.0,0.0,0.0,0.0,,,0.0,0.0,-0.0523855577047066,,0.0,0.0,,0.0,0.9415730337078652,0.0,,,0.0,0.0044124477473293,0.0,0.0,,0.0,,,0.0,0.0,,,,,,,,,,,,0.0,0.0,0.0,0.0,,2009-09-29,,bmo,,2025-04-25,2009-09-30,,,
