date,symbol,reportedCurrency,cik,fillingDate,acceptedDate,calendarYear,period,revenue,costOfRevenue,grossProfit,grossProfitRatio,researchAndDevelopmentExpenses,generalAndAdministrativeExpenses,sellingAndMarketingExpenses,sellingGeneralAndAdministrativeExpenses,otherExpenses,operatingExpenses,costAndExpenses,interestIncome,interestExpense,depreciationAndAmortization,ebitda,ebitdaratio,operatingIncome,operatingIncomeRatio,totalOtherIncomeExpensesNet,incomeBeforeTax,incomeBeforeTaxRatio,incomeTaxExpense,netIncome,netIncomeRatio,eps,epsdiluted,weightedAverageShsOut,weightedAverageShsOutDil,link,finalLink,revenuePerShare,netIncomePerShare,operatingCashFlowPerShare,freeCashFlowPerShare,cashPerShare,bookValuePerShare,tangibleBookValuePerShare,shareholdersEquityPerShare,interestDebtPerShare,marketCap,enterpriseValue,peRatio,priceToSalesRatio,pocfratio,pfcfRatio,pbRatio,ptbRatio,evToSales,enterpriseValueOverEBITDA,evToOperatingCashFlow,evToFreeCashFlow,earningsYield,freeCashFlowYield,debtToEquity,debtToAssets,netDebtToEBITDA,currentRatio,interestCoverage,incomeQuality,dividendYield,payoutRatio,salesGeneralAndAdministrativeToRevenue,researchAndDdevelopementToRevenue,intangiblesToTotalAssets,capexToOperatingCashFlow,capexToRevenue,capexToDepreciation,stockBasedCompensationToRevenue,grahamNumber,roic,returnOnTangibleAssets,grahamNetNet,workingCapital,tangibleAssetValue,netCurrentAssetValue,investedCapital,averageReceivables,averagePayables,averageInventory,daysSalesOutstanding,daysPayablesOutstanding,daysOfInventoryOnHand,receivablesTurnover,payablesTurnover,inventoryTurnover,roe,capexPerShare,report_date,epsEstimated,time,revenueEstimated,updatedFromDate,fiscalDateEnding,surprise(%),QuarterAvgPrice,QuarterAvgVolume
2025-03-31,LYV,USD,1335258,2025-05-01,2025-05-01 16:17:19,2025,Q1,3382117000.0,2254937000.0,1127180000.0,0.3332764656,0,0.0,0.0,778922000.0,233489000.0,1012411000.0,3267348000.0,34061000.0,80343000.0,149455000.0,295811000.0,0.0874632664,114769000.0,0.0339340715,-48756000.0,66013000.0,0.0195182485,19711000.0,23203000.0,0.006860496,-0.32,-0.32,231220841,231220841,https://www.sec.gov/Archives/edgar/data/1335258/000133525825000055/0001335258-25-000055-index.htm,https://www.sec.gov/Archives/edgar/data/1335258/000133525825000055/lyv-20250331.htm,14.627215199861675,0.1003499507209213,5.714238363141322,4.975589549040694,30.96035793763072,9.122707066012271,-7.061565008320335,0.4584145596114322,36.21956811410438,30192817417.780003,31328513417.780003,325.3115698161876,8.927194836186922,22.851689359387432,26.2441261910714,284.8513365515355,284.8513365515355,9.26298925134169,105.90719553289094,23.71125048743956,27.23129306345288,0.0007684940321712,0.0381037643516671,78.25252134534648,0.380003260164718,3.839262231627627,0.9610680774245172,1.4284878583075065,28.53550602565764,0.0,0.0,0.0,0.0,0.1714445764209457,0.1292646136124021,0.0504982530172669,1.1427586899066609,0.0072587672159183,1.0173702696177545,0.0074609934422543,0.0012829985904875,-48.31309194139641,-448402000.0,-1632781000.0,-8648568000.0,7663116000.0,1799047500.0,2071807500.0,0.0,49.25025065661537,91.15746027494338,0.0,1.8274018669976264,0.9873026269989058,0.0,0.2189065521958583,0.7386488141006285,2025-05-01,-0.4067,amc,3475947022.0,2025-05-11,2025-03-31,-0.2131792476026555,136.532,2418233.4166666665
2024-12-31,LYV,USD,1335258,2025-02-21,2025-02-20 17:39:17,2024,Q4,5681593000.0,4488417000.0,1193176000.0,0.210007299,0,0.0,0.0,1097009000.0,0.0,1432620000.0,5921037000.0,32505000.0,77352000.0,169079000.0,-81241000.0,-0.0142989827,-239444000.0,-0.0421438142,-61748000.0,-301192000.0,-0.053011893,-583110000.0,200987000.0,0.035375114,0.57,0.56,230124255,238019910,https://www.sec.gov/Archives/edgar/data/1335258/000133525825000028/0001335258-25-000028-index.htm,https://www.sec.gov/Archives/edgar/data/1335258/000133525825000028/lyv-20241231.htm,24.68924016723053,0.8733846851562865,4.54155951531489,3.781031252007746,26.48753387599234,8.453237578107531,-7.219699635746784,0.752910639515161,9.438053368168427,29801091022.5,25800240022.5,37.06843107079065,5.245199897722347,28.514434207743967,34.249915266168415,171.9991632518195,171.9991632518195,4.541022213752376,-317.5765933764971,24.68631923945794,29.651801470968515,0.0067442832830601,0.0291971525251563,12.088980336251826,0.1066549938384637,49.24669809578907,0.992718532969577,-3.095511428275933,3.7071879057030768,0.0,0.0,0.0,0.0,0.1836531929620239,0.1674597152679637,0.0308040368255874,1.227329784921353,0.0043822216762094,3.846500226372639,0.0212610802891371,0.0125365767367961,-44.70439241617534,-68142000.0,-1661428000.0,-8403339000.0,7598486000.0,2220657000.0,1970356000.0,0.0,27.678582397577586,37.28954328441408,0.0,3.251611614613499,2.4135452481558635,0.0,1.160011081419576,0.7605282633071425,2025-02-20,-0.93,amc,5599227896.0,2025-05-11,2024-12-31,-1.6021505376344087,125.89734375,2333583.5
2024-09-30,LYV,USD,1335258,2024-11-12,2024-11-12 06:10:02,2024,Q3,7651087000.0,5780188000.0,1870899000.0,0.2445272155,0,0.0,0.0,1005418000.0,225956000.0,1231374000.0,7011562000.0,36067000.0,87961000.0,137001000.0,810874000.0,0.1059815422,639525000.0,0.0835861623,-53613000.0,585912000.0,0.0765789227,70229000.0,451805000.0,0.0590510865,1.77,1.66,230374307,245319968,https://www.sec.gov/Archives/edgar/data/1335258/000133525824000156/0001335258-24-000156-index.htm,https://www.sec.gov/Archives/edgar/data/1335258/000133525824000156/lyv-20240930.htm,33.21154645947562,1.961177901665918,-3.1292638896576257,-3.7919723400405054,23.83043088220771,8.480329362423214,-7.658601442911774,1.24999182308989,35.92755245922454,25223682873.43,27922587873.43,13.9571733786866,3.296745008053104,-34.98905936372766,-28.87415576423493,87.59257298927652,87.59257298927652,3.649492924787027,34.435174729279765,-38.73284839469165,-31.963657156791704,0.017911936265101,-0.034633047219294,28.43677378579416,0.4146855204341707,3.328390107464291,1.0097696645799454,7.270551721785791,-1.125041746127364,0.0,0.0,0.0,0.0,0.188280843689722,-0.211777745102663,0.0199541581477246,1.3179471685082873,0.0033605682434404,7.426827564034806,0.0520423295893686,0.0281865921770283,-44.63606481950264,94576000.0,-1764345000.0,-8018266000.0,7830737000.0,2579020000.0,1165975500.0,0.0,31.689591295981867,32.40258967355387,0.0,2.8400492502221604,2.7775557727552744,0.0,1.5689525846801358,0.6627084503828806,2024-11-11,1.59,amc,7752580084.0,2025-04-23,2024-09-30,0.0440251572327043,96.703125,1823694.25
2024-06-30,LYV,USD,1335258,2024-07-30,2024-07-30 16:30:00,2024,Q2,6023416000.0,4545938000.0,1477478000.0,0.2452890519,0,86216000.0,832222000.0,1012438000.0,230950000.0,1012438000.0,5558376000.0,44425000.0,79970000.0,137729000.0,696769000.0,0.115676719,465819000.0,0.0773346885,-9427000.0,456392000.0,0.0757696297,80164000.0,297970000.0,0.0494686072,1.09,1.03,229921527,245002995,https://www.sec.gov/Archives/edgar/data/1335258/000133525824000125/0001335258-24-000125-index.htm,https://www.sec.gov/Archives/edgar/data/1335258/000133525824000125/lyv-20240630.htm,26.19770353212729,1.2959639051109817,1.7922810681402617,0.9513289288479716,27.83002567654311,6.776538153384829,-11.228135241116416,-0.1881815964105005,35.2784539396348,21789663113.79,23422247113.79,18.281759165176023,3.617492650979112,52.876751132754485,99.61854110203858,-503.6092891531652,-503.6092891531652,3.888532207270758,33.6155126215288,56.83852591653643,107.08243053700664,0.0136748328069112,0.0100382919578766,-185.62197517738693,0.3926524045388908,2.343077834978307,0.918895337111445,5.824921845692135,1.38297144007786,0.0,0.0,0.0143134726208516,0.0,0.2023890309095773,0.4692077343454247,0.0321002235276461,1.21689848322739,0.0047043073232863,,0.0372528246353952,0.0182643201476592,-46.3164917132792,-943016000.0,-2581590000.0,-8211779000.0,7020047000.0,2371974000.0,1188826500.0,740967500.0,36.81694573311888,4.967628243060068,0.0,2.4445265137526064,18.117297751846227,0.0,-6.886772829176971,0.84095213929229,2024-07-30,1.07,amc,6015571278.0,2025-04-23,2024-06-30,-0.0373831775700934,94.53746031746032,2320897.571428572
2024-03-31,LYV,USD,1335258,2024-05-02,2024-05-02 16:19:14,2024,Q1,3799529000.0,2646457000.0,1153072000.0,0.3034776153,0,981559000.0,0.0,981559000.0,77054000.0,1190230000.0,3836687000.0,43257000.0,80691000.0,156674000.0,240562000.0,0.063313637,-36507000.0,-0.0096082962,39704000.0,3197000.0,0.0008414201,35414000.0,-46733000.0,-0.0122996824,-0.2,-0.2,229471184,229471184,https://www.sec.gov/Archives/edgar/data/1335258/000133525824000071/0001335258-24-000071-index.htm,https://www.sec.gov/Archives/edgar/data/1335258/000133525824000071/lyv-20240331.htm,16.557760908228023,-0.203655200558864,4.309342823628783,3.6742914090686,28.333444255031168,6.330803609746486,-12.147146109639632,-0.5004201311830073,35.30688628860694,23915486796.48,25434999796.48,-127.93682620674898,6.294329322523923,24.18466208549152,28.3646527716262,-208.26500275602612,-208.26500275602612,6.694250733835694,105.73157770753484,25.721277616349976,30.16685144706005,-0.0019540894315761,0.0352551468918499,-69.8518008917375,0.4004566307387314,6.316512998727979,0.9204981105027096,-0.4524296389931962,-30.69404351739765,0.0,0.0,0.2583370201938187,0.0,0.211688317069799,0.1473661856462426,0.038353701208755,1.099039172209904,0.0082647085994079,,0.0367948921801678,-0.0029596520133714,-41.943593231296525,-900630000.0,-2787420000.0,-8149672000.0,7033649000.0,2196403000.0,1197114500.0,763538000.0,54.00446739582722,72.3254675968663,50.39724809433896,1.666528795485428,1.2443749482775484,1.7858117933647562,0.406968440852724,0.6350514145601829,2024-05-02,-0.18373,amc,3257978845.0,2025-04-23,2024-03-31,1.8846677189353944,94.53704918032788,2234939.950819672
2023-12-31,LYV,USD,1335258,2024-02-22,2024-02-22 16:34:57,2023,Q4,5838941000.0,4681184000.0,1157757000.0,0.1982820172,13680000,690321000.0,333780000.0,1024101000.0,-10698000.0,1245068000.0,5926252000.0,62946000.0,92819000.0,159620000.0,92202000.0,0.0157908771,-81476000.0,-0.0139539002,-61552000.0,-143028000.0,-0.0244955378,38865000.0,-210728000.0,-0.0360901061,-0.9,-0.9,233303152,233303152,https://www.sec.gov/Archives/edgar/data/1335258/000133525824000017/0001335258-24-000017-index.htm,https://www.sec.gov/Archives/edgar/data/1335258/000133525824000017/lyv-20231231.htm,25.02727009877689,-0.9032368323939318,2.60756442759076,2.034396003359612,26.71145223104401,6.347389597205271,-11.785395852688694,-0.0735009358124745,36.565056780715935,21837175027.2,24043233027.2,-25.90682660491249,3.739920479963746,35.895565612728134,46.0087415849365,-1273.4531739678096,-1273.4531739678096,4.117738649388647,260.7669359363137,39.52184509191209,50.65668493461236,-0.0096499661580548,0.0217350000358932,-492.06461394914857,0.4423772723614734,23.92635734582764,0.9616312528344904,-0.8777944170913283,-3.3445652114155027,0.0,0.0,0.1182270894670797,0.0023428906029363,0.2217901866122262,0.2198098801189441,0.0229017556437031,0.9946223362713376,0.0051471662412756,,-0.0098070843111651,-0.0141965474838363,-41.80855430534432,-382149000.0,-2749570000.0,-8015425000.0,7556139000.0,2308017500.0,272237500.0,738276500.0,32.567720756212466,5.142795070648793,0.8678765884870153,2.7634724785839366,17.500211220480537,103.70138012006824,12.28878003265687,0.573168424231148,2024-02-22,-1.13,amc,4770890000.0,2025-04-23,2023-12-31,0.0796460176991151,86.05666666666666,2053608.619047619
2023-09-30,LYV,USD,1335258,2023-11-02,2023-11-02 16:25:52,2023,Q3,8152019000.0,6330465000.0,1821554000.0,0.2234482034,7379000,99802000.0,874348000.0,974150000.0,-19251000.0,1204605000.0,7535070000.0,78107000.0,86215000.0,147574000.0,747602000.0,0.091707588,618532000.0,0.0758747005,-21977000.0,596555000.0,0.0731788039,55874000.0,483495000.0,0.059309847,1.85,1.78,228787263,244163678,https://www.sec.gov/Archives/edgar/data/1335258/000133525823000102/0001335258-23-000102-index.htm,https://www.sec.gov/Archives/edgar/data/1335258/000133525823000102/lyv-20230930.htm,35.6314372273425,2.1132950919562337,-3.8656347753065257,-4.319838381912021,26.000184284734416,7.433704908651317,-10.721331108366815,0.9692453902033872,37.18274736299459,18998494319.52,21470707319.52,9.823521608041448,2.330526256074722,-21.481594828992957,-19.222941383109184,85.6748980591745,85.6748980591745,2.6337901468973515,28.71943536737462,-24.276925716999397,-21.724360958066384,0.0254491220129604,-0.0520211751193644,37.97378140346605,0.4399410613255935,3.306857124512776,1.1434215835167396,7.174296816099287,-1.6357297556230013,0.0,0.0,0.0122426113089285,0.0009051745340632,0.217007139754907,-0.1174978064422755,0.0127472715654858,0.7953586982311925,0.0037502365978293,6.788724794496056,0.0521960492715394,0.0322611058754386,-38.89319550975178,1255157000.0,-2452904000.0,-7433158000.0,8958797000.0,2196393500.0,285423500.0,1533879500.0,27.635135541268976,3.937843428563304,20.35033445410408,3.2567236685196765,22.85514943209306,4.422531737892375,2.1803509341558773,0.4542036066054953,2023-11-02,1.27,amc,6937060000.0,2025-04-23,2023-09-30,0.4015748031496063,87.14126984126983,2063781.6984126985
2023-06-30,LYV,USD,1335258,2023-07-27,2023-07-27 16:18:59,2023,Q2,5630723000.0,4164778000.0,1465945000.0,0.2603475611,0,81478000.0,787117000.0,868595000.0,6599000.0,1086587000.0,5251365000.0,56452000.0,81995000.0,157748000.0,612728000.0,0.1088187077,386371000.0,0.0686183639,-13386000.0,372985000.0,0.0662410493,41648000.0,293682000.0,0.0521570676,1.04,1.02,228536179,243660186,https://www.sec.gov/Archives/edgar/data/1335258/000133525823000085/0001335258-23-000085-index.htm,https://www.sec.gov/Archives/edgar/data/1335258/000133525823000085/lyv-20230630.htm,24.63821275317638,1.2850569274635506,2.148460703895815,1.6201723579179994,31.193629959132203,4.922406618166133,-13.0865712951296,-0.8199008175418913,37.17140120733357,20821931268.69,22106073268.69,17.724895693888286,3.697914329774347,42.407105624408096,56.234757712494726,-111.12319691685744,-111.12319691685744,3.925974207697662,36.07811829831507,45.02246078661754,59.70289970694199,0.0141044553557628,0.017782596399056,-44.89886699007882,0.4222322207829425,2.095778224595579,1.0751648296393757,4.7121287883407525,1.481877967145233,0.0,0.0,0.0144702554183539,0.0,0.2065588160454984,0.2458915562290097,0.0214418290510827,0.8844001347847107,0.0049304503169486,,0.0334957857030667,0.0185764318376164,-41.28823953077469,753417000.0,-2990755000.0,-8023194000.0,8356013000.0,1773431000.0,233257000.0,1482505500.0,30.20370208230808,6.350362492310515,35.36112369014627,2.979767174061679,14.17241930818573,2.5451679869856454,-1.5673321699034566,0.5282883459778156,2023-07-27,0.63,amc,6503900000.0,2025-04-23,2023-06-30,0.6190476190476191,78.06274193548387,1770921.564516129
2023-03-31,LYV,USD,1335258,2023-05-04,2023-05-04 16:22:03,2023,Q1,3127390000.0,2115589000.0,1011801000.0,0.3235288851,0,690321000.0,0.0,690321000.0,178200000.0,868521000.0,2984110000.0,40313000.0,89215000.0,135548000.0,289247000.0,0.0924883049,142776000.0,0.0456534043,-74744000.0,68032000.0,0.0217536028,23840000.0,-3169000.0,-0.001013305,-0.0139,-0.0139,228162831,228162831,https://www.sec.gov/Archives/edgar/data/1335258/000133525823000055/0001335258-23-000055-index.htm,https://www.sec.gov/Archives/edgar/data/1335258/000133525823000055/lyv-20230331.htm,13.706833783106417,-0.0138892035399052,5.065890859322305,4.55359882872421,30.64472407427308,3.4602305578860912,-14.073852370809687,-2.019811894777901,37.21277020795732,15971398170.0,17380767170.0,-1259.9714555064688,5.106941625444859,13.817905269551014,15.37245651910272,-34.656692626170134,-34.656692626170134,5.557595045709042,60.08970592607702,15.037242933326873,16.728972926825044,-0.0001984171934272,0.0650514118389173,-18.230289511029717,0.4452325437260405,4.872544918356975,1.0771311382111133,1.6003586840777897,26.155141202027515,0.0,0.0,0.2207339027112064,0.0,0.2120144522475341,0.1011257535592915,0.0373749356492154,1.014767547857794,0.0088159775403771,,0.0094201481611804,-0.0002131284860782,-40.23823012609797,723034000.0,-3211130000.0,-7982974000.0,8191649000.0,1578410500.0,1071875000.0,683694500.0,47.69117379028519,7.344720548272845,56.52315265394176,1.8871416416748632,12.253699702865353,1.5922678720880523,0.0068764836843544,0.5122920305980951,2023-05-04,-0.45,amc,2283900000.0,2025-04-23,2023-03-31,-0.4444444444444445,73.32129032258065,2075761.016129032
2022-12-31,LYV,USD,1335258,2023-02-23,2023-02-23 16:46:35,2022,Q4,4290737000.0,3291631000.0,999106000.0,0.2328518387,1920000,2206682000.0,-1457480000.0,749202000.0,369321000.0,1118523000.0,4410154000.0,31055000.0,72761000.0,154409000.0,47282000.0,0.0110195521,-83732000.0,-0.0195145962,-37076000.0,-156966000.0,-0.0365825265,10665000.0,-167631000.0,-0.0390681135,-0.72,-0.72,231263623,231263623,https://www.sec.gov/Archives/edgar/data/1335258/000133525823000014/0001335258-23-000014-index.htm,https://www.sec.gov/Archives/edgar/data/1335258/000133525823000014/lyv-20221231.htm,18.553445389896016,-0.7248481098127568,3.9076876349031338,3.3000045147610613,24.242710233766424,3.30169955004121,-13.772814585716318,-1.5893939359412352,33.602418310293444,16128325068.02,18220124068.02,-24.053315120741388,3.758870578182722,17.846871734856247,21.13330442066064,-43.8783604385027,-43.8783604385027,4.246385660090562,385.3501135319994,20.16156146802168,23.8742353522605,-0.0103935777145505,0.0473186767244201,-20.94370308703944,0.4676708802423885,44.24091620489827,0.9826824587529198,-1.1507813251604568,-5.391043422755934,0.0,0.0,0.514289736238786,0.0004474755735436,0.2398853132716609,0.1555096458361458,0.0327531144416448,1.068812886445048,0.0055633799041982,,-0.0100272759809467,-0.0133974822985732,-38.68637070517571,-143793000.0,-3185151000.0,-7537756000.0,6863979000.0,1744559500.0,1083214000.0,476325000.0,31.45496682737721,53.89397839551275,1.058821599383406,2.861233346514529,1.6699453757062677,85.00015493867011,0.4560531492046391,0.6076831201420727,2023-02-23,-0.96,amc,3598583700.0,2025-04-23,2022-12-31,0.1354166666666668,74.11333333333334,2247838.936507937
2022-09-30,LYV,USD,1335258,2022-11-03,2022-11-03 16:19:47,2022,Q3,6153535000.0,4707848000.0,1445687000.0,0.2349360165,0,872630000.0,0.0,872630000.0,102093000.0,974723000.0,5682571000.0,25809000.0,70514000.0,117822000.0,573057000.0,0.0931264712,506249000.0,0.0822696223,-66948000.0,439301000.0,0.0713900222,41898000.0,331487000.0,0.0538693613,1.39,1.36,239096001,243686803,https://www.sec.gov/Archives/edgar/data/1335258/000133525822000144/0001335258-22-000144-index.htm,https://www.sec.gov/Archives/edgar/data/1335258/000133525822000144/lyv-20220930.htm,25.73667051838311,1.386418002030908,-2.589257024001836,-2.908559729528893,20.70783693283101,4.172119131344234,-12.03426233799703,-0.3118412674748165,31.958790477637475,18180859916.04,20800403916.04,13.711593453167094,2.95453912524102,-29.367497816990024,-26.14352362374088,-243.8420053116953,-243.8420053116953,3.3802365495670377,36.297268711559234,-33.598840726883886,-29.91034822740051,0.0182327459499067,-0.0382503909722368,-101.53842542918454,0.4795526880510779,4.57117529320818,1.0383656426423935,7.179411180758431,-1.5578166244341387,0.0,0.0,0.1418095452451314,0.0,0.2454473657906428,-0.1233182733761817,0.0124065273050368,0.7477887808174899,0.0039712132944722,,0.0505753803490109,0.027827677881031,-32.996045383460846,292902000.0,-2877344000.0,-6862088000.0,6881711000.0,1722853000.0,207535500.0,1036584000.0,29.098025768927943,3.734069154314243,17.471517772026623,3.092993343077786,24.102392398388343,5.1512410755806,-4.4459093347639485,0.3193027055270573,2022-11-03,1.03,amc,5100886000.0,2025-04-23,2022-09-30,0.3495145631067959,89.5734375,1429139.765625
2022-06-30,LYV,USD,1335258,2022-08-04,2022-08-04 16:24:01,2022,Q2,4434174000.0,3267023000.0,1167151000.0,0.2632172305,0,731460000.0,0.0,731460000.0,-5619000.0,847387000.0,4114410000.0,13192000.0,68435000.0,137792000.0,435691000.0,0.0982575334,318699000.0,0.0718733636,-58327000.0,260372000.0,0.0587193917,31995000.0,155240000.0,0.0350099026,0.69,0.66,224674447,243634764,https://www.sec.gov/Archives/edgar/data/1335258/000133525822000123/0001335258-22-000123-index.htm,https://www.sec.gov/Archives/edgar/data/1335258/000133525822000123/lyv-20220630.htm,19.735996056551997,0.6909553003150376,1.553972891274102,1.225132647149678,26.08411894744755,2.6706285828757377,-14.875759324779825,-1.8255925650503548,33.91064316272691,18553615833.26,20243600833.26,29.8789226894808,4.1842326966104615,53.14121016119701,67.40494606206585,-45.2346276934592,-45.2346276934592,4.565360049754474,46.46320633949289,57.98166006925628,73.54463057393843,0.0083671022077384,0.0148357065530355,-18.408295218497965,0.4598019076515794,3.878861394887662,0.9905861219644064,4.656959158325418,1.5287791677795926,0.0,0.0,0.1649596971160807,0.0,0.2400717543384007,0.2116126001752888,0.0166619532747249,0.6373148619389788,0.0028190143192396,,0.0321224511280222,0.012440295755931,-36.89249538911739,-81261000.0,-3342203000.0,-7270224000.0,6546896000.0,1333102500.0,143375999.5,1062792000.0,29.55630969826624,6.053511101697173,31.934844046093342,3.045035084514606,14.867404798310762,2.818238281361199,-0.3784827532401673,0.3288402441244242,2022-08-04,0.51,amc,3924633214.0,2025-04-23,2022-06-30,0.2941176470588236,96.20403225806452,2186301.4516129037
2022-03-31,LYV,USD,1335258,2022-05-05,2022-05-05 16:42:53,2022,Q1,1802808000.0,1071022000.0,731786000.0,0.4059145511,0,602592000.0,0.0,602592000.0,100469000.0,703061000.0,1774083000.0,7564000.0,66773000.0,118996000.0,148509000.0,0.0823764927,27060000.0,0.0150099179,-64320000.0,-37260000.0,-0.0206677583,11696000.0,-48956000.0,-0.0271554153,-0.22,-0.22,221890625,221890625,https://www.sec.gov/Archives/edgar/data/1335258/000133525822000068/0001335258-22-000068-index.htm,https://www.sec.gov/Archives/edgar/data/1335258/000133525822000068/lyv-20220331.htm,8.124759664812338,-0.220631223153299,5.4004084219421165,5.118625448912049,26.463060347862825,1.9650897824096896,-15.963563129357087,-2.333658756425604,34.57754467995212,26103213125.0,27836968125.0,-133.29935618208188,14.4791975213112,21.78353761578904,22.982732605489645,-50.41011230801615,-50.41011230801615,15.440894496252511,187.4429706280428,23.23038314695819,24.50922772996412,-0.0018754779254785,0.0435109269713706,-14.687930291975736,0.4751576880589647,11.674410305099354,0.9797001553544749,0.4052536204753418,-24.47708146090367,0.0,0.0,0.334251900368758,0.0,0.2485349482669713,0.0521780856212968,0.0346820071799104,0.622331266360768,0.0273135020479163,,0.0041257970618191,-0.0040700335755323,-37.44180832335751,-168052000.0,-3542165000.0,-7460132000.0,6546437000.0,1147893000.0,854987999.5,500083500.0,60.406116458325016,5.630808620177737,81.20345800553117,1.4899153475971627,15.983494746649576,1.1083271847101592,0.0945430528545799,0.2817829730300683,2022-05-05,-0.98,amc,1875771000.0,2025-04-23,2022-03-31,-0.6020408163265306,114.12064516129033,2480962.0
2021-12-31,LYV,USD,1335258,2022-02-23,2022-02-23 16:33:45,2021,Q4,2703170000.0,2008991000.0,694179000.0,0.256801829,18758000,716379000.0,18100000.0,716379000.0,16211000.0,818898000.0,2827889000.0,2672000.0,72294000.0,127711000.0,8641000.0,0.0031966173,-124546000.0,-0.0460740538,-55501000.0,-180047000.0,-0.0666058738,-17576000.0,-210485000.0,-0.077865987,-0.97,-0.94,216888355,223800400,https://www.sec.gov/Archives/edgar/data/1335258/000133525822000019/0001335258-22-000019-index.htm,https://www.sec.gov/Archives/edgar/data/1335258/000133525822000019/lyv-20211231.htm,12.463416950163138,-0.970476261853708,3.4850695418848097,3.2272410383674126,22.521859230293853,1.675825334190948,-16.70337718223738,-2.686409789036392,34.73128375195616,25959367209.95,28535155209.95,-30.83279949871725,9.60330545616813,34.34364754032104,37.08740641837786,-44.5538876788163,-44.5538876788163,10.556182263768097,3302.297790759172,37.75135599851033,40.76736115806678,-0.0081082484907152,0.0269633305904203,-12.804435245112426,0.5180080734226254,298.0891100567064,0.9749655834936132,-1.7227709076825186,-4.652344110641284,0.0,0.0,0.2650144090086824,0.006939260201911,0.2767773215394911,0.073980877689447,0.0206868232482603,0.545459865976063,0.0477853779081596,,-0.0136135987814601,-0.0202076922774136,-38.374004680887545,-171629000.0,-3622768000.0,-7354758000.0,6445446000.0,1134010500.0,877055000.0,364614500.0,36.150190332091576,73.60267915585484,1.5153577094173143,2.489613448040531,1.2227815757823646,59.39191745994206,0.361253992527259,0.2578285035173972,2022-02-23,-0.55,amc,2074852250.0,2025-04-23,2021-12-31,0.7454545454545453,107.7746875,2297443.515625
2021-09-30,LYV,USD,1335258,2021-11-04,2021-11-04 16:49:08,2021,Q3,2698722000.0,1969912000.0,728810000.0,0.2700574568,0,491578000.0,0.0,491578000.0,-12441000.0,592813000.0,2562725000.0,1333000.0,70407000.0,121721000.0,285416000.0,0.1057596892,137145000.0,0.0508184985,-43857000.0,93288000.0,0.034567473,6421000.0,42633000.0,0.0157974775,0.2,0.19,216888355,223800400,https://www.sec.gov/Archives/edgar/data/1335258/000133525821000136/0001335258-21-000136-index.htm,https://www.sec.gov/Archives/edgar/data/1335258/000133525821000136/lyv-20210930.htm,12.44290870295918,0.196566569929492,-0.6698930424365107,-0.8296849316783282,21.34222466669545,1.016979450095419,-13.787923284309109,-1.8666009062588904,33.94781614716014,19765035791.15,22428634791.15,115.90221067688177,7.323850248802951,-136.0366420116042,-109.83687484315,-48.8213627746737,-48.8213627746737,8.310835570003134,78.58226165018779,-154.36937196232412,-124.6388409557708,0.002156990781625,-0.0091044105308715,-18.013059351256285,0.5470421605875861,9.332339462398744,1.179411360420748,1.9478887042481567,-1.6725799210286991,0.0,0.0,0.1821521446077069,0.0,0.2408726024593976,-0.2385334361148583,0.0128420044747106,0.341660340901249,0.0101225691271646,,0.0158817048678599,0.0042128581850924,-33.4130894210526,997187000.0,-2990440000.0,-6554882000.0,6640702000.0,914473500.0,100751000.0,689398000.0,39.42672865156174,5.077780124188289,31.771099419669508,2.282715383144906,17.724280649979306,2.8327631603545,-0.1053072294513442,0.1597918892418175,2021-11-04,-0.05,amc,2078370000.0,2025-04-23,2021-09-30,-4.8,84.2075,1996826.484375
2021-06-30,LYV,USD,1335258,2021-08-03,2021-08-03 16:30:04,2021,Q2,575946000.0,243120000.0,332826000.0,0.5778770926,0,356492000.0,0.0,356492000.0,-9461000.0,460139000.0,703259000.0,1471000.0,68909000.0,121754000.0,-20824000.0,-0.0361561674,-127285000.0,-0.2210016217,-80890000.0,-208175000.0,-0.3614488164,2285000.0,-194714000.0,-0.3380768336,-0.9,-0.9,215702508,215702508,https://www.sec.gov/Archives/edgar/data/1335258/000133525821000105/0001335258-21-000105-index.htm,https://www.sec.gov/Archives/edgar/data/1335258/000133525821000105/lyv-20210630.htm,2.6700941279737,-0.9026969681780428,5.078360053189553,4.892924100817595,18.741641149578104,-1.5244885330679605,-16.681039239469577,-4.231578058424801,32.236417019314395,18893382675.72,21735330675.72,-24.257863681758888,32.804086972945385,17.247693956829146,17.90136086218136,-20.699133701578287,-20.699133701578287,37.73848707295476,-1043.763478472916,19.84209699129553,20.59408865861424,-0.0103059363874648,0.0558616748580613,-7.542565312754037,0.5622048341060699,-136.47464464079908,1.0499392097264435,-1.8471462363406808,-5.204860781146061,0.0,0.0,0.6189677504488268,0.0,0.2669767956898348,0.0365149281322603,0.0694492191976331,0.3866692445260766,0.02227639396749,,-0.017498275248169,-0.0216918903563252,-35.72117830915531,257951000.0,-3598142000.0,-7151241000.0,5958919000.0,557248500.0,81636500.0,629666000.0,101.05713035597088,33.45014807502468,252.98358835143137,0.890585351899243,2.690571049136786,0.3557543024292025,0.2133239552040948,0.1854359523719585,2021-08-03,-1.35,amc,575946000.0,2025-04-23,2021-06-30,-0.3333333333333333,85.73952380952382,2150601.523809524
2021-03-31,LYV,USD,1335258,2021-05-06,2021-05-06 16:37:33,2021,Q1,290609000.0,133966000.0,156643000.0,0.5390163415,0,350801000.0,0.0,350801000.0,6000.0,459677000.0,593643000.0,1149000.0,70830000.0,119497000.0,-126006000.0,-0.4335929032,-303172000.0,-1.0432299069,-13161000.0,-316333000.0,-1.0885175614,6389000.0,-308109000.0,-1.060218369,-1.44,-1.44,214531958,214531958,https://www.sec.gov/Archives/edgar/data/1335258/000133525821000058/0001335258-21-000058-index.htm,https://www.sec.gov/Archives/edgar/data/1335258/000133525821000058/lyv-20210331.htm,1.3546186904237365,-1.4361916185932542,0.3476125454464924,0.2112319321674209,14.028152393034144,-0.6047117697960879,-15.971112331897888,-3.405366765915594,32.24536364880425,18160130244.7,21997474244.7,-14.735150745921086,62.48990996390339,243.51825360983725,400.7443341137788,-24.857821732232807,-24.857821732232807,75.69440122191673,-174.57481583972194,294.9751152506236,485.424005752935,-0.0169662329426255,0.0024953565524798,-9.372031044678057,0.6270197319655718,-30.45366093678079,1.073472114372363,-4.280276718904419,-0.2310781415583691,0.0,0.0,1.207123661001552,0.0,0.3018948789713069,0.3923351302062381,0.1006782308875499,0.2687277269554355,0.1377004841556868,,-0.0420028353171381,-0.040418031713782,-34.498689934112285,280351000.0,-3426314000.0,-6953274000.0,6022918000.0,477263000.0,451682500.0,298969500.0,144.8725951364204,48.98384664765687,386.92287595360017,0.6212355063789035,1.8373403919739963,0.23260449457321,0.4217435939553219,0.1363806132790714,2021-05-06,-1.66,amc,291290000.0,2025-04-23,2021-03-31,-0.1325301204819277,80.50344262295081,2495807.3114754097
2020-12-31,LYV,USD,1335258,2021-03-01,2021-03-01 16:51:51,2020,Q4,237383000.0,203274000.0,34109000.0,0.1436876272,27646000,302277000.0,-21242000.0,281035000.0,5558000.0,422517000.0,625791000.0,2025000.0,64051000.0,120240000.0,-258155000.0,-1.0875041599,-388014000.0,-1.634548388,-55270000.0,-443284000.0,-1.8673788772,20542000.0,-443332000.0,-1.867581082,-2.09,-2.09,212593719,212593719,https://www.sec.gov/Archives/edgar/data/1335258/000133525821000009/0001335258-21-000009-index.htm,https://www.sec.gov/Archives/edgar/data/1335258/000133525821000009/lyv-20201231.htm,1.116604014063087,-2.0853485328040198,-0.5914332774807896,-0.7404028714507789,11.937262360982546,-0.6291437048523527,-16.405061336736857,-2.219124827483732,30.694147647889825,15621386472.12,19544931472.120003,-8.809079015342904,65.80667727731135,-124.2405573000358,-99.24326719049586,-33.11215263330592,-33.11215263330592,82.33500912921313,-75.71006361341055,-155.44543263307753,-124.16969900651188,-0.0283798112793143,-0.0100762502919267,-13.695878517589003,0.6101753817035928,-15.198407933218416,0.9613332458859564,-6.057891367816271,0.2710822592955116,0.0,0.0,1.2733725666960145,0.1164615831799244,0.3167216010345534,-0.2518789517636298,0.133413091923179,0.2633898868928809,0.041805858043752,,-0.0583888217673391,-0.0612722761097387,-36.73305842116624,-146801000.0,-3487613000.0,-7073287000.0,5732697000.0,525803500.0,459660500.0,317788000.0,184.53747740992404,367.6844062693704,9.740547241654122,0.4877058105659353,0.2447751345050647,9.239727272727272,0.9397166427850742,0.1489695939699893,2021-02-25,-2.42,amc,216790000.0,2025-04-23,2020-12-31,-0.1570247933884297,63.123906250000005,2421345.3125
2020-09-30,LYV,USD,1335258,2020-11-05,2020-11-05 16:34:33,2020,Q3,184018000.0,130749000.0,53269000.0,0.2894771164,0,437564000.0,0.0,437564000.0,10977000.0,557502000.0,688251000.0,2810000.0,66093000.0,119938000.0,-369824000.0,-2.0097164408,-504441000.0,-2.7412590073,-54921000.0,-559362000.0,-3.0397135063,-16904000.0,-521912000.0,-2.8362008064,-2.45,-2.45,212593719,212593719,https://www.sec.gov/Archives/edgar/data/1335258/000133525820000163/0001335258-20-000163-index.htm,https://www.sec.gov/Archives/edgar/data/1335258/000133525820000163/lyv-20200930.htm,0.8655853092254339,-2.454973752070257,-2.664909399322376,-2.8664017115199907,12.347881265485553,2.511885123003093,-13.085344257042705,-0.4676996125177151,30.805223365982886,11454549579.72,15312371579.72,-5.486820373798649,62.246897475899104,-20.218323374783555,-18.79708618071841,-115.2021480410339,-115.2021480410339,83.21127052636156,-41.40448315879986,-27.027730604243636,-25.127829445583128,-0.0455637296226848,-0.0531997348092054,-65.20068389821985,0.5955578607774006,-10.431507960543394,1.0773065890902758,-7.63229086287504,1.0443997507641145,0.0,0.0,2.3778326033322825,0.0,0.3046156831089187,-0.0756094418252453,0.2327815757154191,0.3571511947839717,0.3080948602854068,,-0.0644968559562959,-0.0689488078432056,-32.90734685345996,276980000.0,-2781862000.0,-6491563000.0,6160983000.0,591726500.0,106837500.0,534975500.0,276.2695497179624,61.17224605924328,422.3499988527637,0.3257688011287493,1.471255443405462,0.2130934065217674,5.249039525294177,0.2014923121976148,2020-11-05,-2.12,amc,165240653.0,2025-04-23,2020-09-30,0.1556603773584906,51.56375,2371891.75
2020-06-30,LYV,USD,1335258,2020-08-05,2020-08-05 16:34:29,2020,Q2,74084000.0,194557000.0,-120473000.0,-1.6261675935,0,344268000.0,0.0,344268000.0,5173000.0,467035000.0,661592000.0,2429000.0,52689000.0,122767000.0,-466741000.0,-6.3001592787,-588067000.0,-7.9378408293,-51700000.0,-639767000.0,-8.6356973166,-29183000.0,-565922000.0,-7.6389233843,-2.67,-2.67,211693923,211693923,https://www.sec.gov/Archives/edgar/data/1335258/000133525820000150/0001335258-20-000150-index.htm,https://www.sec.gov/Archives/edgar/data/1335258/000133525820000150/lyv-20200630.htm,0.3499580854760767,-2.67330300265634,-4.827890123232304,-5.128040449229145,15.541551469099092,4.807686425651434,-10.867019550674584,1.6151857131959333,30.607042980633885,9384391606.59,12520975606.59,-4.1456206008027605,126.67231259907672,-9.182064808533957,-8.644627599742073,27.445760346830447,27.445760346830447,169.01052327884562,-26.82638895359525,-12.251024286438332,-11.53395721768648,-0.060304601909685,-0.1156787829738133,18.79545514367186,0.5529573320255027,-6.720180999740756,1.2694210341849603,-11.1610962439978,1.673864693473789,0.0,0.0,4.646995302629447,0.0,0.2855063111432332,-0.0621700822378881,0.8576750715404136,0.5175657953684623,0.5201932940985908,,-0.0665544028534339,-0.0681500374515598,-31.282747308717028,940898000.0,-2300482000.0,-6171348000.0,6801452000.0,689006000.0,106323000.0,602296000.0,751.4740024836673,57.73392887431447,211.11422359514177,0.1197646221992305,1.5588753745813502,0.4263095042454122,-1.6551056518242304,0.3001503259968403,2020-08-05,-2.1,amc,57713378.0,2025-04-23,2020-06-30,0.2714285714285713,43.83349206349207,5124083.619047619
2020-03-31,LYV,USD,1335258,2020-05-07,2020-05-07 16:59:55,2020,Q1,1365693000.0,873820000.0,491873000.0,0.3601636678,0,542333000.0,0.0,542333000.0,-4628000.0,664413000.0,1538233000.0,4473000.0,43999000.0,122080000.0,-50460000.0,-0.0369482746,-172670000.0,-0.1264339789,-41582000.0,-214252000.0,-0.1568815246,-3330000.0,-199324000.0,-0.1459508103,-0.94,-0.94,211048294,211048294,https://www.sec.gov/Archives/edgar/data/1335258/000133525820000081/0001335258-20-000081-index.htm,https://www.sec.gov/Archives/edgar/data/1335258/000133525820000081/lyv-20200331.htm,6.470997581245551,-0.944447340569358,2.99303532868169,2.592354525263303,15.493434881781134,7.933909193314777,-7.582236130276419,4.0718358045576055,24.796357747388377,9594255445.24,11513622445.24,-12.033492511237986,7.025191932037434,15.188594522879646,17.53618170546433,11.164497337814218,11.164497337814218,8.430608083397953,-228.1732549591756,18.22713016225116,21.04436101792686,-0.0207753484507117,0.0570249565610053,6.038524286848028,0.4374872064480513,-38.037395957193816,1.0255745386523965,-3.924407372894839,-2.9948274717668144,0.0,0.0,0.3971119424350861,0.0,0.2760756616142183,0.1338710571100645,0.061919479707372,0.692685124508519,0.0085905104587927,,-0.0229358171628162,-0.0232128707498077,-28.303761128720613,120969000.0,-1600218000.0,-5335981000.0,5928812000.0,894440000.0,596982500.0,382161500.0,50.04703106774363,9.047172186491496,77.06338834084822,1.798308472647979,9.947859744990891,1.1678697490166623,-0.2319463224701345,0.4006808034183872,2020-05-07,-0.68,amc,1409278946.0,2025-04-23,2020-03-31,0.3823529411764704,61.77725806451613,4323285.177419355
2019-12-31,LYV,USD,1335258,2020-06-30,2020-06-30 16:37:33,2019,Q4,2889448000.0,2187735000.0,701713000.0,0.2428536523,27512000,671506000.0,27800000.0,671506000.0,-531000.0,786453000.0,2974188000.0,2177000.0,47627000.0,114947000.0,36905000.0,0.0127723358,-82920000.0,-0.0286975228,-46815000.0,-129735000.0,-0.0448995794,6904000.0,-185311000.0,-0.064133703,-0.88,-0.88,210783610,211048294,https://www.sec.gov/Archives/edgar/data/1335258/000133525820000134/0001335258-20-000134-index.htm,https://www.sec.gov/Archives/edgar/data/1335258/000133525820000134/lyv-20191231.htm,13.708124649729644,-0.8791527956087288,2.072556779912821,1.5172384608082194,11.719896058332049,9.077802586263704,-6.281992228902428,5.436001404473526,23.02415733367504,15064704606.7,17399830606.699997,-20.32354340365655,5.213696390002519,34.483976840917364,47.10531788254864,13.147531555305372,13.147531555305372,6.021852826802904,471.4762391735536,39.82921479990202,54.40694479110969,-0.0123010045558797,0.0212290256164575,4.1939292384493205,0.4378331419241655,63.273973716298606,1.0207663893189185,-1.7410292481155647,-3.1971911386939307,0.0,0.0,0.2323994063918091,0.0095215418308272,0.2949805546204017,0.2679387722868372,0.0405101597260099,1.018312787632561,0.0041049363061733,,-0.0124268148752745,-0.0239481097365709,-27.57169781844044,85300000.0,-1324141000.0,-4869264000.0,5842844000.0,1122456500.0,613017500.0,400965000.0,32.06505879323663,45.50425440009873,0.6625756775843509,2.806793543724404,1.9778370437337551,135.83354029554204,-0.1617278455603847,0.555318319104602,2020-02-27,-0.7,amc,2331259181.0,2025-04-23,2019-12-31,0.2571428571428572,67.77625,1899147.578125
2019-09-30,LYV,USD,1335258,2019-10-31,2019-10-31 16:33:23,2019,Q3,3773684000.0,2800429000.0,973255000.0,0.2579058024,0,587213000.0,0.0,587213000.0,-5384000.0,713519000.0,3513948000.0,5863000.0,36587000.0,126306000.0,384145000.0,0.1017957518,260041000.0,0.0689090554,-38789000.0,221252000.0,0.0586302404,27280000.0,155345000.0,0.041165344,0.74,0.71,210621971,218957376,https://www.sec.gov/Archives/edgar/data/1335258/000133525819000141/0001335258-19-000141-index.htm,https://www.sec.gov/Archives/edgar/data/1335258/000133525819000141/lyv-20190930.htm,17.916858255969885,0.7375536334716002,-1.2363430024116524,-1.674193809533764,8.523165895166748,9.218639398261068,-4.848083963662082,6.111769792525586,19.041850102143428,13972661556.14,16151540556.14,22.486500299559047,3.7026580805759046,-53.65824845580471,-39.62504198870179,10.854466423315024,10.854466423315024,4.28004585337299,42.045427003188905,-62.02564719851307,-45.80412043531034,0.0111177816320711,-0.0252365663179644,3.087181196218673,0.3987149564473555,5.672022283252418,0.9723064667831162,7.10746986634597,-1.3424669539933598,0.0,0.0,0.1556073587507592,0.0,0.2972530817036353,-0.3541499456607309,0.0244379232601351,0.7301395024781088,0.0031793865093102,10.070975890743275,0.0360917567076319,0.0221782909302932,-23.386963034355045,-109649000.0,-1021113000.0,-4175762000.0,5046738000.0,1156109500.0,145092000.0,829465500.0,28.988079023044858,3.8536595643024696,25.254759181539686,3.1047245292953725,23.35442415144692,3.563684743657613,0.1206775874270648,0.4378508071221116,2019-10-31,0.77,amc,4092586873.0,2025-04-23,2019-09-30,-0.0779220779220779,69.92828125,1044552.15625
2019-06-30,LYV,USD,1335258,2019-07-25,2019-07-25 16:36:17,2019,Q2,3157009000.0,2327414000.0,829595000.0,0.2627787884,0,554284000.0,0.0,554284000.0,430000.0,658110000.0,2985524000.0,3818000.0,36792000.0,103826000.0,275311000.0,0.0872062766,171586000.0,0.0543508112,-26716000.0,144870000.0,0.0458883709,28750000.0,89840000.0,0.0284573151,0.43,0.41,209998048,219977612,https://www.sec.gov/Archives/edgar/data/1335258/000133525819000102/0001335258-19-000102-index.htm,https://www.sec.gov/Archives/edgar/data/1335258/000133525819000102/lyv-2019630x10q.htm,15.033515930586171,0.4278135004378707,-0.8368030163785142,-1.26736892335304,10.811248112172928,8.538574606179196,-5.976136501992628,5.591209114477103,19.33256541508424,14103468903.679998,15856136903.679998,39.24607330721282,4.4673515038062925,-80.25783689290775,-52.99167334979053,12.011713141993775,12.011713141993775,5.022518752300041,57.59354658433553,-90.2316485439346,-59.57706101440943,0.0063700640327258,-0.0188708892696998,3.4263364854195784,0.382074379068791,6.36613865773616,0.930339709965189,4.663676886279626,-1.513322425077506,0.0,0.0,0.1755725118300264,0.0,0.2894813344784459,-0.5145367530316912,0.0286403998214765,0.8708608633675573,0.0037126913480449,7.3362034947411985,0.0221144266635344,0.0120085663958501,-24.7947209490252,-320836000.0,-1254977000.0,-4451416000.0,4939602000.0,1008394500.0,136920500.0,829528500.0,31.26625866445107,6.584415149174148,33.76263526815599,2.87850238066148,13.66863995677555,2.665668698109166,0.0765153818572354,0.4305659069745258,2019-07-25,0.4,amc,3080008780.0,2025-04-23,2019-06-30,0.0249999999999998,64.23761904761905,1132414.2698412698
2019-03-31,LYV,USD,1335258,2019-05-02,2019-05-02 16:32:48,2019,Q1,1727828000.0,1151604000.0,576224000.0,0.3334961582,0,501322000.0,0.0,501322000.0,3403000.0,600234000.0,1751838000.0,2548000.0,36515000.0,98912000.0,86941000.0,0.0503180872,-23863000.0,-0.0138109812,-27420000.0,-51283000.0,-0.0296806164,3958000.0,-64756000.0,-0.0374782675,-0.31,-0.31,208908323,208908323,https://www.sec.gov/Archives/edgar/data/1335258/000133525819000044/0001335258-19-000044-index.htm,https://www.sec.gov/Archives/edgar/data/1335258/000133525819000044/lyv-2019331x10q.htm,8.27074754699936,-0.3099732890967681,2.245243240021605,1.928664182517993,12.783301122952388,7.579511324687624,-6.134485125324567,4.9936162667870345,19.23127782706867,13470408667.04,14780929667.04,-52.00448092470196,7.796151391828354,28.71849198814625,33.43246615168498,12.912485973113704,12.912485973113704,8.554630245047539,170.01103814126822,31.51248196789255,36.68507340782401,-0.0048072780567116,0.0299110450142368,3.8161699296784537,0.3864155543107699,15.07368215226418,0.9436948935801754,-0.6535122552375736,-8.490975905577379,0.0,0.0,0.2901457783992388,0.0,0.2780838459823424,0.1409998934015563,0.0382769581231465,0.6686347460368812,0.0076425431235053,,-0.0043418336172822,-0.0087066129842226,-23.769137958184658,-264008000.0,-1281545000.0,-4294236000.0,4658922000.0,882277500.0,615491000.0,399262500.0,47.92325972261128,8.093954171746537,61.4234580637094,1.87800246729744,11.119410623074918,1.4652382467078058,-0.0620739104761466,0.3165790575036112,2019-05-02,-0.32,amc,1895037161.0,2025-04-23,2019-03-31,-0.03125,56.71557377049181,1316282.9836065574
2018-12-31,LYV,USD,1335258,2019-02-28,2019-02-28 16:48:26,2018,Q4,2601855000.0,1976385000.0,625470000.0,0.2403938728,23727000,606676000.0,30900000.0,606676000.0,-5130000.0,715943000.0,2692328000.0,2813000.0,36779000.0,109267000.0,33301000.0,0.0127989454,-90378000.0,-0.0347359864,-39756000.0,-130134000.0,-0.0500158541,5051000.0,-171440000.0,-0.0658914505,-0.82,-0.82,208081770,208908323,https://www.sec.gov/Archives/edgar/data/1335258/000133525819000024/0001335258-19-000024-index.htm,https://www.sec.gov/Archives/edgar/data/1335258/000133525819000024/lyv-20181231x10k.htm,12.504002633195594,-0.8239068708421694,3.296828934125272,2.919217767130682,11.397154109175446,8.03577362879987,-5.676374244605858,5.281486215731441,13.705184264820508,10248027172.5,10691507172.5,-14.944043357005366,3.938738773874793,14.938597356452531,16.87095788280576,9.325026704283331,9.325026704283331,4.109186396820729,321.05664011591244,15.585060236002391,17.601043027578214,-0.0167290735196379,0.0592734572006229,2.561481954647077,0.3313001963307498,13.317317798264316,1.0261897358465608,-2.457326191576715,-5.074601472056811,0.0,0.0,0.2331705648470033,0.0091192629873686,0.3357992563393224,0.1145376889549715,0.0301992232464914,0.7191009179349667,0.0043303719846032,,-0.0194414511368076,-0.0303775685116586,-18.3272686502042,98208000.0,-1181150000.0,-2976714000.0,3898049000.0,1048552500.0,1144049000.0,345484000.0,29.21254258980612,51.33987052117882,0.5726364043442953,3.0808684222990577,1.7530235095328697,157.16779324055665,-0.1559990573085431,0.3776111669945906,2019-02-28,-0.74,amc,2406715875.0,2025-04-23,2018-12-31,0.108108108108108,52.81492063492064,1374009.603174603
2018-09-30,LYV,USD,1335258,2018-11-01,2018-11-01 16:41:06,2018,Q3,3835246000.0,2924356000.0,910890000.0,0.2375049736,0,566747000.0,0.0,566747000.0,-262000.0,666353000.0,3590709000.0,2260000.0,35993000.0,99606000.0,344143000.0,0.0897316626,234219000.0,0.0610701374,-33991000.0,200228000.0,0.0522073421,17031000.0,151894000.0,0.0396047607,0.73,0.7,207614413,216788983,https://www.sec.gov/Archives/edgar/data/1335258/000133525818000148/0001335258-18-000148-index.htm,https://www.sec.gov/Archives/edgar/data/1335258/000133525818000148/lyv-2018930x10q.htm,18.472927503352093,0.7316158729307488,-1.2727921736339185,-1.603347258940062,9.15304950432319,8.9559244617569,-4.886279258463621,6.345363893401755,13.72645549420502,11231939743.3,12145451743.3,18.48647698938075,2.9286099883293017,-42.50497537672658,-33.74191067988873,8.52590976795768,8.52590976795768,3.1667986208185868,35.291875015037355,-45.9619744306528,-36.48619537277922,0.0135233987602726,-0.0296367330672839,2.1359044291397606,0.3305822962019686,2.654454688893861,1.075440354378383,6.507348651126608,-1.4424362844369722,0.0,0.0,0.1477733110209879,0.0,0.3376342373009195,-0.2597086092715231,0.0178940281796786,0.688994638877176,0.0029643470066848,10.220239783807598,0.0429906260519262,0.026941792432516,-16.729954822548855,272249000.0,-1014462000.0,-2771273000.0,4059447000.0,1101003500.0,1097632000.0,819704000.0,29.39385113758022,35.72118784443481,20.878227548219165,3.06186486346236,2.519513079798705,4.310710753206474,0.1152992775861951,0.3305550853061439,2018-11-01,0.63,amc,3451721400.0,2025-04-23,2018-09-30,0.111111111111111,50.6431746031746,1309796.4603174604
2018-06-30,LYV,USD,1335258,2018-07-26,2018-07-26 16:36:31,2018,Q2,2868315000.0,2135107000.0,733208000.0,0.2556232492,0,508590000.0,0.0,508590000.0,-6443000.0,598375000.0,2733482000.0,2705000.0,35992000.0,89785000.0,224618000.0,0.078310088,134725000.0,0.0469700852,-39570000.0,95155000.0,0.0331745293,11799000.0,52187000.0,0.0181943057,0.25,0.24,207331781,215105119,https://www.sec.gov/Archives/edgar/data/1335258/000133525818000113/0001335258-18-000113-index.htm,https://www.sec.gov/Archives/edgar/data/1335258/000133525818000113/lyv-2018630x10q.htm,13.834420300474822,0.2517076723514954,-1.2331539273277163,-1.5091463474188744,11.060841656494524,8.193215684574668,-5.937738990434853,5.609603093121551,13.81381082140996,10070104603.17,10604890603.17,48.24048423539388,3.510808472280764,-39.38681045703088,-32.183757448752615,8.658366589172081,8.658366589172081,3.6972545216163497,47.21300431474771,-41.478498244508586,-33.89291773945809,0.0051823692063309,-0.0310715739637404,2.431582848186104,0.3158840984991414,2.3808688528969184,1.0134557524322214,3.743192931762614,-3.067229713517923,0.0,0.0,0.1773131612113732,0.0,0.3272487997900994,-0.2238101943114615,0.0199496917179598,0.637322492621262,0.0042101373105812,5.636448624015917,0.0244295826471106,0.0086646002590397,-18.175009069159543,56605000.0,-1231082000.0,-2990739000.0,3876840000.0,866614500.0,1117708000.0,917663500.0,29.79030545808253,43.6101282043476,40.50914075969026,3.021117058589331,2.063740780083918,2.2217207847952425,0.0448708523888503,0.2759924200911581,2018-07-26,0.19,amc,2270749375.0,2025-04-23,2018-06-30,0.263157894736842,42.80390625,1674502.453125
2018-03-31,LYV,USD,1335258,2018-05-03,2018-05-03 16:32:36,2018,Q1,1482384000.0,932084000.0,550300000.0,0.3712263489,0,468421000.0,0.0,468421000.0,-328000.0,556292000.0,1488376000.0,1183000.0,29741000.0,87871000.0,83468000.0,0.056306598,-6030000.0,-0.0040677719,-28114000.0,-34144000.0,-0.0230331682,6884000.0,-50291000.0,-0.0339257574,-0.24,-0.24,206728167,206728167,https://www.sec.gov/Archives/edgar/data/1335258/000133525818000064/0001335258-18-000064-index.htm,https://www.sec.gov/Archives/edgar/data/1335258/000133525818000064/lyv-2018331x10q.htm,7.170691935753486,-0.2432711552074082,3.7512933590709,3.4076585219274933,14.23321767275187,7.918229159357853,-6.115354372585329,5.503222016185148,14.011414322654929,8711524957.380001,8635930957.380001,-43.30558627478078,5.876699261041674,11.233458961054705,12.36626256088715,7.657332354766887,7.657332354766887,5.825704377124956,103.46397370704942,11.135980953374478,12.258954683494713,-0.0057729272711772,0.0808651761254744,2.519896349647657,0.3144280677217164,-0.9056644462548522,1.046404667298832,-0.202750411889311,-18.901676903578043,0.0,0.0,0.3159916728728858,0.0,0.3181926763643032,0.0916043626160222,0.0479221308378935,0.8084464726701642,0.0073327828686764,,-0.0015100818223875,-0.0080900378047719,-16.994339963358744,205977000.0,-1264216000.0,-2835937000.0,3994015000.0,754555500.0,1117569000.0,445889500.0,47.58728507593174,115.95001094321972,84.42166156698325,1.8912614967715269,0.776196563224756,1.0660770983356056,-0.0442052227753014,0.3436348371434067,2018-05-03,-0.29,amc,1791214000.0,2025-04-23,2018-03-31,-0.1724137931034482,44.35491803278688,1610125.475409836
2017-12-31,LYV,USD,1335258,2018-06-29,2018-06-29 16:09:57,2017,Q4,2546156000.0,1947491000.0,598665000.0,0.2351250277,13869000,651427000.0,40300000.0,651427000.0,-5273000.0,801144000.0,2748635000.0,2270000.0,26158000.0,149717000.0,-60573000.0,-0.0237899799,-202017000.0,-0.0793419571,-31108000.0,-233125000.0,-0.0915595902,-59344000.0,-229713000.0,-0.0902195309,-1.12,-1.11,205970734,206728167,https://www.sec.gov/Archives/edgar/data/1335258/000133525818000103/0001335258-18-000103-index.htm,https://www.sec.gov/Archives/edgar/data/1335258/000133525818000103/lyv-20171231x10ka.htm,12.361736789266384,-1.1152700946339298,0.9988991931251748,0.6837427690091157,8.862045420491631,8.073336282813848,-5.777548959941076,5.734775892967396,11.293434532305934,8768174146.38,9242811146.38,-9.54253149188335,3.443690860410752,42.61691299080411,62.26025623889626,7.423132271341928,7.423132271341928,3.6301040259826967,-152.5896215538276,44.92384296203048,65.63051562780922,-0.0261984988168646,0.0160616107354737,1.947144250403828,0.3064869927932963,-7.835784920674228,0.8813927872518871,-7.722952825139536,-1.183926896496165,0.0,0.0,0.2558472458089763,0.005447034667161,0.3801675127857326,0.3155037327941519,0.0254945101557013,0.433571337924217,0.0073970330176155,,-0.0352273415638462,-0.0493859249694607,-16.814808748508902,-424258000.0,-1190006000.0,-2688650000.0,3314555000.0,858259500.0,993885000.0,365821500.0,25.63761214945196,47.79856235535877,0.8072078381876989,3.5104673350760507,1.882901818906065,111.49544856014198,-0.1944749220281816,0.3151564241160591,2018-02-27,-1.08,amc,2131665488.0,2025-04-23,2017-12-31,0.037037037037037,43.51571428571428,1889634.7142857143
2017-09-30,LYV,USD,1335258,2017-11-02,2017-11-02 16:32:07,2017,Q3,3559418000.0,2732926000.0,826492000.0,0.2321986347,0,515756000.0,0.0,515756000.0,-920000.0,625108000.0,3358034000.0,1471000.0,26627000.0,109352000.0,310434000.0,0.08721482,201347000.0,0.0565673939,-26892000.0,174455000.0,0.0490122262,25685000.0,114996000.0,0.0323075289,0.56,0.53,205287843,223132186,https://www.sec.gov/Archives/edgar/data/1335258/000133525817000131/0001335258-17-000131-index.htm,https://www.sec.gov/Archives/edgar/data/1335258/000133525817000131/lyv-2017930x10q.htm,17.338669197279255,0.5601695566551401,-1.8821231416026911,-2.154384758185608,8.773110836378168,9.668468288207402,-4.411391277563377,6.717270637404476,11.392598635273302,8940285562.65,9451407562.65,19.436079434610765,2.5117267942820987,-23.13876230378619,-20.21458786993888,6.48328798269583,6.48328798269583,2.655323865488684,30.44578739007325,-24.46162054845397,-21.370269140839625,0.0128626763870296,-0.0494692252166614,1.676706739938534,0.2960281538088866,1.6464755793502,1.1091706903189882,7.561760618920644,-2.5971432412448747,0.0,0.0,0.1448989694382621,0.0,0.3700678725268624,-0.1446566436407964,0.0157025671050716,0.5111200526739337,0.002196988384056,9.20126277121612,0.036772518387049,0.0233726956769171,-14.244354206595665,350752000.0,-905605000.0,-2262076000.0,4085990000.0,928161000.0,967748000.0,782258000.0,25.062903542095928,31.39932438712208,23.51905613251145,3.590964624223806,2.866303710563659,3.8266841786898462,0.0833924352453345,0.2722616165829167,2017-11-02,0.56,amc,3760894490.0,2025-04-23,2017-09-30,-0.0535714285714286,38.815714285714286,1684650.8095238097
2017-06-30,LYV,USD,1335258,2017-08-09,2017-08-09 16:35:25,2017,Q2,2818693000.0,2142874000.0,675819000.0,0.239763252,0,466401000.0,0.0,466401000.0,3466000.0,562271000.0,2705145000.0,1031000.0,27927000.0,95870000.0,214336000.0,0.0760409168,113433000.0,0.0402431198,-22894000.0,90539000.0,0.0321209156,9984000.0,62641000.0,0.0222234206,0.31,0.29,204688374,213879152,https://www.sec.gov/Archives/edgar/data/1335258/000133525817000116/0001335258-17-000116-index.htm,https://www.sec.gov/Archives/edgar/data/1335258/000133525817000116/lyv-2017630x10q.htm,13.770655093483716,0.30603105968295,0.2097725394017737,-0.1308721129417931,10.830180320842258,8.813661297636768,-5.461619427393566,5.9927145642380255,11.449179815166248,7133389833.900001,7232164833.900001,28.469332521431653,2.5307438000165328,166.13232646839631,-266.2904970098552,5.815394613981783,5.815394613981783,2.565786637246412,33.742184392262615,168.4327363617309,-269.97778236150515,0.008781379043987,-0.0037552973584445,1.88774937043417,0.2806287058745967,0.4608418557778441,1.0384764653186356,4.061768181329896,0.5330271243249953,0.0,0.0,0.1654671154325781,0.0,0.3541186699123279,1.623876286739019,0.0247369968989173,0.727297381871284,0.0028967326345934,6.42370825463005,0.0225217428963129,0.0117537633395766,-15.421294762935585,147621000.0,-1117930000.0,-2463094000.0,3886978000.0,724872500.0,953225000.0,795066500.0,27.62260026189443,41.244893540170814,35.71399904987414,3.2582015866245446,2.182088309001058,2.5200202272032364,0.051067184395735,0.3406446523435669,2017-08-09,0.19,amc,1846729896.0,2025-04-23,2017-06-30,0.5263157894736841,33.5284126984127,1213894.349206349
2017-03-31,LYV,USD,1335258,2017-05-04,2017-05-04 16:33:38,2017,Q1,1413181000.0,925500000.0,487681000.0,0.3450945066,0,409111000.0,0.0,409111000.0,2842000.0,509706000.0,1435206000.0,945000.0,26010000.0,100595000.0,85356000.0,0.0603999063,-21366000.0,-0.0151190824,-19883000.0,-41249000.0,-0.0291887593,6521000.0,-45570000.0,-0.0322464001,-0.22,-0.22,203730897,203730897,https://www.sec.gov/Archives/edgar/data/1335258/000133525817000068/0001335258-17-000068-index.htm,https://www.sec.gov/Archives/edgar/data/1335258/000133525817000068/lyv-2017331x10q.htm,6.936508015276642,-0.2236774130533573,3.733851915450998,3.444838315319448,10.933810397938808,8.240689187168307,-6.060715474099149,5.4814611649209,11.509167409202542,6187307341.89,6278515341.89,-33.943972689763,4.378283703142061,8.133691610619678,8.816088657903736,5.540493508255705,5.540493508255705,4.442824621821267,73.55681313428465,8.253591545022289,8.946047906713973,-0.0073650778088033,0.1134289863457177,2.076362242700424,0.2963837108042329,1.068559913772904,1.0175507744260144,-0.8214532871972319,-15.924241155536947,0.0,0.0,0.2894965329989576,0.0,0.3724204855693417,0.0774036053587414,0.0416655757471972,0.5853273025498286,0.0056156996166803,,-0.0056958996284215,-0.0092812877873365,-15.258873571837263,62118000.0,-1234755000.0,-2543185000.0,3757922000.0,576787000.0,852963000.0,377453500.0,37.23331972337584,89.89507293354943,71.94097244732576,2.41718978239526,1.001167217101299,1.251025624735568,-0.040806165787473,0.28901360013155,2017-05-04,-0.33,amc,2119771500.0,2025-04-23,2017-03-31,-0.3333333333333333,28.621290322580645,977790.6451612904
2016-12-31,LYV,USD,1335258,2017-02-23,2017-02-23 16:34:33,2016,Q4,1797544000.0,1264814000.0,532730000.0,0.2963654854,0,461410000.0,33200000.0,461410000.0,-9418000.0,569820000.0,1834634000.0,742000.0,30541000.0,108410000.0,47852000.0,0.026620767,-37215000.0,-0.0207032484,-53884000.0,-91099000.0,-0.0506797052,1872000.0,-118108000.0,-0.0657052067,-0.58,-0.58,202592057,203730897,https://www.sec.gov/Archives/edgar/data/1335258/000133525817000031/0001335258-17-000031-index.htm,https://www.sec.gov/Archives/edgar/data/1335258/000133525817000031/lyv-20161231x10k.htm,8.872726930256698,-0.5829843565880769,2.3592928917247726,2.0615467663670546,7.535295423749017,8.374385576232143,-6.077735811725334,5.558046138008264,11.568044841955476,5388948716.200001,6175410716.200001,-11.406824085159348,2.997950935387396,11.2745645499546,12.902933095655966,4.785854478266739,4.785854478266739,3.4354712408708776,129.0523011828137,12.91997204073862,14.785984336758029,-0.0219167051348901,0.0775017581340997,2.054191947538934,0.3419518097011561,16.43530050990554,1.0866573942505602,-1.218525915981795,-5.141108517709824,0.0,0.0,0.2566891269420943,0.0,0.4328459288857061,0.1262014251821228,0.033557453948276,0.5564154598284291,0.0041645712149466,,-0.0087164678713271,-0.0307863061567659,-15.335408732238696,213207000.0,-1231301000.0,-2394131000.0,3892628000.0,677177000.0,778544000.0,274198500.0,28.485667110234857,55.60932279370722,1.0754624790680685,3.159483667758764,1.6184336632523144,83.68492788143443,-0.1048901614186654,0.2977461253577182,2017-02-23,-0.58,amc,1829079859.0,2025-04-23,2016-12-31,-0.0,27.51888888888889,934176.8571428572
2016-09-30,LYV,USD,1335258,2016-11-07,2016-11-07 16:34:17,2016,Q3,3170416000.0,2428003000.0,742413000.0,0.2341689545,0,446012000.0,0.0,446012000.0,-2606000.0,550874000.0,2978877000.0,625000.0,25249000.0,104862000.0,296401000.0,0.0934896241,191286000.0,0.060334669,-44701000.0,146585000.0,0.0462352575,13824000.0,102503000.0,0.0323310884,0.51,0.49,202118412,217690217,https://www.sec.gov/Archives/edgar/data/1335258/000133525816000248/0001335258-16-000248-index.htm,https://www.sec.gov/Archives/edgar/data/1335258/000133525816000248/lyv-2016930x10q.htm,15.685933649627133,0.5071433076567018,-1.9367805046875195,-2.1389392273673717,5.144043977547182,9.043317636989944,-4.808686108220561,6.336671594273163,10.174496126557733,5554213961.76,6545711961.76,13.546466839409575,1.751888068240887,-14.18849473829954,-12.84748984374964,4.336661540868767,4.336661540868767,2.064622422344576,22.083973946646605,-16.721321930930188,-15.140930566919335,0.0184549966396179,-0.0778362164253046,1.5859389517769946,0.3165333988672951,3.345123666924201,1.0553301911401023,7.575983207255732,-2.9485993627646674,0.0,0.0,0.1406793304096371,0.0,0.4362992593613025,-0.104378747199579,0.0128878986227674,0.3896549751101447,0.0025526618588853,8.50329426262046,0.0414195005002482,0.0283370064390852,-13.327815973539312,126208000.0,-971924000.0,-2182003000.0,3646543000.0,709990000.0,794696000.0,656513000.0,22.296007842503947,28.748922468382453,19.767467338384677,4.036597073150857,3.1305521137002743,4.552935308269718,0.0800330741638935,0.2021587226798516,2016-11-07,0.48,amc,3105713632.0,2025-04-23,2016-09-30,0.0208333333333333,26.08453125,1053612.59375
2016-06-30,LYV,USD,1335258,2016-07-28,2016-07-28 16:34:51,2016,Q2,2179258000.0,1605688000.0,573570000.0,0.2631950875,0,404266000.0,0.0,404266000.0,-7353000.0,499690000.0,2105378000.0,650000.0,25284000.0,95424000.0,169304000.0,0.077688828,74159000.0,0.0340294724,-32292000.0,41867000.0,0.0192115849,5406000.0,26449000.0,0.0121366997,0.13,0.13,201896009,208601733,https://www.sec.gov/Archives/edgar/data/1335258/000133525816000235/0001335258-16-000235-index.htm,https://www.sec.gov/Archives/edgar/data/1335258/000133525816000235/lyv-2016630x10q.htm,10.793962747426075,0.1310030848603847,-0.0318134074656225,-0.2705452191479426,7.489494257412488,8.461276715975103,-5.65537182064852,5.886728548457835,10.180448886436384,4744556211.5,5262565211.5,44.84627217947749,2.177142959438488,-738.6822686439358,-86.86163471678078,3.992030515175762,3.992030515175762,2.4148426719094296,31.08352556053017,-819.3313422855364,-96.34515783933212,0.005574599355761,-0.0115125625169337,1.7081161490845236,0.2882273484523014,3.0596382837971934,0.9823108425717249,2.9330406581237147,-0.1761608293793368,0.0,0.0,0.1855062594699663,0.0,0.4046461196582459,-7.504125797913748,0.022117160978645,0.5051035378940308,0.0037723849126629,4.165518093902919,0.0158880158251981,0.0063073961964843,-14.647322721470934,-53482000.0,-1141797000.0,-2365176000.0,3509425000.0,557621500.0,846365500.0,763702000.0,26.206433565920147,45.614596359940414,43.7051718640234,3.434271198086239,1.9730526450309591,2.059252856389862,0.0222539707380772,0.23873181168232,2016-07-28,0.08,amc,1341081846.0,2025-04-23,2016-06-30,0.625,22.83265625,1297504.375
2016-03-31,LYV,USD,1335258,2016-05-03,2016-05-03 16:32:45,2016,Q1,1207716000.0,784203000.0,423513000.0,0.3506726747,0,360687000.0,0.0,360687000.0,8547000.0,455642000.0,1239845000.0,556000.0,25432000.0,94955000.0,71360000.0,0.0590867389,-33290000.0,-0.0275644274,-15737000.0,-49027000.0,-0.0405948087,6927000.0,-57854000.0,-0.0479036462,-0.29,-0.29,201696142,201696142,https://www.sec.gov/Archives/edgar/data/1335258/000133525816000187/0001335258-16-000187-index.htm,https://www.sec.gov/Archives/edgar/data/1335258/000133525816000187/lyv-2016331x10q.htm,5.98779921135031,-0.2868374150656783,2.565234986001864,2.4131200288402144,8.424955396519186,8.273564300501098,-5.48015439978024,5.872140082877738,10.224652685721674,4499840928.02,4837400928.02,-19.444813357849068,3.725909839747093,8.697058991376078,9.24529229104387,3.7992962846803575,3.7992962846803575,4.005412636762284,67.78869013480941,9.349477439070116,9.938836999776049,-0.0128568989271931,0.1081631568283377,1.7197413347652966,0.2940363559512147,4.730381165919282,1.0136752422992397,-1.3089808115759674,-9.246845623190476,0.0,0.0,0.2986521665689616,0.0,0.4004622953025288,0.0592986443704846,0.0254041513070953,0.3231109472908219,0.0073883263946159,,-0.0093928832930958,-0.0139303104041268,-14.005254250227551,40017000.0,-1105326000.0,-2292174000.0,3536879000.0,466640500.0,800235000.0,381024500.0,35.82074759297716,100.87053989847016,85.80621344218271,2.512510375904186,0.8922327578556459,1.0488750917862508,-0.0488471683265956,0.1521149571616496,2016-05-03,-0.31,amc,1291006758.0,2025-04-23,2016-03-31,-0.0645161290322581,21.851967213114754,1293334.9016393442
2015-12-31,LYV,USD,1335258,2016-06-29,2016-06-29 14:03:52,2015,Q4,1736725000.0,1221763000.0,514962000.0,0.2965132649,0,421653000.0,28600000.0,421653000.0,-6513000.0,546728000.0,1768491000.0,1109000.0,26024000.0,125075000.0,92394000.0,0.0532001324,-40448000.0,-0.0232898127,-30499000.0,-70947000.0,-0.0408510271,2890000.0,-94402000.0,-0.0543563316,-0.47,-0.47,201564509,201696142,https://www.sec.gov/Archives/edgar/data/1335258/000133525816000225/0001335258-16-000225-index.htm,https://www.sec.gov/Archives/edgar/data/1335258/000133525816000225/lyv2015123110ka.htm,8.616224198477322,-0.4683463396822503,1.6013632638075188,1.3781840929148892,6.465051841046084,8.486781767716856,-5.163413961929181,6.136759919376481,10.27481479886918,4952439986.13,5694328986.13,-13.115294130765236,2.851597107273748,15.343177001313595,17.827806986245154,4.003741440564031,4.003741440564031,3.2787741214815243,61.63093908836072,17.641626709781956,20.49846103440332,-0.0190617150867826,0.0560921486737846,1.6532673432216098,0.3321855008600216,8.029623135701453,1.089048384594371,-1.5542576083615125,-4.37149396643959,0.0,0.0,0.2427862787718263,0.0,0.4469277599756085,0.1393682345141242,0.0259022009817328,0.3596642014791125,0.0044722106263225,,-0.0102737755626539,-0.0277257767311649,-13.870685935091876,187109000.0,-1040761000.0,-2157292000.0,3669786000.0,541972000.0,735240000.0,284889500.0,23.454490492161973,53.15214161830077,1.0598782251549606,3.8372182942996025,1.6932525625460817,84.91541562413121,-0.0763181786211763,0.2231791708926297,2016-02-25,-0.27,amc,1182451063.0,2025-04-23,2015-12-31,0.7407407407407405,25.614375,995179.40625
2015-09-30,LYV,USD,1335258,2015-10-29,2015-10-29 16:32:21,2015,Q3,2622917000.0,1974322000.0,648595000.0,0.2472800321,0,391963000.0,0.0,391963000.0,-8127000.0,491017000.0,2465339000.0,460000.0,25844000.0,99054000.0,253189000.0,0.0965295509,153510000.0,0.0585264421,-35551000.0,117959000.0,0.0449724486,13577000.0,78931000.0,0.0300928318,0.39,0.38,201392591,208738780,https://www.sec.gov/Archives/edgar/data/1335258/000133525815000127/0001335258-15-000127-index.htm,https://www.sec.gov/Archives/edgar/data/1335258/000133525815000127/lyv-2015930x10q.htm,13.023900169197386,0.3919260366435228,-1.8855212007277864,-2.035288378607732,5.27021870432165,8.912428163755042,-4.848773210331258,6.611156812615812,10.238400478198326,4841477887.639999,5816188887.639999,15.334526002584534,1.84583724442672,-12.749790344823952,-11.811593999492548,3.6362773840314007,3.6362773840314007,2.2174506046664835,22.971728185821657,-15.316643108629814,-14.18956429410674,0.016303079727268,-0.0846625781450803,1.52924432080202,0.3249766892660813,3.8497367579160233,1.0773214108128293,5.939869989165764,-3.6378877584257823,0.0,0.0,0.1494378205638989,0.0,0.4423379748374952,-0.0794301214020488,0.0114994107705276,0.3045005754436973,0.0030622394837503,7.635404439971739,0.0325311734864461,0.0225907640349747,-13.197459185576497,164831000.0,-976507000.0,-2173862000.0,3655758000.0,577785500.0,778869500.0,605598000.0,21.663270320791696,34.140266886556496,25.317648286348422,4.154497389695633,2.636183258293143,3.5548325413987625,0.0592825201023254,0.1497671778799449,2015-10-29,0.43,amc,2968037657.0,2025-04-23,2015-09-30,-0.1162790697674418,25.64859375,972247.171875
2015-06-30,LYV,USD,1335258,2015-08-10,2015-08-10 16:33:01,2015,Q2,1765777000.0,1279099000.0,486678000.0,0.2756169097,0,353181000.0,0.0,353181000.0,8500000.0,441752000.0,1720851000.0,394000.0,25650000.0,88571000.0,130740000.0,0.0740410595,42245000.0,0.0239243121,-17123000.0,25122000.0,0.0142271646,4910000.0,11951000.0,0.0067681253,0.06,0.06,200767811,208778589,https://www.sec.gov/Archives/edgar/data/1335258/000133525815000114/0001335258-15-000114-index.htm,https://www.sec.gov/Archives/edgar/data/1335258/000133525815000114/lyv-2015630x10q.htm,8.795120050394932,0.0595264745900925,0.0727606677945001,-0.1164081028905574,7.599918494902552,8.41823194456207,-5.397384145409644,6.233050974491125,10.241243303688757,5519107124.389999,6023750124.389999,115.45283081729562,3.1255969040201563,377.8140145392935,-236.15194576141369,4.410360209230332,4.410360209230332,3.4113878051362088,46.074270494033954,412.3596744516703,-257.7446461165547,0.0021653864892721,-0.0042345617639344,1.6225575277530055,0.3024439056971041,3.859897506501454,1.0093382417646886,1.6469785575048732,0.7227389669503266,0.0,0.0,0.2000144978669447,0.0,0.4131562358680608,2.5998767798466598,0.0215083784645513,0.4287972361156586,0.0045673944105059,2.889326891365088,0.0084056298237932,0.0030334142599151,-13.829479119040652,25468000.0,-1083621000.0,-2270658000.0,3500962000.0,479385000.0,801554500.0,614824000.0,26.71935923958688,56.909301000157136,46.14376995056677,3.3683442478163084,1.5814638102785956,1.950425812550987,0.009550134409891,0.1891687706850576,2015-08-10,0.06,bmo,1765777000.0,2025-04-23,2015-06-30,0.0,27.305396825396823,843925.3333333334
2015-03-31,LYV,USD,1335258,2015-04-30,2015-04-30 16:33:57,2015,Q1,1120312000.0,721289000.0,399023000.0,0.3561713166,0,338905000.0,0.0,338905000.0,-21028000.0,423446000.0,1144735000.0,1565000.0,25363000.0,84541000.0,52370000.0,0.0467459065,-23935000.0,-0.0213645842,-41846000.0,-65781000.0,-0.0587166789,745000.0,-62168000.0,-0.0554916845,-0.31,-0.31,200155435,200155435,https://www.sec.gov/Archives/edgar/data/1335258/000133525815000047/0001335258-15-000047-index.htm,https://www.sec.gov/Archives/edgar/data/1335258/000133525815000047/lyv-2015331x10q.htm,5.597209988327322,-0.3105986105248653,1.7113999427494937,1.564688962855293,8.027051576191274,7.77080072794426,-4.4993632073992895,5.975096304529528,10.28319815547352,5049921625.05,5476138625.05,-20.30756026030273,4.507602904414128,14.742316725490882,16.12461044906939,4.22252608395181,4.22252608395181,4.888047816188704,104.56632852873784,15.98657880999924,17.485539113324243,-0.0123106861087937,0.0620170020949382,1.6998021653115354,0.3207236336104326,8.138571701355739,1.0582900309176655,-0.94369751212396,-5.149054505005561,0.0,0.0,0.3025094795021387,0.0,0.387469962850252,0.0857257127509881,0.026211448239419,0.3473462580286488,0.0084771028070751,,-0.0062138174105566,-0.0160125240150512,-12.807777365625869,146132000.0,-900572000.0,-2129920000.0,3277864000.0,426922000.0,763280500.0,293333500.0,34.908909303836786,99.1103150054971,71.60218719542375,2.578138412078897,0.908079042983651,1.2569448437987394,-0.0519821932057246,0.1467109798942007,2015-04-30,-0.27,amc,1192590193.0,2025-04-23,2015-03-31,0.148148148148148,25.22819672131148,819571.8032786886
2014-12-31,LYV,USD,1335258,2015-02-26,2015-02-26 16:36:16,2014,Q4,1571855000.0,1127603000.0,444252000.0,0.2826291229,0,379616000.0,28800000.0,379616000.0,2825000.0,491027000.0,1618630000.0,930000.0,26117000.0,111411000.0,-57459000.0,-0.0365548985,-186818000.0,-0.1188519297,-24072000.0,-210890000.0,-0.1341663194,5112000.0,-188414000.0,-0.1198672906,-0.94,-0.94,199659413,200155435,https://www.sec.gov/Archives/edgar/data/1335258/000133525815000026/0001335258-15-000026-index.htm,https://www.sec.gov/Archives/edgar/data/1335258/000133525815000026/lyv-20141231x10k.htm,7.872681665151445,-0.9436770206271216,1.4186208190444796,1.2081924732494331,6.921932601294385,8.27760622535738,-4.400133140730009,6.495831979632235,10.465406907712383,5213107273.43,5894478273.43,-6.917091184081332,3.3165319151130355,18.405200071423277,21.610795115928152,4.019500516926583,4.019500516926583,3.750014011107895,-102.5858137703406,20.81082284496242,24.43540015599415,-0.0361423600393382,0.046273170174241,1.5909585073950194,0.3445684052781721,-11.85838597956804,1.127766275889816,-7.153118658345139,-1.3112887843631078,0.0,0.0,0.2415082816163068,0.0,0.4226916179569001,0.1483330450040778,0.0267289285589319,0.3771081850086616,0.0047701600974644,,-0.0475387333388596,-0.0545001042772171,-13.186166434336858,256910000.0,-878528000.0,-2067968000.0,3483477000.0,513225500.0,737588500.0,248713500.0,24.007996920835573,58.44549012374036,1.0235517287555993,3.7487508973267416,1.5398964027755206,87.92911728009982,-0.1452742348610667,0.2104283457950465,2015-02-26,-0.4,amc,1533517073.0,2025-04-23,2014-12-31,0.0249999999999998,25.21015625,1204697.625
2014-09-30,LYV,USD,1335258,2014-10-30,2014-10-30 16:32:28,2014,Q3,2502008000.0,1876519000.0,625489000.0,0.2499948042,0,376323000.0,0.0,376323000.0,-12587000.0,474248000.0,2350767000.0,864000.0,28113000.0,97925000.0,238961000.0,0.0955076882,150604000.0,0.0601932528,-37914000.0,112690000.0,0.045039824,-3137000.0,103965000.0,0.0415526249,0.52,0.49,199261810,221581583,https://www.sec.gov/Archives/edgar/data/1335258/000133525814000123/0001335258-14-000123-index.htm,https://www.sec.gov/Archives/edgar/data/1335258/000133525814000123/lyv-2014930x10q.htm,12.5563849891758,0.5217507559526836,-1.7680357314831177,-1.927925878019476,6.816659951046314,8.810925686161337,-3.6048402852508463,7.551497198585118,10.555304099666664,4786268676.2,5503124676.2,11.509326879719136,1.912970972195133,-13.58569828215565,-12.458985209885412,3.180826181661101,3.180826181661101,2.1994832455371847,23.029384193236552,-15.620475263268446,-14.325010480474385,0.0217215135700534,-0.0802633587851572,1.379093189785509,0.3431296795442787,2.9998870108511437,1.2540256123072413,5.357094582577456,-3.0416224196430885,0.0,0.0,0.150408391979562,0.0,0.4090770571640835,-0.0904337755675528,0.0127337722341415,0.325351033954557,0.0035823226784246,9.415412145443662,0.0377207717159557,0.0290913476430733,-11.221849284617058,506002000.0,-718307000.0,-1794115000.0,3675931000.0,585272000.0,796835000.0,565845000.0,21.83985822587298,35.63119797881077,23.24211478807302,4.120905871695627,2.5258763416689325,3.8722810217848425,0.0690923590689328,0.1598901465363583,2014-10-30,0.36,amc,1838209959.0,2025-04-23,2014-09-30,0.3611111111111111,23.11453125,1461027.171875
2014-06-30,LYV,USD,1335258,2014-07-31,2014-07-31 16:37:16,2014,Q2,1665785000.0,1184696000.0,481089000.0,0.2888061785,0,325925000.0,0.0,325925000.0,330000.0,427861000.0,1612557000.0,1146000.0,27590000.0,76219000.0,129447000.0,0.0777093082,55686000.0,0.0334292841,-25154000.0,30532000.0,0.018328896,4710000.0,22934000.0,0.0137676831,0.11,0.11,198701762,205989271,https://www.sec.gov/Archives/edgar/data/1335258/000133525814000106/0001335258-14-000106-index.htm,https://www.sec.gov/Archives/edgar/data/1335258/000133525814000106/lyv-2014630x10q.htm,8.38334287141349,0.1154192080088348,-0.1370244517509613,-0.3608020345587071,10.275127806868667,8.493155687265622,-4.222317867518457,7.356673565884131,11.756629515947624,4905946503.780001,5172733503.780001,53.47896685903026,2.94512587385527,-180.18681837073493,-68.4308779749484,3.3561364085117917,3.3561364085117917,3.1052827968675434,39.960242445016114,-189.9854373886216,-72.15217184316242,0.0046747350347847,-0.0146132861303648,1.5792162179911668,0.335918610268738,2.060974761871654,1.1526473309482188,2.0183399782529903,-1.0544109673921462,0.0,0.0,0.1956585033482712,0.0,0.3676575787384388,-1.6331215337716238,0.0266931206608295,0.5833847203453207,0.007533985478318,4.370901774515443,0.0110321869477374,0.0052776034608412,-12.061996712439822,438528000.0,-838982000.0,-1873169000.0,3674457000.0,536256500.0,854468500.0,580599000.0,30.439378431190097,64.63065630338923,49.15845921654163,2.9566963794431604,1.3925280222673588,1.8308140945498828,0.0156890484503866,0.2237775828077458,2014-07-31,0.15,amc,2271525000.0,2025-04-23,2014-06-30,-0.2666666666666666,22.48873015873016,1962889.3333333333
2014-03-31,LYV,USD,1335258,2014-05-06,2014-05-06 16:33:23,2014,Q1,1127316000.0,731151000.0,396165000.0,0.3514232034,0,302405000.0,0.0,302405000.0,1176000.0,406167000.0,1137318000.0,666000.0,24492000.0,82588000.0,74928000.0,0.0664658357,-12308000.0,-0.010917968,-19844000.0,-32152000.0,-0.0285208407,-2055000.0,-32448000.0,-0.0287834112,-0.16,-0.16,197857662,197857662,https://www.sec.gov/Archives/edgar/data/1335258/000133525814000049/0001335258-14-000049-index.htm,https://www.sec.gov/Archives/edgar/data/1335258/000133525814000049/lyv-2014331x10q.htm,5.697611043235717,-0.163996681614483,1.8482832370676656,1.723961541605601,8.233909081569962,8.260670744203983,-4.546091320941617,7.049143237121643,9.260232742465137,4303404148.5,4481978148.5,-33.15615868851701,3.817389399689173,11.767676925159352,12.616290720582588,3.085481351189157,3.085481351189157,3.9757957382845626,59.81713309443733,12.255988286751052,13.139816148684108,-0.0075400773156084,0.0792625996140506,1.2961074102673855,0.2887644514730019,2.383274610292548,0.95605018585067,-0.5025314388371713,-12.150613017908762,0.0,0.0,0.2682522025767398,0.0,0.4047675983498864,0.0672633354935916,0.0218199688463571,0.2978398798856976,0.0088865943533135,,-0.0031073087740282,-0.0087079293199962,-11.916148336979743,-124660000.0,-899479000.0,-1913981000.0,3107234000.0,474135000.0,812879000.0,263190500.0,40.64584375632032,105.63707086497864,63.28376764854319,2.2142485352147534,0.851973642046878,1.422165641272021,-0.0232647679438341,0.124321695462064,2014-05-06,-0.33,amc,2466003750.0,2025-04-23,2014-03-31,-0.5151515151515151,21.72262295081967,1259419.9672131147
2013-12-31,LYV,USD,1335258,2014-02-24,2014-02-24 16:42:56,2013,Q4,1613100000.0,1194924000.0,418176000.0,0.259237493,0,352122000.0,27700000.0,352122000.0,-559000.0,463463000.0,1658387000.0,866000.0,24074000.0,111341000.0,58662000.0,0.0363660033,-50994000.0,-0.0316124233,-25759000.0,-76753000.0,-0.0475810551,4508000.0,-82043000.0,-0.050860455,-0.42,-0.41,197163406,197857662,https://www.sec.gov/Archives/edgar/data/1335258/000133525814000027/0001335258-14-000027-index.htm,https://www.sec.gov/Archives/edgar/data/1335258/000133525814000027/lyv-20131231x10k.htm,8.18153851531658,-0.4161167716893671,0.7756713231054652,0.6144040745573243,6.589376935393376,8.372988849665136,-4.409722968571561,7.14751296191343,9.29665923908821,3895948902.56,4405651902.56,-11.871667608936775,2.4151936659599533,25.474707406855245,32.16124504746653,2.7645979944764085,2.7645979944764085,2.731170976728039,75.10231329583036,28.807537255025046,36.36886775875448,-0.0210585410773971,0.0310933236112006,1.283601376072573,0.3182687281352527,8.688810473560396,0.9576975222543114,-2.118218825288693,-1.8820098202089564,0.0,0.0,0.2182890087409336,0.0,0.4434369117313018,0.2079066786980004,0.0197111152439402,0.2855731491543996,0.0032180274006571,,-0.0145664221582006,-0.0259363980832299,-12.16245853452136,-95414000.0,-869436000.0,-1872570000.0,3131669000.0,508788500.0,770380500.0,224019500.0,24.50163660033476,57.81252196792432,0.9241591933880312,3.6732240163406207,1.5567561652116475,97.38581907090465,-0.0582184004291711,0.1612672485481408,2014-02-24,-0.37,amc,1421064285.0,2025-04-23,2013-12-31,-0.0540540540540541,18.72484375,1156294.71875
2013-09-30,LYV,USD,1335258,2013-11-05,2013-11-05 16:37:24,2013,Q3,2262236000.0,1698731000.0,563505000.0,0.2490920488,0,325005000.0,0.0,325005000.0,5269000.0,444176000.0,2142907000.0,1547000.0,29393000.0,92729000.0,212058000.0,0.0937382307,126037000.0,0.0557134623,-61209000.0,64828000.0,0.0286566035,14410000.0,43774000.0,0.0193498822,0.22,0.22,196396704,202109783,https://www.sec.gov/Archives/edgar/data/1335258/000133525813000032/0001335258-13-000032-index.htm,https://www.sec.gov/Archives/edgar/data/1335258/000133525813000032/lyv-2013930x10q.htm,11.51870654611393,0.222885614210715,-0.5896687553371568,-0.7265956968402076,6.632382180914808,8.754026747821593,-3.5594232783051187,7.585193486750165,9.337453035871722,3643158859.2,4145032859.2,20.80663669758304,1.6104238723104043,-31.458339673082403,-25.53001632224021,2.445553964101665,2.445553964101665,1.8322725211693207,19.54669410821568,-35.791975228177435,-29.046978361749392,0.0120153969924913,-0.0391695793444855,1.2112798020013331,0.3124289246410737,2.366682700016033,1.0585557656157736,4.287993740006124,-2.296977270022611,0.0,0.0,0.1436653823915807,0.0,0.4187162803260636,-0.23220993187058,0.0118873539277069,0.2900063626265785,0.0040247790239391,6.167591625345511,0.0257578464409442,0.013038690423887,-10.70290874127908,130799000.0,-699059000.0,-1691748000.0,3246123000.0,606467500.0,781727000.0,521572500.0,23.011896194738306,40.96406081951763,23.087357562792462,3.911020597276056,2.19704780726033,3.8982373688812193,0.0293843017452425,0.1369269415030508,2013-11-05,0.38,amc,1979456499.0,2025-04-23,2013-09-30,-0.1052631578947368,16.9984375,1047822.96875
2013-06-30,LYV,USD,1335258,2013-08-06,2013-08-06 16:25:54,2013,Q2,1679513000.0,1209918000.0,469595000.0,0.2796018846,0,317531000.0,0.0,317531000.0,-3868000.0,400219000.0,1610137000.0,890000.0,30041000.0,82688000.0,180145000.0,0.1072602594,97806000.0,0.0582347383,-30390000.0,67416000.0,0.0401402073,8401000.0,58130000.0,0.0346112236,0.3,0.3,193069783,196770405,https://www.sec.gov/Archives/edgar/data/1335258/000133525813000021/0001335258-13-000021-index.htm,https://www.sec.gov/Archives/edgar/data/1335258/000133525813000021/lyv-2013630x10q.htm,8.698994601345774,0.3010828473350488,0.5691569042681319,0.3049260173457593,7.1749187183786285,8.411450900113147,-4.088796225559543,7.211232013452877,9.0834203713794,3031195593.1,3369628593.1,13.036279000086012,1.8048062700913896,27.584660543103368,51.4878990538796,2.1771591831618986,2.1771591831618986,2.006312897310113,18.70509086069555,30.664488002220462,57.23652318759342,0.0191772514226145,0.0194220393213859,1.2380441738713224,0.2833711256193888,1.8786699603097503,1.067873901918858,3.255750474351719,1.8620181309836483,0.0,0.0,0.1890613529040858,0.0,0.3967606424069398,0.4642496382647629,0.0303748765267074,0.6169577205882353,0.0046525391586727,6.989385596502106,0.0235997404471759,0.0158418658573043,-11.881632715151497,170808000.0,-789423000.0,-1771457000.0,3276923000.0,560341000.0,751736500.0,572311000.0,34.00140993252211,58.78409941830768,45.17978904355502,2.6469490582481887,1.5310262620434132,1.9920411738363053,0.0417519290425499,0.2642308869223725,2013-08-06,0.11,amc,559837666.0,2025-04-23,2013-06-30,0.3636363636363636,13.58078125,1500750.609375
2013-03-31,LYV,USD,1335258,2013-05-07,2013-05-07 16:41:45,2013,Q1,923698000.0,576934000.0,346764000.0,0.3754084127,0,300177000.0,0.0,300177000.0,-3638000.0,382342000.0,959276000.0,1768000.0,28151000.0,82165000.0,50636000.0,0.0548187828,-33189000.0,-0.0359305747,-25050000.0,-60628000.0,-0.0656361711,3559000.0,-63239000.0,-0.0684628526,-0.33,-0.33,188827190,188827190,https://www.sec.gov/Archives/edgar/data/1335258/000133525813000007/0001335258-13-000007-index.htm,https://www.sec.gov/Archives/edgar/data/1335258/000133525813000007/lyv-2013331x10q.htm,4.891763733813971,-0.3349040993513699,1.432314911851413,1.2962804774037044,6.600823747893511,7.806497570609402,-4.836279139672628,6.792130942583004,9.324509886526403,2298026902.3,2784181902.3,-9.084690231898035,2.487855232229582,8.496734830658877,9.38840028230238,1.791779355091736,1.791779355091736,3.0141690274310435,54.98423853187456,10.294246477482808,11.374546630143032,-0.0275188249261602,0.1065144188499346,1.3508906941621268,0.3045857598857159,9.60097559048898,1.029562024196229,-1.178963447124436,-4.213625812080328,0.0,0.0,0.3249730972677217,0.0,0.4196872764593463,0.0949752273903719,0.0278088725968877,0.3126270309742591,0.0068258240247353,,-0.0100492977151753,-0.0191576266827184,-12.363347937338895,66608000.0,-913221000.0,-1894435000.0,3155221000.0,450981500.0,686939000.0,274640000.0,47.36999538810304,111.25818551168764,83.80878922025742,1.899936853753705,0.808929244945717,1.0738730488454078,-0.0493076623790777,0.1360344344477085,2013-05-07,-0.37,amc,1007670545.0,2025-04-23,2013-03-31,-0.108108108108108,10.7085,1186355.066666667
2012-12-31,LYV,USD,1335258,2013-02-26,2013-02-26 16:58:02,2012,Q4,1437227000.0,1048271000.0,388956000.0,0.270629483,0,229234000.0,113364000.0,342598000.0,3007645000.0,513754000.0,1562025000.0,1345000.0,29007000.0,170901000.0,47237000.0,0.0328667636,-126319000.0,-0.0878907786,-30806000.0,-157125000.0,-0.1093251101,8280000.0,-159717000.0,-0.111128583,-0.85,-0.85,187250411,188827190,https://www.sec.gov/Archives/edgar/data/1335258/000119312513077102/0001193125-13-077102-index.htm,https://www.sec.gov/Archives/edgar/data/1335258/000119312513077102/d466140d10k.htm,7.675427745790102,-0.8529594095256752,1.4849580223351286,1.3170117955041498,5.346076383244895,8.281284893948778,-4.854883869921118,7.238531508483578,9.44730636665999,1743301326.41,2482251326.41,-2.728734772143855,1.21296171475348,6.269537495315742,7.069033118595684,1.2861724769849596,1.2861724769849596,1.727111532423201,52.54887749878273,8.927067012432612,10.065452580825673,-0.0916175520435741,0.1414620618156981,1.2837405139964202,0.328873332342936,15.643457459195124,1.0252464126793095,-4.354776433274727,-1.6810797738883347,0.0,0.0,0.1594974210754459,0.0,0.4649108283312599,0.1130982992818071,0.0218810250572804,0.1840129665712898,0.0065876858700817,,-0.0370954927629534,-0.0564161108958398,-12.930372152828012,44640000.0,-909079000.0,-1927320000.0,3226179000.0,499556000.0,668664000.0,228242500.0,26.03701433385262,56.72234565298477,1.0331870289266802,3.456617523268958,1.5866762730617812,87.10910752866877,-0.1178359738471822,0.1679462268309787,2013-02-26,-0.34,amc,1284521629.0,2025-04-23,2012-12-31,1.4705882352941173,8.896129032258063,859497.9354838709
2012-09-30,LYV,USD,1335258,2012-11-05,2012-11-05 16:40:20,2012,Q3,1963146000.0,1457423000.0,505723000.0,0.2576084509,0,314688000.0,0.0,314688000.0,1173577000.0,399312000.0,1856735000.0,994000.0,35535000.0,84684000.0,200345000.0,0.1020530312,104515000.0,0.0532385263,-24389000.0,80126000.0,0.0408150998,11950000.0,57948000.0,0.0295179268,0.31,0.31,187153788,189754343,https://www.sec.gov/Archives/edgar/data/1335258/000119312512451958/0001193125-12-451958-index.htm,https://www.sec.gov/Archives/edgar/data/1335258/000119312512451958/d406890d10q.htm,10.489480448025985,0.3096277164317935,-1.1813226029921446,-1.3558902692367627,4.187310384548562,9.14412162472501,-4.484109079320372,8.023038251301651,9.519299710888031,1600164887.4,2562531887.4,6.9034517472561605,0.815102334416289,-7.237650391471308,-6.305820016551072,1.0656810714585407,1.0656810714585407,1.3053190579814238,12.790595659487384,-11.590499244195776,-10.098249871532158,0.0362137680037185,-0.158583657220674,1.1628299441507464,0.3214208924187555,4.803548878185131,1.060062831563079,2.9411847474321093,-3.242915395447078,0.0,0.0,0.1602978077025346,0.0,0.4695247713285549,-0.1477730687641628,0.01664216517773,0.385798970289547,0.0049288234293323,7.476194739531459,0.0236866318363869,0.0201091518711526,-12.169152568795456,104388000.0,-839218000.0,-1878523000.0,3372868000.0,537903000.0,671783000.0,534911500.0,26.742269805709817,41.785487123504986,27.44610864519086,3.3654585289085617,2.153857862994102,3.279153382487608,0.0385923270877537,0.174567666244618,2012-11-05,0.28,amc,1773164129.0,2025-04-23,2012-09-30,0.107142857142857,8.874603174603175,939872.9206349206
2012-06-30,LYV,USD,1335258,2012-08-07,2012-08-07 16:35:27,2012,Q2,1550677000.0,1106869000.0,443808000.0,0.286202736,0,308358000.0,0.0,308358000.0,825926000.0,402617000.0,1509486000.0,931000.0,29488000.0,94259000.0,138182000.0,0.0891107561,42968000.0,0.0277091877,-32180000.0,10788000.0,0.0069569614,5228000.0,7692000.0,0.0049604141,0.04,0.04,186893774,189325338,https://www.sec.gov/Archives/edgar/data/1335258/000119312512341040/0001193125-12-341040-index.htm,https://www.sec.gov/Archives/edgar/data/1335258/000119312512341040/d377556d10q.htm,8.297103572856312,0.0411570692558222,0.2426833116441856,0.0488031238536603,5.377594868409046,8.545924060584277,-5.095134950830412,7.522310507786097,9.468196623821187,1715684845.32,2450704845.32,55.761987952418096,1.1064101971719449,37.82707569715142,188.10271300515296,1.220369724235404,1.220369724235404,1.5804096180700429,17.735340676209635,54.03264938089778,268.6881751255344,0.0044833408775405,0.0053162444285033,1.2377071044112804,0.3027018705123577,5.319216685241203,1.0024080499908783,1.4571351058057516,8.157553956834532,0.0,0.0,0.198853790957111,0.0,0.4435004370762426,0.7989020195784461,0.0233672131591556,0.3844195249260018,0.0057652238344929,2.639302128780812,0.0060913814982867,0.0024045044132596,-13.18479983180178,5227000.0,-952249000.0,-1975382000.0,3267476000.0,457201500.0,672552000.0,564917500.0,28.583360686977365,54.226660968913215,50.84926942574054,3.1486850334224057,1.6597001989776716,1.7699369335371586,0.0054713334703774,0.1938801877905253,2012-08-07,0.04,amc,1550677000.0,2025-04-23,2012-06-30,0.0,8.892857142857142,1095101.111111111
2012-03-31,LYV,USD,1335258,2012-05-10,2012-05-09 21:42:27,2012,Q1,867997000.0,538714000.0,329283000.0,0.3793596061,0,291352000.0,0.0,291352000.0,270579000.0,371065000.0,909779000.0,900000.0,29710000.0,79713000.0,43473000.0,0.0500842745,-42803000.0,-0.0493123824,-23147000.0,-65950000.0,-0.0759795253,4278000.0,-69150000.0,-0.079666174,-0.37,-0.37,186521520,186521520,https://www.sec.gov/Archives/edgar/data/1335258/000119312512223061/0001193125-12-223061-index.htm,https://www.sec.gov/Archives/edgar/data/1335258/000119312512223061/d341014d10q.htm,4.653602436866266,-0.370734701282726,1.4195252108174972,1.2156935028194065,5.744173648166711,8.494022566404134,-4.916462186239958,7.635188690291608,9.345275547829548,1753302288.0,2395275288.0,-6.338764598698481,2.019940492881888,6.621932409771426,7.73221208980697,1.23114180687537,1.23114180687537,2.759543279527464,55.0979984818163,9.046558125481546,10.563367576173192,-0.0394398618385878,0.1293290960446177,1.2031125033090448,0.3087325367913698,14.767165827065076,1.0099644616105403,-1.4406933692359476,-3.770177137324144,0.0,0.0,0.3356601462908282,0.0,0.450713808343059,0.1435914673757043,0.0438008426296404,0.4769485529336494,0.0103445057989831,,-0.0127025988649528,-0.0226840681735798,-12.466863072958017,20056000.0,-917026000.0,-1932612000.0,3236275000.0,405632500.0,619889000.0,258705000.0,43.747512952233706,113.30232739449876,84.27787286018184,2.057259805792107,0.7943349626582326,1.0678959606551917,-0.048556062766874,0.2038317079980905,2012-05-09,-0.44,amc,1032212648.0,2025-04-23,2012-03-31,-0.1590909090909091,9.957258064516129,1039237.6935483871
2011-12-31,LYV,USD,1335258,2012-02-24,2012-02-23 19:41:09,2011,Q4,1185682000.0,817909000.0,367773000.0,0.3101784458,0,328889000.0,0.0,328889000.0,2677519000.0,434158000.0,1252067000.0,1367000.0,29952000.0,105269000.0,51541000.0,0.0434694969,-66684000.0,-0.0562410495,-25692000.0,-92376000.0,-0.0779095913,3320000.0,-99525000.0,-0.0839390326,-0.53,-0.53,186204721,186521520,https://www.sec.gov/Archives/edgar/data/1335258/000119312512075895/0001193125-12-075895-index.htm,https://www.sec.gov/Archives/edgar/data/1335258/000119312512075895/d277780d10k.htm,6.367625877756344,-0.5344923558624488,0.8767017244423142,0.6597362265589388,4.534004269419141,8.727872157441164,-4.743945240786887,7.84675593697756,9.374842864483549,1547361231.51,2418796231.51,-3.8868656908063306,1.305038983057852,9.478708400267084,12.595943144343323,1.0590363797145037,1.0590363797145037,2.040004176086,46.92955572282261,14.81687901394215,19.6896621095518,-0.0643191763974065,0.0793906409818217,1.1742416516836938,0.3372180076501084,16.90760753574824,1.056438196834551,-2.2263621794871797,-1.7058811235579334,0.0,0.0,0.2773838179208253,0.0,0.4930481344384407,0.247479264423018,0.0340732169333767,0.3837787002821343,0.0080029889970498,,-0.0189373542485314,-0.0385867236857154,-12.458674450042542,84237000.0,-883345000.0,-1885810000.0,3312889000.0,439291000.0,541601000.0,168601500.0,29.553573386456065,61.79473511111872,1.4246450399738846,3.0453170187956213,1.4564347567501152,63.17363095697845,-0.068116347718128,0.2169654978833753,2012-02-23,-0.3,amc,880368881.0,2025-04-23,2011-12-31,0.8000000000000002,8.58095238095238,1252721.5238095238
2011-09-30,LYV,USD,1335258,2011-11-03,2011-11-03 16:36:30,2011,Q3,1790025000.0,1286304000.0,503721000.0,0.2814044497,0,309847000.0,0.0,309847000.0,1003842000.0,393188000.0,1679492000.0,1023000.0,30388000.0,83341000.0,185489000.0,0.1036236924,104809000.0,0.0585516962,-33049000.0,71760000.0,0.0400888256,8739000.0,51712000.0,0.028888982,0.28,0.27,186127846,188531130,https://www.sec.gov/Archives/edgar/data/1335258/000119312511295230/0001193125-11-295230-index.htm,https://www.sec.gov/Archives/edgar/data/1335258/000119312511295230/d248919d10q.htm,9.617180010776034,0.2778305401976231,-0.8607309623085629,-0.9947087659307032,4.204491787864993,9.255879961131662,-4.294467577946397,8.485001217926307,9.4284119099514,1490884046.46,2432813046.46,7.207630948619276,0.8328844828759375,-9.30604375903524,-8.052608235039942,0.9440187213028598,0.9440187213028598,1.3590944520104469,13.11567287796042,-15.185530170280764,-13.140183784750166,0.0346854606988293,-0.1241833665331714,1.0919441902874385,0.3336432113213745,5.078085492940282,1.1381976045572382,3.4490259312886664,-2.542105012614843,0.0,0.0,0.1730964651331685,0.0,0.4879556778385904,-0.1556558431020061,0.0139310903479001,0.2992164720845682,0.0046725604391,7.282947934659701,0.0243043044547696,0.0195390016791329,-11.4668280209937,198737000.0,-799320000.0,-1809123000.0,3436590000.0,488539500.0,573316500.0,409177500.0,24.598114551472744,36.496590230614224,22.68751399358161,3.6588170126482926,2.465983792768285,3.96693970196388,0.0327437242567094,0.1339778036221404,2011-11-03,0.38,amc,2000616176.0,2025-04-23,2011-09-30,-0.1052631578947368,9.6775,1566915.21875
2011-06-30,LYV,USD,1335258,2011-08-08,2011-08-08 16:24:20,2011,Q2,1558882000.0,1138151000.0,420731000.0,0.2698927821,0,291385000.0,0.0,291385000.0,871356000.0,368312000.0,1506463000.0,1298000.0,30845000.0,76927000.0,131045000.0,0.0840634506,52373000.0,0.0335965134,-29100000.0,23273000.0,0.0149292891,6659000.0,13257000.0,0.0085041716,0.07,0.07,180818826,182790095,https://www.sec.gov/Archives/edgar/data/1335258/000119312511214277/0001193125-11-214277-index.htm,https://www.sec.gov/Archives/edgar/data/1335258/000119312511214277/d10q.htm,8.62123725988576,0.0733164808845733,0.0270823570107683,-0.1191192337461587,5.552297967026951,9.341460938364902,-4.962293030262236,8.606454507120846,9.75444337858935,2073991934.22,2802973934.2200003,39.11126073432904,1.3304354878816995,423.5229598162141,-96.29007540832907,1.3327206912567655,1.3327206912567655,1.7980667774854031,21.38940008561945,572.3859371492752,-130.1348221468035,0.0063920210012705,-0.0103852862899876,1.113566365443202,0.3065944968957374,5.562837193330536,1.0505114782627545,1.6979413195007294,0.2947514144697243,0.0,0.0,0.1869192151811362,0.0,0.4575873443180282,5.398407188074331,0.0169583072997186,0.3436504738258348,0.0048015180109847,3.7679419502552993,0.0099112405123535,0.0043241004096756,-12.975552943806855,97872000.0,-897276000.0,-1927625000.0,3419139000.0,436915500.0,627100500.0,463372000.0,28.16497335911249,49.4233717670151,39.071186512158754,3.1954583749279992,1.8210008095818653,2.303487762573897,0.008518778647341,0.146201590756927,2011-08-08,,amc,,2025-04-23,2011-06-30,,10.624920634920636,1619476.4444444445
2011-03-31,LYV,USD,1335258,2011-05-05,2011-05-05 16:49:09,2011,Q1,849409000.0,547124000.0,302285000.0,0.3558768508,0,294005000.0,0.0,294005000.0,274155000.0,371486000.0,918610000.0,527000.0,29317000.0,77481000.0,7514000.0,0.0088461507,-72161000.0,-0.0849543624,-27123000.0,-99284000.0,-0.116885976,-44942000.0,-48460000.0,-0.0570514322,-0.27,-0.27,176292809,176292809,https://www.sec.gov/Archives/edgar/data/1335258/000119312511128635/0001193125-11-128635-index.htm,https://www.sec.gov/Archives/edgar/data/1335258/000119312511128635/d10q.htm,4.818171568189149,-0.274883588700433,0.724748789952062,0.620842112737565,5.599695220693885,9.207970587161045,-5.595605433911941,8.252021215454114,9.99212055212076,1762928090.0,2507964090.0,-9.094759028064384,2.075476113391782,13.797884368542984,16.107154773869347,1.211824320237123,1.211824320237123,2.9525989128911987,333.77217061485226,19.629047100995557,22.91424476930105,-0.0274883588700433,0.0620842112737564,1.190717170800648,0.3163730180820901,99.15304764439712,1.0118940103851464,-2.4614046457686665,-2.351183246844062,0.0,0.0,0.3461288966799268,0.0,0.4766472849103566,0.1433692317325151,0.0215655826580598,0.2364192511712549,0.0290872830403256,,-0.010659231826659,-0.0169116045853271,-13.380883278114878,21717000.0,-986465000.0,-2004359000.0,3366662000.0,357967500.0,584182000.0,390477000.0,40.89775361457201,103.49907881942669,71.16860163326777,2.200609863519073,0.8695729568474874,1.2646026187752084,-0.0333110618021243,0.1039066772144971,2011-05-05,-0.42,amc,1321302888.0,2025-04-23,2011-03-31,-0.3571428571428571,10.788709677419355,1461802.9516129033
2010-12-31,LYV,USD,1335258,2011-02-28,2011-02-28 17:27:39,2010,Q4,1237846000.0,888851000.0,348995000.0,0.2819373331,0,310369000.0,0.0,310369000.0,2643819000.0,447729000.0,1336580000.0,1613000.0,30754000.0,140141000.0,42902000.0,0.0346585924,-103097000.0,-0.0832874202,-24896000.0,-127993000.0,-0.1033997767,2260000.0,-139294000.0,-0.1125293453,-0.82,-0.79,170783313,176292809,https://www.sec.gov/Archives/edgar/data/1335258/000119312511050243/0001193125-11-050243-index.htm,https://www.sec.gov/Archives/edgar/data/1335258/000119312511050243/d10k.htm,7.248050048074662,-0.815618326832669,0.8479282750534298,0.6908169066845541,5.227431089827845,9.422518931928671,-5.794998250209609,7.989164608839741,10.320785848673635,1950345434.46,2789451434.46,-3.5004117809453383,1.575596184388042,13.468120283263818,16.531153029835565,1.4294360623592803,1.4294360623592803,2.253472107564269,65.01914676378723,19.26257101939066,23.64342629649093,-0.0714201687244018,0.0604918482210642,1.2693078943665277,0.3333353863683607,19.55866859353876,1.0876910585319297,-3.352311894387722,-1.1089227187796735,0.0,0.0,0.2507331283536078,0.0,0.5002151837338035,0.1852885120017678,0.0216763636187377,0.1914643109439778,0.0055443084196257,,-0.0277890906210297,-0.0536434853669826,-13.303280104420974,129276000.0,-989689000.0,-1982854000.0,3465238000.0,400225000.0,533832000.0,390871500.0,23.98943810457844,54.593998319178354,35.267789539529126,3.751651022740016,1.6485328565573087,2.551903625803525,-0.1020905647544443,0.1571113683688757,2011-02-28,-0.17,bmo,292269194.0,2025-04-23,2010-12-31,3.235294117647058,10.471875,1392948.03125
2010-09-30,LYV,USD,1335258,2010-11-04,2010-11-04 16:50:16,2010,Q3,1836351000.0,1387302000.0,449049000.0,0.2445333163,0,271725000.0,0.0,271725000.0,1143237000.0,336266000.0,1723568000.0,715000.0,29414000.0,59249000.0,174905000.0,0.0952459524,110202000.0,0.060011403,-27858000.0,82344000.0,0.0448411006,16909000.0,51404000.0,0.0279924698,0.3,0.3,170285159,172302273,https://www.sec.gov/Archives/edgar/data/1335258/000119312510248245/0001193125-10-248245-index.htm,https://www.sec.gov/Archives/edgar/data/1335258/000119312510248245/d10q.htm,10.783975601772788,0.3018701118868497,-0.9077303090165362,-1.0198422517842556,5.0246069887981255,9.577323177059723,-5.579317690275052,8.868353583297298,10.373933996209264,1682417370.92,2563914370.92,8.182327109368922,0.916174179620345,-10.8842900824853,-9.68777277340151,1.1140737575696174,1.1140737575696174,1.3962006015843378,14.658896949315343,-16.587077762092992,-14.76364917841349,0.0305536550492762,-0.1032228999781635,1.150292454585607,0.3221320752022837,5.039861639175553,1.1793572054021335,3.746583259672265,-2.26337984859356,0.0,0.0,0.1479700776158806,0.0,0.4786142879740175,-0.1235079865176971,0.010396160646848,0.3222164087157589,0.006934404152583,7.761091739565204,0.0223034804522296,0.0182828412881215,-13.720883039490246,274680000.0,-950075000.0,-1955524000.0,3624758000.0,417768500.0,516537000.0,491471000.0,23.059464122055097,34.28513041861109,28.11865044525273,3.902952797325415,2.625044703086358,3.2007226013649137,0.0340390252882331,0.1121119427677194,2010-11-04,0.36,amc,2065894875.0,2025-04-23,2010-09-30,-0.111111111111111,9.526875,2383932.78125
2010-06-30,LYV,USD,1335258,2010-08-05,2010-08-05 17:01:55,2010,Q2,1266598000.0,897004000.0,369594000.0,0.2918005555,0,274254000.0,0.0,274254000.0,644632000.0,336574000.0,1233578000.0,769000.0,29854000.0,62957000.0,98454000.0,0.0777310559,26626000.0,0.0210216659,-47984000.0,-21358000.0,-0.0168624931,11315000.0,-34618000.0,-0.0273314817,-0.2,-0.2,170007727,170007727,https://www.sec.gov/Archives/edgar/data/1335258/000119312510179526/0001193125-10-179526-index.htm,https://www.sec.gov/Archives/edgar/data/1335258/000119312510179526/d10q.htm,7.450237835366154,-0.2036260387152873,0.4633789380643857,0.3977289808715576,5.8816620729244855,8.757278426527048,-6.028461282821574,8.167346417142557,10.40249188203075,1776580747.15,2515302747.15,-12.829891582052689,1.4026397855910082,22.55173712394323,26.27417287294615,1.2794853390896153,1.2794853390896153,1.985872981916914,25.547999544457305,31.92899981149559,37.199265675052125,-0.0194857453316064,0.0380601895570868,1.2521677882510198,0.3155502487432165,7.503219777764235,1.0910605792241,0.8918737857573524,-2.3836006051437217,0.0,0.0,0.2165280538892371,0.0,0.4562134442028792,0.1416766102211277,0.0088117934814361,0.1772797306097812,0.008192023041249,,0.0108789484437004,-0.0115539336541609,-14.544259508863382,165031000.0,-1024885000.0,-2043742000.0,3443718000.0,314493000.0,487672000.0,509032500.0,25.93803243017911,50.62723243151647,55.13433607876888,3.46980829183035,1.7776993858343555,1.6323765987028396,-0.0249317254730243,0.065649957192828,2010-08-05,-0.02333,amc,126659799.0,2025-04-23,2010-06-30,7.572653236176597,13.474603174603176,2821118.73015873
2010-03-31,LYV,USD,1335258,2010-05-10,2010-05-10 17:16:40,2010,Q1,722953000.0,485153000.0,237800000.0,0.3289287132,0,268395000.0,0.0,268395000.0,253882000.0,327714000.0,812867000.0,674000.0,26505000.0,59319000.0,-41894000.0,-0.057948442,-103502000.0,-0.1431656,-21382000.0,-127718000.0,-0.1766615534,-15330000.0,-111953000.0,-0.1548551566,-0.77,-0.77,146300907,146300907,https://www.sec.gov/Archives/edgar/data/1335258/000119312510114828/0001193125-10-114828-index.htm,https://www.sec.gov/Archives/edgar/data/1335258/000119312510114828/d10q.htm,4.941548311795497,-0.7652242374683296,0.6117597069989457,0.4731139500044248,5.640409324324968,11.302711882708971,-5.811973537525642,9.802687005898056,10.617042859481383,2121363151.5,2822944151.5,-4.737173527060463,2.934302992725668,23.70211675288544,30.648007736538712,1.4791862671199925,1.4791862671199925,3.9047409050104234,-67.38301789039004,31.54092302320645,40.78397144487626,-0.0527740853426434,0.0326285482761672,1.0645933247893165,0.2971866521795494,-16.746574688499546,1.0275144586922331,-3.9049990567817394,-0.7942160420974168,0.0,0.0,0.3712482000904623,0.0,0.4873818428563031,0.2266343392811253,0.0280571489432923,0.3419477739004366,0.0310144642874433,,-0.0252251542069856,-0.0425103966366235,-15.21796102056975,43088000.0,-850297000.0,-1874740000.0,3332074000.0,220065500.0,260800500.0,373078000.0,32.859231512975256,87.32941979128233,86.92130111531826,2.738956325392496,1.030580533056333,1.0354193833407674,-0.0780627022986566,0.1386457569945209,2010-05-10,-0.34,amc,631520708.0,2025-04-23,2010-03-31,1.2352941176470589,12.022459016393444,2190016.426229508
2009-12-31,LYV,USD,1335258,2010-02-25,2010-02-25 16:50:52,2009,Q4,810452000.0,667848000.0,142604000.0,0.1759561331,0,162206000.0,0.0,162206000.0,2738265000.0,203300000.0,871148000.0,-2019000.0,15663000.0,44995000.0,-31457000.0,-0.0388141432,-79309000.0,-0.0978577386,-12806000.0,-92115000.0,-0.1136587978,-16897000.0,479000.0,0.0005910282,0.0033,0.0033,146300907,146300907,https://www.sec.gov/Archives/edgar/data/1335258/000119312510040804/0001193125-10-040804-index.htm,https://www.sec.gov/Archives/edgar/data/1335258/000119312510040804/d10k.htm,5.539623893104094,0.0032740740288096,-0.0054408411835751,-0.1756995259092959,1.619641360118157,4.958554358107978,0.3409411535637301,4.45873517380176,5.16560023787139,1245020718.57,1748134718.57,649.8020451826723,1.536205374988278,-1564.0963801130654,-48.4349627920638,1.90861301877768,1.90861301877768,2.1569873583753263,-55.572200736561015,-2196.1491439321608,-68.00757512429489,0.0003847325533266,-0.0206462427625494,1.1345235521993142,0.3160312397646385,-15.993705693486346,0.9543120890573944,-5.063461661239865,-0.7516525023607177,3.373437837102033e-05,0.0876826722338204,0.2001426364547191,0.0,0.2884844255963145,-31.2927135678392,0.0307347011297399,0.5535948438715412,0.0082225720955713,0.5731144329559344,-0.0397171350765467,0.000287480839612,-7.576366221707703,-34368000.0,49880000.0,-898452000.0,1391177000.0,250507000.0,69569000.0,304292000.0,19.56452695532863,6.851798612858016,37.40957523268768,4.60016233489803,13.135237196129337,2.405801173635352,0.0007343055600267,0.1702586847257208,2010-02-25,-0.5,amc,3683872727.0,2025-04-23,2009-12-31,-1.22,7.75625,589798.046875
2009-09-30,LYV,USD,1335258,2009-11-09,2009-11-09 17:13:49,2009,Q3,1808296000.0,1470674000.0,337622000.0,0.1867072647,0,16190000.0,164104000.0,180294000.0,1306570000.0,215023000.0,1685697000.0,348000.0,17438000.0,37401000.0,142447000.0,0.0787741609,114819000.0,0.0634956888,-12377000.0,96022000.0,0.0531008198,16850000.0,69247000.0,0.0382940625,0.82,0.78,83631558,92717666,https://www.sec.gov/Archives/edgar/data/1335258/000119312509229585/0001193125-09-229585-index.htm,https://www.sec.gov/Archives/edgar/data/1335258/000119312509229585/d10q.htm,21.622172816629817,0.8280008367176419,-3.1669863187291094,-3.583348285822918,3.086024058047561,8.773876961612983,0.4332694603154469,7.851916378264769,10.42693716168722,684942460.02,1281436460.02,2.472823588097679,0.3787778439038741,-2.586054745979008,-2.2855718581424918,1.0430574659036225,1.0430574659036225,0.7086430872047497,8.995882398506112,-4.838165294948275,-4.276001681855039,0.1010990032622273,-0.4375272632262416,1.3013927890501744,0.3168806252899204,4.187480255814443,0.9753902321359944,6.5844133501548345,-3.345374627393523,0.0,0.0,0.008953180231555,0.0,0.2586481097839302,-0.1314694555614286,0.019256250082951,0.9310178872222667,0.0019277817348487,12.094682713837688,0.0535292485782003,0.0346352240233319,-15.495110709285123,-24078000.0,36235000.0,-1008774000.0,1525938000.0,287690000.0,94559000.0,427755500.0,16.16723700102196,5.403277680845653,20.255100722525864,5.566813920913694,16.656556504405735,4.443325226218711,0.1054520701480809,0.4163619670938092,2009-11-09,0.8,amc,1854662564.0,2025-04-23,2009-09-30,-0.025,6.469375,709841.609375
2009-06-30,LYV,USD,1335258,2009-08-06,2009-08-06 16:39:15,2009,Q2,1063015000.0,842558000.0,220457000.0,0.2073884188,0,172848000.0,0.0,172848000.0,681488000.0,209015000.0,1051573000.0,589000.0,15951000.0,36885000.0,31046000.0,0.0292056086,-3435000.0,-0.0032313749,-13368000.0,-16803000.0,-0.0158069265,10005000.0,-27198000.0,-0.0255857161,-0.33,-0.33,83612409,83612409,https://www.sec.gov/Archives/edgar/data/1335258/000119312509167262/0001193125-09-167262-index.htm,https://www.sec.gov/Archives/edgar/data/1335258/000119312509167262/d10q.htm,12.713603312159083,-0.3252866449524256,1.5919766167722784,1.3658738142564462,5.619142010368342,7.678178486640661,-0.7632001130358533,6.873393637061695,9.65662883842995,406356307.74,727989307.74,-3.7351671790205168,0.3822677081132439,3.052808658618125,3.5581617783965536,0.7070743007929341,0.7070743007929341,0.6848344639915711,23.448731164723316,5.469121605150666,6.374464184617001,-0.066931408426425,0.2810439947029724,1.3771735215355465,0.2523327926177013,10.359885331443664,0.8248874295839499,-0.2153470001880759,-4.965271560728141,0.0,0.0,0.1626016566087967,0.0,0.2250231461998148,0.1420264595181392,0.0177843210114626,0.5125389724820387,0.0032445449970132,,-0.0033944654328159,-0.0111890010613877,-18.832028269870804,-275727000.0,-63813000.0,-1195750000.0,1313191000.0,232497000.0,77186500.0,453189500.0,21.21235354157749,10.76977489976951,56.02859387721676,4.242810672733441,8.356720622074109,1.606322660840454,-0.0473254788142007,0.2261028025158323,2009-08-06,0.1,amc,322125757.0,2025-04-23,2009-06-30,-4.3,4.641428571428572,996319.6666666666
2009-03-31,LYV,USD,1335258,2009-05-07,2009-05-07 16:45:52,2009,Q1,499258000.0,376165000.0,123093000.0,0.246551883,0,164379000.0,0.0,164379000.0,228831000.0,207524000.0,583689000.0,1082000.0,17313000.0,43413000.0,-45367000.0,-0.0908688494,-84431000.0,-0.1691129636,1375000.0,-101782000.0,-0.2038665379,1375000.0,-102707000.0,-0.2057192874,-1.29,-1.29,79601562,79601562,https://www.sec.gov/Archives/edgar/data/1335258/000119312509103490/0001193125-09-103490-index.htm,https://www.sec.gov/Archives/edgar/data/1335258/000119312509103490/d10q.htm,6.271962351693551,-1.2902636257313644,2.3846516981664254,2.2151198490300983,4.486143123673879,8.080431889012429,-0.6373869899688652,7.305761160817422,10.27082860509697,212536170.54,655693170.54,-0.51733613711821,0.4257040859435402,1.1196603688718905,1.2053523881198,0.365464999638896,0.365464999638896,1.313335330710775,-14.453086396279232,3.454252776495875,3.718620350485178,-0.4832448036447058,0.8296329022584638,1.3760828819534003,0.2872678466174115,-9.768267683558534,0.8134877024180264,-4.876740021948825,-1.8401271847766028,0.000197613422192,-0.0004089302579181,0.3292466019573046,0.0,0.249106349923145,0.0710929186290314,0.0270301126872278,0.3108515882339391,0.0061611431364144,,-0.0528492159506467,-0.0490994897251858,-18.01074895992619,-226566000.0,-50737000.0,-1154366000.0,1331296000.0,215867500.0,53556000.0,288104000.0,38.65818875210813,12.811957518642084,91.36089216168438,2.328096657014022,7.024687669237521,0.9851042154965391,-0.1766090619895108,0.1695318491363272,2009-05-07,-0.74,amc,475897447.0,2025-04-23,2009-03-31,0.7432432432432433,4.123114754098361,1239707.213114754
2008-12-31,LYV,USD,1335258,2009-03-05,2009-03-05 06:06:42,2008,Q4,915761000.0,787727000.0,128034000.0,0.1398115884,0,124862000.0,0.0,124862000.0,2669321000.0,445377000.0,1233104000.0,0.0,47738000.0,39633000.0,-268637000.0,-0.2933483736,-317343000.0,-0.34653474,-15752000.0,-334061000.0,-0.3647905949,15894000.0,-337526000.0,-0.3685743333,-4.33,-4.24,77970117,79601562,https://www.sec.gov/Archives/edgar/data/1335258/000119312509045320/0001193125-09-045320-index.htm,https://www.sec.gov/Archives/edgar/data/1335258/000119312509045320/d10k.htm,11.745025340926448,-4.328914884147218,-0.1137871833641085,-0.9796830239462126,2.560724642749991,8.772386477244865,-0.4589065834029722,7.980775506595688,11.971907134626974,447548471.58,1133601471.58,-0.3314918492056908,0.4887175492077081,-50.44504864517583,-5.859037933390936,0.7192283500840482,0.7192283500840482,1.23787917543988,-4.219826277020664,-127.77293412759242,-14.840435048045451,-0.7541663561232087,-0.1706764850080509,1.42337632701338,0.3573358475981146,-2.553829144905579,0.829599720967744,-6.647597301939754,0.0262853824594253,0.0,0.0,0.1363478025379984,0.0,0.2903850754662706,-7.609783588818756,0.0737244761460686,1.7034794237125628,0.037734736465082,,-0.1893113883586085,-0.1918969442126065,-17.120289815648217,-131419000.0,-35781000.0,-1154855000.0,1476081000.0,287953500.0,73764500.0,226128000.0,21.35463292278225,6.119721680226779,22.20559914792815,4.214542124204965,14.706551164049811,4.053031823210105,-0.5424178240033941,0.865895840582104,2009-03-02,-0.22,bmo,46528272.0,2025-04-23,2008-12-31,18.681818181818183,7.52015625,1268328.09375
2008-09-30,LYV,USD,1335258,2008-11-07,2008-11-07 14:50:36,2008,Q3,1588653000.0,1295416000.0,293237000.0,0.1845821586,0,187316000.0,0.0,187316000.0,1121162000.0,217648000.0,1513064000.0,0.0,0.0,43156000.0,120375000.0,0.0757717387,75589000.0,0.0475805604,-14866000.0,60723000.0,0.0382229474,-50697000.0,139928000.0,0.0880796499,1.84,1.67,76230900,84736808,https://www.sec.gov/Archives/edgar/data/1335258/000119312508229812/0001193125-08-229812-index.htm,https://www.sec.gov/Archives/edgar/data/1335258/000119312508229812/d10q.htm,20.84001369523382,1.835581109497592,-3.88772794234359,-5.236301814618481,2.7012143369683423,13.799994490423176,1.2395760774174251,12.910289659442562,10.485695433216714,1240276743.0,1833694743.0,2.2159195139643244,0.7807096596928341,-4.184963619185801,-3.107154739357864,1.260235086057899,1.260235086057899,1.1542449754603428,15.233185819314642,-6.187285080896867,-4.59379194474507,0.1128199821449042,-0.3218378496999681,0.812196760089538,0.2711076274902905,4.929744548286604,0.8953342206827795,0.0,-2.1179821050826138,0.0,0.0,0.117908693717256,0.0,0.3247495846053504,-0.3468796922713545,0.0647107958754995,2.382125312818612,0.0,23.0911754980736,0.0681421413552822,0.0702834735289257,-16.956152295197878,-101833000.0,94494000.0,-1025313000.0,1770038000.0,371456500.0,108389500.0,317680500.0,20.31651342363625,6.528358457823587,17.917865766672634,4.429893954899463,13.786007704914544,5.022919647461623,0.142179699907434,1.3485738722748912,2008-11-06,0.47,bmo,409442047.0,2025-04-23,2008-09-30,2.5531914893617023,14.145,1096888.140625
2008-06-30,LYV,USD,1335258,2008-08-07,2008-08-07 17:05:22,2008,Q2,1159800000.0,920200000.0,239600000.0,0.2065873426,0,183572000.0,0.0,183572000.0,747102000.0,215879000.0,1136079000.0,3266000.0,14434000.0,34000000.0,56541000.0,0.0487506467,23721000.0,0.0204526643,-10086000.0,13922000.0,0.0120037938,12548000.0,1235000.0,0.0010648388,-0.01,-0.01,75720739,76791658,https://www.sec.gov/Archives/edgar/data/1335258/000119312508170244/0001193125-08-170244-index.htm,https://www.sec.gov/Archives/edgar/data/1335258/000119312508170244/d10q.htm,15.316807724235233,0.0163099306254789,1.2933973082328212,0.5314528163809917,5.987368929402551,12.304713507880582,-1.087892182351786,11.349770371364178,10.677603133271058,801125418.62,1141839418.62,162.17113737246964,0.6907444547508191,8.18000774599998,19.90769391730033,0.9321774497476766,0.9321774497476766,0.9845140702017589,20.19489253143736,11.65891765747368,28.374320824511702,0.0015415813445632,0.050231835196691,0.9239818341123536,0.2363659364586573,6.025963460143966,0.836913444522788,1.6434113897741445,79.30121457489878,0.0,0.0,0.1582790136230384,0.0,0.3018557572528422,0.5891031989952725,0.0497456458010001,1.6969117647058825,0.0,2.04084890814374,0.0012289560152528,0.0005265520815435,-19.776695523270053,-248183000.0,-82376000.0,-1154219000.0,1672225000.0,334497500.0,102185000.0,333417500.0,29.820900155199173,12.011703977396218,36.91740925885677,3.0180175491553296,7.492692141711382,2.437874211837016,0.0014370273663535,0.7619444918518294,2008-08-07,-0.2,bmo,11598000000.0,2025-04-23,2008-06-30,-1.1,13.55828125,651352.3125
2008-03-31,LYV,USD,1335258,2008-05-08,2008-05-08 16:27:40,2008,Q1,636451000.0,468682000.0,167769000.0,0.2636008114,0,173257000.0,0.0,173257000.0,307066000.0,206259000.0,674941000.0,2162000.0,15927000.0,35397000.0,-32481000.0,-0.0510345651,-38490000.0,-0.0604759832,6329000.0,-50038000.0,-0.0786203494,6329000.0,-35402000.0,-0.0556240779,-0.47,-0.47,74984934,74984934,https://www.sec.gov/Archives/edgar/data/1335258/000119312508107859/0001193125-08-107859-index.htm,https://www.sec.gov/Archives/edgar/data/1335258/000119312508107859/d10q.htm,8.487718346194717,-0.4721215064348793,2.059933799501644,1.7349618524702577,5.786028964164988,12.172365184718306,0.5221715604897379,11.279945915535512,10.403529861078493,909567249.42,1239883249.42,-6.423134635190102,1.4291237650973918,5.88853874961156,6.991508189490838,1.0753597659802372,1.0753597659802372,1.9481205142579712,-38.1725701000585,8.02700467047338,9.5305255305313,-0.0389218059715481,0.1430306556034837,0.9034730547417554,0.2584338895673238,-10.16951448539146,0.9065177272684416,-2.416650970050857,-4.363143325235862,0.0,0.0,0.2722236275848416,0.0,0.2954339392803915,0.1577584420965403,0.0382873151271661,0.6884199225923101,0.0053971161959051,,-0.0237355598174959,-0.0169925793662221,-16.698624419673425,-109061000.0,39155000.0,-986637000.0,1636154000.0,274509500.0,80415000.0,154781500.0,40.25961150190667,15.661215920389518,55.56806107339305,2.235491020466943,5.746680235908628,1.6196354211663069,-0.0418549441610922,0.3249719470313863,2008-05-08,-0.42,bmo,568743446.0,2025-04-23,2008-03-31,0.119047619047619,11.579344262295082,971211.344262295
2007-12-31,LYV,USD,1335258,2008-02-29,2008-02-29 12:38:55,2007,Q4,1013500000.0,819702000.0,193798000.0,0.1912165762,0,178756000.0,0.0,178756000.0,1792018000.0,189608000.0,1009310000.0,0.0,0.0,41902000.0,46092000.0,0.0454780464,4190000.0,0.0041341885,-12013000.0,-7823000.0,-0.0077187963,10539000.0,-18362000.0,-0.0181174149,-0.25,-0.24,73299817,74984934,https://www.sec.gov/Archives/edgar/data/1335258/000119312508043193/0001193125-08-043193-index.htm,https://www.sec.gov/Archives/edgar/data/1335258/000119312508043193/d10k.htm,13.82677394678898,-0.2505054003067974,0.2107508672224925,-1.119020529068988,4.624718230879076,12.672705581243129,1.0145455069826437,11.829033625008911,11.222483679597726,1064313342.84,1547928342.84,-14.490705571833134,1.050136500088801,68.89651364836871,-12.975633263922754,1.2274882682979151,1.2274882682979151,1.527309662397632,33.58344925019526,100.2025079518384,-18.87165150248708,-0.0172524380376582,-0.0770675295502058,0.9487236265751396,0.2989008768930523,10.49238479562614,0.9215192110174828,0.0,-0.841302690338743,0.0,0.0,0.1763749383325111,0.0,0.3105047303825474,6.309684101501812,0.0961736556487419,2.3261896806835,0.0288021706956092,,0.0052229447272446,-0.0096766271668593,-17.406237180646713,-71062000.0,74366000.0,-988788000.0,1698524000.0,327332500.0,81823500.0,112224500.0,23.47157375431672,8.703858231406048,2.216561628494257,3.834425460433723,10.340241948708892,40.60342777887854,-0.0211771652907621,1.3297713962914806,2008-02-28,-0.12,bmo,705491010.0,2025-04-23,2007-12-31,0.9166666666666669,17.37953125,818220.796875
2007-09-30,LYV,USD,1335258,2007-11-08,2007-11-08 16:53:24,2007,Q3,1547731000.0,1277565000.0,270166000.0,0.1745561729,0,177354000.0,0.0,177354000.0,1111546000.0,198197000.0,1475762000.0,0.0,0.0,27690000.0,96873000.0,0.0625903339,71969000.0,0.0464996824,-15992000.0,53348000.0,0.034468522,11795000.0,41553000.0,0.0268476886,0.6,0.55,69398147,78215047,https://www.sec.gov/Archives/edgar/data/1335258/000119312507240473/0001193125-07-240473-index.htm,https://www.sec.gov/Archives/edgar/data/1335258/000119312507240473/d10q.htm,22.302194898662066,0.5987623848227532,-2.602576694158707,-2.6338023117533678,5.062700017048005,12.713033966166272,2.0054425948865755,11.801366973097998,11.144966161704575,1559376363.09,1981474363.09,9.381851870442569,1.0075241518648912,-8.633751332067282,-8.531392010602852,1.9040167169804871,1.9040167169804871,1.2802446698360372,20.45435119269559,-10.970768396082253,-10.840702059240291,0.026647191135859,-0.1172141660771414,0.9443792559887568,0.279949804200912,4.3572306008898245,0.955921492302822,0.0,-4.346593507087334,0.0,0.0,0.1145896799896106,0.0,0.2689634104187049,-0.011997962505675,0.0014001141025152,0.0782592993860599,0.0,12.609116909683417,0.031356093539042,0.020573908720826,-16.344611477882832,-45114000.0,139174000.0,-902142000.0,1612663000.0,397759000.0,98789000.0,271900000.0,22.69865370661956,5.943854128752744,14.389475290885397,3.964992865358948,15.141690568184512,6.254571357234127,0.0507366973832499,0.0312256175946599,2007-11-08,0.79,bmo,2223104527.0,2025-04-23,2007-09-30,-0.3037974683544303,20.956507936507936,890629.2380952381
2007-06-30,LYV,USD,1335258,2007-08-09,2007-08-09 16:12:38,2007,Q2,1039565000.0,814993000.0,224572000.0,0.216024972,0,182426000.0,0.0,182426000.0,641830000.0,188185000.0,1003178000.0,0.0,0.0,25344000.0,61731000.0,0.0593815683,36387000.0,0.0350021403,-11117000.0,25270000.0,0.0243082443,15348000.0,9922000.0,0.0095443767,0.15,0.15,65521804,67702746,https://www.sec.gov/Archives/edgar/data/1335258/000119312507177474/0001193125-07-177474-index.htm,https://www.sec.gov/Archives/edgar/data/1335258/000119312507177474/d10q.htm,15.865939832792147,0.1514305070110707,1.9333106274058025,1.216648430498037,7.1222245345992,10.354125780785887,2.2427648664862767,9.443741811504458,9.309343802560749,1466377973.52,1609681973.52,36.94764093731103,1.4105688182268543,11.575998022640793,18.394796260772484,2.36982336521912,2.36982336521912,1.548418784318441,26.07574757447636,12.707279895795509,20.192455480261422,0.0067663318592971,0.0543632006478122,0.9857685638143998,0.2168155433673741,2.3214268357875296,0.8804072720169662,0.0,12.76698246321306,0.0,0.0,0.1754830145301159,0.0,0.1889144027099943,0.3706916967965012,0.0451698546988403,1.8527856691919191,0.0,5.672441162184916,0.0101197509042852,0.0043482852934435,-18.231514962561164,-171429000.0,146950000.0,-872858000.0,1224717000.0,334449500.0,94351000.0,324274000.0,35.07737370919568,12.501162586672525,37.495426341085135,2.5657565114803944,7.1993304123529205,2.4002927498755664,0.0160350113369889,0.7166621969077652,2007-08-09,0.00667,bmo,69304333.0,2025-04-23,2007-06-30,21.488755622188904,21.63111111111111,693702.5396825396
2007-03-31,LYV,USD,1335258,2007-05-10,2007-05-10 16:59:42,2007,Q1,584185000.0,421312000.0,162873000.0,0.2788038036,0,161129000.0,0.0,161129000.0,269979000.0,193277000.0,614589000.0,0.0,0.0,27987000.0,-8890000.0,-0.015217782,-30404000.0,-0.0520451569,-2262000.0,-39139000.0,-0.0669976121,5910000.0,-45049000.0,-0.0771142703,-0.69,-0.69,65499719,65499719,https://www.sec.gov/Archives/edgar/data/1335258/000119312507110414/0001193125-07-110414-index.htm,https://www.sec.gov/Archives/edgar/data/1335258/000119312507110414/d10q.htm,8.918893224564826,-0.6877739429691294,1.3481279209762718,1.0760504178651515,6.026987688298327,9.950302229540863,2.009749079992236,9.091428315898575,10.145219096283451,1444923801.14,1714666801.14,-8.018623061222224,2.4734010649708567,16.363432324749155,20.500898130560007,2.4264614132658027,2.4264614132658027,2.9351434924553006,-192.87590564004492,19.41821024597404,24.328071411302336,-0.0311774226187275,0.0487783507645127,1.1159103656509135,0.2619831520897062,-30.342294713160857,0.9184230692039628,0.0,-1.9601323003840263,0.0,0.0,0.275818447923175,0.0,0.2050513767826539,0.2018187583520192,0.0305057473231938,0.636759924250545,0.0040826108167789,,-0.0237727520984358,-0.0223418220916674,-17.368731001731472,-89423000.0,131638000.0,-877958000.0,1296072000.0,256251000.0,58072000.0,160689000.0,40.630450970155,16.12776279811636,66.01001158286496,2.215087399992417,5.5804392169328985,1.3634295441233104,-0.0756508129494228,0.2720775031111202,2007-05-10,-0.12,bmo,101597391.0,2025-04-23,2007-03-31,4.75,23.52622950819672,428602.3442622951
2006-12-31,LYV,USD,1335258,2007-03-01,2007-03-01 16:33:34,2006,Q4,1051973000.0,879270000.0,172703000.0,0.1641705633,0,155610000.0,0.0,155610000.0,2452697000.0,189751000.0,1069021000.0,0.0,12421000.0,34523000.0,17475000.0,0.0166116431,-17048000.0,-0.0162057391,-9285000.0,-26333000.0,-0.0250320113,6807000.0,-33140000.0,-0.0315027097,-0.51,-0.51,65484548,65499719,https://www.sec.gov/Archives/edgar/data/1335258/000095012907001097/0000950129-07-001097-index.htm,https://www.sec.gov/Archives/edgar/data/1335258/000095012907001097/h44068e10vk.htm,16.0644462263067,-0.5060735854815704,-1.326908448692354,-6.924152549697678,4.7931918229014885,10.915964480658856,3.3330000231504995,9.75286566840165,9.949935059489148,1466853875.1999998,1792119875.1999998,-11.065584453832225,1.3943835775252784,-16.881345523178197,-3.2350529309147045,2.2967608456429223,2.2967608456429223,1.7035797260956316,102.5533548040057,-20.624682078902545,-3.952406407233831,-0.0225925707804272,-0.3091139531115035,1.0007578343474326,0.2872563710055092,18.61321888412017,0.9536784846762106,-1.3725142903147896,2.621967410983705,0.0,0.0,0.1479220474289739,0.0,0.2231759791676592,-4.218259448510795,0.3484243416893779,10.6170668829476,0.0032624411463031,,-0.0144695112329156,-0.0191734141000384,-15.324706830075394,-35851000.0,218260000.0,-772066000.0,1336888000.0,281317500.0,57303000.0,110113500.0,21.28332191035321,4.160428537309359,1.266061619297827,4.228663193606997,21.63238695074546,71.08658743633276,-0.0518897319709016,5.597244101005324,2007-03-01,-0.13,bmo,262993250.0,2025-04-23,2006-12-31,3.0,21.403333333333336,483260.3174603175
2006-09-30,LYV,USD,1335258,2006-11-14,2006-11-13 20:11:49,2006,Q3,1354789000.0,1119920000.0,234869000.0,0.1733620512,0,146817000.0,0.0,146817000.0,980708000.0,207302000.0,1327222000.0,0.0,0.0,62777000.0,90814000.0,0.0670318404,27567000.0,0.020347818,-12807000.0,15230000.0,0.0112416029,24331000.0,-9101000.0,-0.0067176512,-0.14,-0.14,65477685,65477685,https://www.sec.gov/Archives/edgar/data/1335258/000095012906009663/0000950129-06-009663-index.htm,https://www.sec.gov/Archives/edgar/data/1335258/000095012906009663/h41199e10vq.htm,20.690850631020325,-0.1389939183097264,-1.5352864109352675,-1.826423765592812,7.584049436078872,11.415705976776668,8.320040636745174,10.260961425255031,5.59013349357113,1337054327.7,1206497327.7,-36.72822568124382,0.9869096425347416,-13.300449905995404,-11.180318820135463,1.990066929765548,1.990066929765548,0.8905426067823108,13.285367098685226,-12.00172419051598,-10.088613828079271,-0.0068067540798103,-0.089442887639217,0.5447962682923925,0.1719441347972793,-1.4376307617768185,1.1068214668233385,0.0,11.045709262718384,0.0,0.0,0.1083689046781454,0.0,0.0952180299675821,-0.1896306464929819,0.0140708257891081,0.3036621692658139,0.0,,-0.0137805962552976,-0.0047251657520235,-8.329261335369447,102727000.0,544777000.0,-316896000.0,1085667000.0,302686000.0,72477500.0,265373500.0,20.85023571936294,5.943638831345096,16.704068147724836,4.316497962486817,15.142239048134126,5.387909053296,-0.0135458961932772,0.2911373546575447,2006-11-07,0.67,bmo,6483633071.0,2025-04-23,2006-09-30,-1.208955223880597,20.813650793650798,328674.6031746032
2006-06-30,LYV,USD,1335258,2006-08-11,2006-08-10 18:51:20,2006,Q2,768230000.0,604779000.0,163451000.0,0.2127631048,0,137145000.0,0.0,137145000.0,475592000.0,151769000.0,756548000.0,4496000.0,8348000.0,16493000.0,28175000.0,0.0366752145,11682000.0,0.0152063835,3354000.0,15036000.0,0.0195722635,5354000.0,9682000.0,0.0126029965,0.15,0.15,64462679,65329597,https://www.sec.gov/Archives/edgar/data/1335258/000095012906007810/0000950129-06-007810-index.htm,https://www.sec.gov/Archives/edgar/data/1335258/000095012906007810/h38448e10vq.htm,11.917438305659,0.1501954332366484,2.5593413516059424,2.36338300491669,9.36095131882434,11.587138660495324,8.55592737621097,10.56434530125563,5.820934001207117,1312460144.44,1075913144.44,33.88917951972733,1.7084208432891193,7.955171742614345,8.614769572957007,1.9272372702149467,1.9272372702149467,1.4005091501763796,38.186801932209406,6.521397149022318,7.0621145023958,0.007376985915356,0.116079715369189,0.5387397467863719,0.1559138779648858,-8.395634427684117,1.069016082137629,1.3993770963104937,17.04007436480066,0.0,0.0,0.1785207555029092,0.0,0.0830384773276059,0.0765659284043107,0.0164429923330252,0.76590068513915,0.0,5.975041375265272,0.0062934377474166,0.0044871313595887,-9.659538816250562,81847000.0,551538000.0,-338429000.0,1090448000.0,243869000.0,55779000.0,267629000.0,34.15098342944171,10.565098986571954,48.05062675787354,2.6353560267436,8.518613986900485,1.873024475903484,0.0142172021979248,0.1959583466892525,2006-08-04,0.35,bmo,1792536666.0,2025-04-23,2006-06-30,-0.5714285714285714,20.94,346982.5396825397
2006-03-31,LYV,USD,1335258,2006-05-10,2006-05-10 15:13:03,2006,Q1,516567000.0,377832000.0,138735000.0,0.2685711631,0,123395000.0,0.0,123395000.0,261816000.0,130672000.0,508504000.0,0.0,7813000.0,15110000.0,23173000.0,0.0448596213,8063000.0,0.0156088174,-6228000.0,1835000.0,0.0035522982,718000.0,5287000.0,0.0102348776,0.02,0.02,63971508,64480376,https://www.sec.gov/Archives/edgar/data/1335258/000095012906005265/0000950129-06-005265-index.htm,https://www.sec.gov/Archives/edgar/data/1335258/000095012906005265/h35972e10vq.htm,8.074954243692364,0.0826461680409347,0.6121006245467904,0.3098566943271058,6.390798228486344,10.061916939647569,7.672931518200259,9.661457410070746,5.8481503984555125,1269194718.72,1226667718.72,60.01488172498582,2.4569798665419973,32.41297133896877,64.02959937039653,2.05352041187073,2.05352041187073,2.3746536629711152,52.93521420273594,31.326907544500344,61.8841549147412,0.0041656334698051,0.0156177769318097,0.592666060466817,0.1935748099404851,-1.8351961334311484,1.0326788067988928,1.0319979521310636,35.05550581915846,0.0,0.0,0.2388751120377414,0.0,0.0807624787163994,0.4937814439308425,0.0374298009745105,1.2796161482461943,0.0016667731388183,4.2386147187782255,0.0045007089174075,0.0030394228143549,-9.167217849546397,27049000.0,490849000.0,-393854000.0,993338000.0,193218000.0,39108500.0,163712000.0,34.18842086312134,9.662151432382649,50.58653052150162,2.632470226113368,9.314695658605132,1.779129722322938,0.0085542133586168,0.3022439302196846,2006-05-05,-0.23,bmo,5940520500.0,2025-04-23,2006-03-31,-1.0869565217391304,17.384193548387096,882040.3225806452
2005-12-31,LYV,USD,1335258,2006-03-21,2006-03-21 16:19:01,2005,Q4,752257000.0,1150599000.0,-398342000.0,-0.529529137,0,0.0,0.0,-320683000.0,2829832000.0,-335559000.0,815040000.0,0.0,14106000.0,18239000.0,-44544000.0,-0.0592138059,-62783000.0,-0.0834595092,-13558000.0,-76341000.0,-0.101482605,58604000.0,-134945000.0,-0.1793868319,-2.0,-2.0,67565000,67565000,https://www.sec.gov/Archives/edgar/data/1335258/000095012906002894/0000950129-06-002894-index.htm,https://www.sec.gov/Archives/edgar/data/1335258/000095012906002894/h34204e10vk.htm,11.133826685414046,-1.9972618959520465,0.4616739436098572,0.1953674239621105,5.975223858506623,9.813690520239769,7.601583660179087,9.42351809368756,5.638229852734404,885101500.0,848226500.0,-1.6397448960687686,1.1765945680797918,28.37500400730933,67.05314393939393,1.390138997958222,1.390138997958222,1.1275754163803062,-19.04244118175287,27.19284775430385,64.25958333333334,-0.1524627401490111,0.0149135438139015,0.5761598869169153,0.2064867183313595,0.8278331537356322,1.0770673583991337,-4.45080107755565,-0.2311534328800622,0.0866623771397969,-0.5684167623846752,0.0,0.0,0.0841283046565768,0.5768281345173597,0.0239186873634941,0.9865124184439936,0.0016696421568692,,-0.1008287265781082,-0.0829347258934942,-7.542710723007474,54072000.0,513601000.0,-357830000.0,1012452000.0,216103500.0,52327000.0,57527500.0,22.75635853172519,2.9453006651318137,8.999616721377299,3.9549385669297137,30.55715196260689,10.000425883273218,-0.2119444008167111,0.2663065196477466,2006-03-21,,amc,,2025-04-23,2005-12-31,,12.215714285714286,3943771.4285714286
2005-09-30,LYV,USD,1335258,2005-09-30,2005-09-29 20:00:00,2005,Q3,998414000.0,781280000.0,217134000.0,0.2174789216,0,0.0,0.0,128141000.0,0.0,155266000.0,936546000.0,0.0,0.0,15633000.0,77501000.0,0.0776241118,61868000.0,0.0619662785,-18396000.0,43472000.0,0.0435410561,17389000.0,26083000.0,0.0261244334,0.39,0.39,67565000,67565000,,,14.777088729371716,0.3860430696366462,-1.3709316954044253,-1.717412861688744,4.040553541034559,3.463331606601051,1.1544438688670169,3.463331606601051,11.366831939613704,733080250.0,1228080250.0,7.026418069240501,0.7342447621928379,-7.914325736556296,-6.317642217568534,3.132821581196581,3.132821581196581,1.2300310792917568,15.845992309776648,-13.258339900892828,-10.583522928031575,0.035580006418124,-0.1582868996948151,3.282051282051282,0.4059196617336152,6.387014361105018,0.9775,0.0,-3.5512402714411686,0.0,0.0,0.0,0.0,0.0824524312896406,-0.2527340840143802,0.0234471872389609,1.497473293673639,0.0,5.484741671500351,0.0339931459397552,0.0150247695852534,-17.812476874121216,-18000000.0,78000000.0,-876000000.0,953000000.0,,,,21.814597952352432,7.718103624820808,0.0,4.125677685950413,11.66089552238806,0.0,0.1114658119658119,0.3464811662843188,2006-02-21,0.22,bmo,7570440900.0,2025-04-23,2005-09-30,-10.181818181818183,,
2005-06-30,LYV,USD,1335258,2005-06-30,2005-06-29 20:00:00,2005,Q2,741691000.0,583318000.0,158373000.0,0.2135296235,0,0.0,0.0,120227000.0,0.0,143115000.0,726433000.0,0.0,11702000.0,15282000.0,30540000.0,0.0411761771,15258000.0,0.0205719093,-13641000.0,1617000.0,0.0021801532,647000.0,970000.0,0.0013078223,0.0144,0.0144,67565000,67565000,,,10.97744394286983,0.0143565455487308,0.7679863834825723,0.3460223488492562,,,,,,733080250.0,,188.93820876288652,0.9883903808998626,14.127854651274836,31.35635613157107,0.0,0.0,,,,,0.001323183921542,0.0318914607234337,0.0,0.0,,0.0,1.3038796786874038,53.49381443298969,0.0,0.0,0.0,0.0,0.0,0.5494420782824876,0.0384391882873056,1.8655935087030493,0.0,,0.0,0.0,,,,,,,,,,,,0.0,0.0,0.0,0.0,0.421964034633316,2005-06-29,,amc,,2025-04-23,2005-06-30,,,
2005-03-31,LYV,USD,1335258,2005-03-31,2005-03-30 19:00:00,2005,Q1,444483000.0,314634000.0,129849000.0,0.2921349073,0,0.0,0.0,123031000.0,0.0,157375000.0,472009000.0,0.0,0.0,15477000.0,-12049000.0,-0.0271078984,-27526000.0,-0.0619281277,-10353000.0,-37879000.0,-0.0852203571,-15152000.0,-22727000.0,-0.0511313144,-0.34,-0.34,67565000,67565000,,,6.578598386738696,-0.3363723821505217,0.3471915932805446,0.0125952786205875,,,,,,733080250.0,,-8.063979517754213,1.6492874868105192,31.250756671498,861.4339012925969,0.0,0.0,,,,,-0.0310020628710158,0.0011608551724043,0.0,0.0,,0.0,0.0,-1.0321643859726315,0.0,0.0,0.0,0.0,0.0,0.9637223974763408,0.0508613377789476,1.4606835950119532,0.0,,0.0,0.0,,,,,,,,,,,,0.0,0.0,0.0,0.0,0.3345963146599571,2005-03-30,,amc,,2025-04-23,2005-03-31,,,
