date,symbol,reportedCurrency,cik,fillingDate,acceptedDate,calendarYear,period,revenue,costOfRevenue,grossProfit,grossProfitRatio,researchAndDevelopmentExpenses,generalAndAdministrativeExpenses,sellingAndMarketingExpenses,sellingGeneralAndAdministrativeExpenses,otherExpenses,operatingExpenses,costAndExpenses,interestIncome,interestExpense,depreciationAndAmortization,ebitda,ebitdaratio,operatingIncome,operatingIncomeRatio,totalOtherIncomeExpensesNet,incomeBeforeTax,incomeBeforeTaxRatio,incomeTaxExpense,netIncome,netIncomeRatio,eps,epsdiluted,weightedAverageShsOut,weightedAverageShsOutDil,link,finalLink,revenuePerShare,netIncomePerShare,operatingCashFlowPerShare,freeCashFlowPerShare,cashPerShare,bookValuePerShare,tangibleBookValuePerShare,shareholdersEquityPerShare,interestDebtPerShare,marketCap,enterpriseValue,peRatio,priceToSalesRatio,pocfratio,pfcfRatio,pbRatio,ptbRatio,evToSales,enterpriseValueOverEBITDA,evToOperatingCashFlow,evToFreeCashFlow,earningsYield,freeCashFlowYield,debtToEquity,debtToAssets,netDebtToEBITDA,currentRatio,interestCoverage,incomeQuality,dividendYield,payoutRatio,salesGeneralAndAdministrativeToRevenue,researchAndDdevelopementToRevenue,intangiblesToTotalAssets,capexToOperatingCashFlow,capexToRevenue,capexToDepreciation,stockBasedCompensationToRevenue,grahamNumber,roic,returnOnTangibleAssets,grahamNetNet,workingCapital,tangibleAssetValue,netCurrentAssetValue,investedCapital,averageReceivables,averagePayables,averageInventory,daysSalesOutstanding,daysPayablesOutstanding,daysOfInventoryOnHand,receivablesTurnover,payablesTurnover,inventoryTurnover,roe,capexPerShare,report_date,epsEstimated,time,revenueEstimated,updatedFromDate,fiscalDateEnding,surprise(%),QuarterAvgPrice,QuarterAvgVolume
2025-03-31,MA,USD,1141391,2025-05-01,2025-05-01 10:14:31,2025,Q1,7250000000.0,1688000000.0,5562000000.0,0.7671724138,0,834000000.0,152000000.0,986000000.0,427000000.0,1413000000.0,3101000000.0,0.0,0.0,275000000.0,4488000000.0,0.6190344828,4149000000.0,0.5722758621,-118000000.0,4031000000.0,0.556,751000000.0,3280000000.0,0.4524137931,3.6,3.59,912000000,914000000,https://www.sec.gov/Archives/edgar/data/1141391/000114139125000090/0001141391-25-000090-index.htm,https://www.sec.gov/Archives/edgar/data/1141391/000114139125000090/ma-20250331.htm,7.949561403508772,3.5964912280701755,2.6096491228070176,2.43530701754386,8.655701754385966,7.342105263157895,-8.979166666666666,7.31469298245614,20.61622807017544,499885440000.0,511112440000.0,38.1010243902439,68.94971586206897,210.03589915966387,225.0722377307519,74.93410882926098,74.93410882926098,70.4982675862069,113.88423351158646,214.75312605042012,230.12716794236832,0.0065615033716525,0.0044430179842805,2.8184679958027283,0.3879100474520321,2.501559714795009,1.1108368857976216,0.0,0.725609756097561,0.0013883180914411,0.2115853658536585,0.1150344827586206,0.0,0.3070971735093872,0.0668067226890756,0.0219310344827586,0.5781818181818181,0.0177931034482758,24.329255143081845,0.1101760941503038,0.0976626470150364,-33.88843201754386,1976000000.0,-8189000000.0,-21970000000.0,19032000000.0,3869000000.0,961000000.0,0.0,49.220689655172414,52.94431279620853,0.0,1.828499369482976,1.699899295065458,0.0,0.4916804077349723,0.1743421052631578,2025-05-01,3.58,bmo,7130327275.0,2025-05-11,2025-03-31,0.0418994413407821,544.3888333333333,2761658.6166666667
2024-12-31,MA,USD,1141391,2025-02-12,2025-02-12 14:30:36,2024,Q4,7489000000.0,1653000000.0,5836000000.0,0.7792762719,0,1076000000.0,295000000.0,1371000000.0,527000000.0,1898000000.0,3551000000.0,0.0,184000000.0,231000000.0,4306000000.0,0.5749766324,3938000000.0,0.5258378956,-47000000.0,3891000000.0,0.5195620243,549000000.0,3342000000.0,0.4462545066,3.64,3.64,917000000,919000000,https://www.sec.gov/Archives/edgar/data/1141391/000114139125000011/0001141391-25-000011-index.htm,https://www.sec.gov/Archives/edgar/data/1141391/000114139125000011/ma-20241231.htm,8.166848418756816,3.644492911668484,5.2715376226826605,5.1679389312977095,9.5659760087241,7.104689203925846,-8.866957470010906,7.0719738276990185,20.0763358778626,482864690000.00006,492648690000.00006,36.12093731298624,64.47652423554547,99.88926148117504,101.89168389955688,74.4587031611411,74.4587031611411,65.78297369475231,114.4098211797492,101.91325817128671,103.95625448406838,0.0069211935956634,0.0098143436414868,2.810485736314572,0.3790686549780578,2.272178355782629,1.026222684703434,21.40217391304348,1.4464392579293837,0.0012550099697702,0.1813285457809695,0.143677393510482,0.0,0.3046109689898296,0.0196524617294166,0.0126852717318734,0.4112554112554112,0.0144211510214981,24.08131154957029,0.114226758393538,0.0999551368326603,-32.67639040348964,504000000.0,-8131000000.0,-21842000000.0,17288000000.0,3893500000.0,920000000.0,0.0,45.34250233676059,50.58076225045371,0.0,1.984892658362046,1.7793326157158236,0.0,0.515343099460293,0.1035986913849509,2025-01-30,3.71,bmo,7385341101.0,2025-04-30,2024-12-31,0.0296495956873315,517.69921875,2482837.703125
2024-09-30,MA,USD,1141391,2024-10-31,2024-10-31 10:27:36,2024,Q3,7369000000.0,1899000000.0,5470000000.0,0.7422988194,0,829000000.0,220000000.0,1049000000.0,417000000.0,1466000000.0,3365000000.0,0.0,159000000.0,225000000.0,4250000000.0,0.576740399,4004000000.0,0.5433573076,-138000000.0,3866000000.0,0.5246302076,603000000.0,3263000000.0,0.4428009228,3.54,3.53,923000000,925000000,https://www.sec.gov/Archives/edgar/data/1141391/000114139124000202/0001141391-24-000202-index.htm,https://www.sec.gov/Archives/edgar/data/1141391/000114139124000202/ma-20240930.htm,7.9837486457204765,3.535211267605634,5.485373781148429,5.8049837486457205,12.352112676056338,8.123510292524378,-4.829902491874323,8.060671722643553,20.06175514626219,455777400000.0,463072400000.0,34.92011952191235,61.85064459221061,90.0212127197314,85.06483762597985,61.260403225806456,61.260403225806456,62.840602524087394,108.95821176470588,91.46205806833892,86.42635311683463,0.0071591965727129,0.0117557386566336,2.4674731182795697,0.3886360268433643,1.7164705882352942,1.2894645541806409,25.18238993710692,1.5516395954642968,0.0013405666889143,0.1872509960159362,0.1124983037047089,0.0,0.2531066748523403,0.0582658502863914,0.0400325688695888,1.3111111111111111,0.0210340616094449,25.32121627633813,0.1101057383376575,0.0924860406451064,-27.44041170097508,5006000000.0,-4458000000.0,-17439000000.0,19138000000.0,4104500000.0,873000000.0,0.0,49.02429094856833,43.17535545023696,0.0,1.8358246138515195,2.084522502744237,0.0,0.4385752688172043,0.3196099674972914,2024-10-31,3.74,bmo,7265622455.0,2025-04-25,2024-09-30,0.0401069518716577,465.04015625,2466680.65625
2024-06-30,MA,USD,1141391,2024-07-31,2024-07-31 10:19:22,2024,Q2,6961000000.0,1607000000.0,5354000000.0,0.7691423646,0,806000000.0,184000000.0,990000000.0,328000000.0,1318000000.0,2925000000.0,0.0,153000000.0,225000000.0,4317000000.0,0.6201695159,4036000000.0,0.5798017526,-97000000.0,3939000000.0,0.5658669731,681000000.0,3258000000.0,0.4680362017,3.51,3.5,929000000,930000000,https://www.sec.gov/Archives/edgar/data/1141391/000114139124000161/0001141391-24-000161-index.htm,https://www.sec.gov/Archives/edgar/data/1141391/000114139124000161/ma-20240630.htm,7.493003229278794,3.506996770721205,3.473627556512379,3.155005382131324,7.920344456404736,8.053821313240043,-4.553283100107643,7.98815931108719,16.96232508073197,406539690000.0,415148690000.0,31.19549493554328,58.402483838528944,125.98069104431362,138.70340839303992,54.78233256973454,54.78233256973454,59.63923143226548,96.1660157516794,128.6484939572358,141.6406311838963,0.0080139776758328,0.0072096281669324,2.102816332030724,0.3686249498027543,1.994208941394487,1.1401821213287162,26.37908496732026,0.9904849600982196,0.001512767424996,0.1887661141804788,0.1157879614997845,0.0,0.2766635957763447,0.0917260613572978,0.0425226260594742,1.3155555555555556,0.0222669156730354,25.106276116337117,0.123118315542382,0.1063975702948956,-26.207481162540365,2186000000.0,-4230000000.0,-17071000000.0,16046000000.0,4213000000.0,812500000.0,0.0,54.2378968539003,46.76415681393902,0.0,1.6593563766388555,1.9245508982035928,0.0,0.4390243902439024,0.3186221743810549,2024-07-31,3.51,bmo,6851770003.0,2025-04-25,2024-06-30,0.0227920227920228,455.54285714285714,2477974.26984127
2024-03-31,MA,USD,1141391,2024-05-01,2024-05-01 10:22:38,2024,Q1,6348000000.0,1514000000.0,4834000000.0,0.7614996849,0,744000000.0,116000000.0,860000000.0,370000000.0,1230000000.0,2744000000.0,0.0,150000000.0,216000000.0,3924000000.0,0.618147448,3604000000.0,0.5677378702,-46000000.0,3558000000.0,0.5604914934,547000000.0,3011000000.0,0.4743226213,3.23,3.22,933000000,935000000,https://www.sec.gov/Archives/edgar/data/1141391/000114139124000087/0001141391-24-000087-index.htm,https://www.sec.gov/Archives/edgar/data/1141391/000114139124000087/ma-20240331.htm,6.803858520900322,3.227224008574491,1.77491961414791,1.369774919614148,8.206859592711682,7.832797427652733,-4.673097534833869,7.763129689174705,16.912111468381564,446347200000.0,454683200000.0,37.05971438060445,70.31304347826087,269.5333333333333,349.25446009389674,61.6246306778959,61.6246306778959,71.62621298046629,115.872375127421,274.5671497584541,355.77715179968703,0.0067458695831406,0.0028632418888255,2.157807538312854,0.3668607107647528,2.124362895005097,1.089855072463768,24.026666666666667,0.549983394221189,0.0013800915520473,0.2045831949518432,0.1172022684310018,0.0,0.2738838552180648,0.2282608695652173,0.0595463137996219,1.75,0.0170132325141776,23.742379126323797,0.1123320706222972,0.0973362643046486,-26.220525187566988,1519000000.0,-4360000000.0,-16870000000.0,15264000000.0,4145500000.0,812000000.0,0.0,59.98582230623819,46.96169088507265,0.0,1.5003545261167572,1.916455696202532,0.0,0.4157117216622946,0.405144694533762,2024-05-01,3.24,bmo,6338410406.0,2025-04-25,2024-03-31,0.0216049382716048,457.15,2443131.016393442
2023-12-31,MA,USD,1141391,2024-02-13,2024-02-13 12:47:32,2023,Q4,6548000000.0,1528000000.0,5020000000.0,0.7666463042,0,853000000.0,264000000.0,1117000000.0,531000000.0,1648000000.0,3176000000.0,0.0,148000000.0,205000000.0,3674000000.0,0.5610873549,3372000000.0,0.514966402,-51000000.0,3321000000.0,0.5071777642,530000000.0,2791000000.0,0.4262370189,2.98,2.97,936000000,939000000,https://www.sec.gov/Archives/edgar/data/1141391/000114139124000022/0001141391-24-000022-index.htm,https://www.sec.gov/Archives/edgar/data/1141391/000114139124000022/ma-20231231.htm,6.995726495726496,2.981837606837607,4.412393162393163,4.330128205128205,9.807692307692308,7.47542735042735,-5.073717948717949,7.402777777777778,16.911324786324787,399213360000.0,406306360000.0,35.75898960945897,60.96722052535125,96.66183050847457,98.49823834196891,57.61485928705441,57.61485928705441,62.05045204642639,110.58964616222102,98.37926392251816,100.24830002467309,0.0069912489902642,0.0101524658393196,2.2630971280127,0.3694166980776479,1.9305933587370712,1.1658263649778653,22.783783783783782,1.479756359727696,0.001337630584307,0.1913292726621282,0.1302687843616371,0.0,0.2767150395778364,0.0186440677966101,0.0117593158216249,0.375609756097561,0.0131337813072693,22.285922157023005,0.1024422833848649,0.090906129893818,-24.81410256410257,2697000000.0,-4749000000.0,-16490000000.0,16504000000.0,3992500000.0,711500000.0,0.0,55.803298717165546,49.12303664921466,0.0,1.612807881773399,1.8321342925659472,0.0,0.4027998268148361,0.0822649572649572,2024-01-31,3.08,bmo,5958210000.0,2025-04-25,2023-12-31,0.0324675324675324,401.731746031746,2564903.603174603
2023-09-30,MA,USD,1141391,2023-10-26,2023-10-26 10:11:53,2023,Q3,6533000000.0,1573000000.0,4960000000.0,0.7592224093,0,687000000.0,193000000.0,880000000.0,236000000.0,1116000000.0,2689000000.0,0.0,151000000.0,211000000.0,4123000000.0,0.6311036277,3844000000.0,0.5883973672,-83000000.0,3761000000.0,0.5756926374,563000000.0,3198000000.0,0.4895147712,3.4,3.39,941000000,943000000,https://www.sec.gov/Archives/edgar/data/1141391/000114139123000157/0001141391-23-000157-index.htm,https://www.sec.gov/Archives/edgar/data/1141391/000114139123000157/ma-20230930.htm,6.942614240170032,3.3985122210414453,3.435706695005313,3.325185972369819,7.961742826780021,6.781083953241232,-5.450584484590861,6.706695005313496,16.702444208289055,372551310000.0,381227310000.0,29.1237734521576,57.02606918720343,115.23393442622952,119.06401725790988,59.03205672635082,59.03205672635082,58.35409612735344,92.46357264128062,117.91751005258274,121.83678811121764,0.0085840524893067,0.0083988431016388,2.4664870860402472,0.3923476332106669,2.1042929905408685,1.1697086576210485,25.456953642384107,1.0109443402126328,0.0014440963850053,0.1682301438398999,0.105158426450329,0.0,0.2901144326259011,0.0321682647695638,0.015919179549977,0.4928909952606635,0.0200520434716056,22.645919303773024,0.1259857916623725,0.1135492117596932,-24.2903825717322,2464000000.0,-5129000000.0,-16310000000.0,15946000000.0,3844000000.0,616000000.0,0.0,54.07163630797489,33.69993642720916,0.0,1.664458598726115,2.6706281833616297,0.0,0.5067342734907305,0.1105207226354941,2023-10-26,3.21,bmo,6519430000.0,2025-04-25,2023-09-30,0.0560747663551402,401.4047619047619,2281010.9206349207
2023-06-30,MA,USD,1141391,2023-07-27,2023-07-27 10:19:39,2023,Q2,6269000000.0,1495000000.0,4774000000.0,0.7615249641,0,681000000.0,201000000.0,882000000.0,236000000.0,1118000000.0,2613000000.0,0.0,144000000.0,192000000.0,4040000000.0,0.6444408997,3656000000.0,0.5831871112,48000000.0,3704000000.0,0.5908438347,859000000.0,2845000000.0,0.453820386,3.01,3.0,946000000,949000000,https://www.sec.gov/Archives/edgar/data/1141391/000114139123000131/0001141391-23-000131-index.htm,https://www.sec.gov/Archives/edgar/data/1141391/000114139123000131/ma-20230630.htm,6.626849894291754,3.007399577167019,2.85200845665962,2.7674418604651163,6.885835095137421,5.897463002114165,-6.394291754756871,5.818181818181818,16.66384778012685,372061800000.0,381511800000.0,32.69435852372584,59.34946562450151,137.90281690140844,142.11680672268906,67.5984375,67.5984375,60.85688307545063,94.43361386138614,141.4054114158636,145.72643239113827,0.0076465791435723,0.0070364654474068,2.837936046511628,0.4004717464875397,2.339108910891089,1.1294069417873736,25.38888888888889,0.948330404217926,0.0014540595137689,0.1901581722319859,0.1086297655128409,0.0,0.2981232694082658,0.0296515937731653,0.0127612059339607,0.4166666666666667,0.0215345350135587,19.841772719374617,0.1117130822874664,0.1039231443600233,-25.46379492600423,1894000000.0,-6049000000.0,-16895000000.0,15508000000.0,3637000000.0,689000000.0,0.0,54.022970170681134,38.709030100334445,0.0,1.6659580122242892,2.325038880248833,0.0,0.5168968023255814,0.0845665961945031,2023-07-27,2.82,bmo,5583590000.0,2025-04-25,2023-06-30,0.024822695035461,375.2340322580645,2817869.483870968
2023-03-31,MA,USD,1141391,2023-04-27,2023-04-27 10:45:20,2023,Q1,5748000000.0,1426000000.0,4322000000.0,0.7519137091,0,601000000.0,167000000.0,768000000.0,418000000.0,1186000000.0,2612000000.0,0.0,132000000.0,191000000.0,3176000000.0,0.5525400139,3136000000.0,0.5455810717,-283000000.0,2853000000.0,0.4963465553,492000000.0,2361000000.0,0.4107515658,2.48,2.47,953000000,956000000,https://www.sec.gov/Archives/edgar/data/1141391/000114139123000059/0001141391-23-000059-index.htm,https://www.sec.gov/Archives/edgar/data/1141391/000114139123000059/ma-20230331.htm,6.031479538300105,2.477439664218258,2.013641133263379,1.8982161594963272,7.311647429171039,5.673662119622246,-6.500524658971669,5.5928646379853095,16.474291710388247,346329730000.0,355331730000.0,36.67193244387971,60.25221468336813,180.474064616988,191.44816473189607,64.97743527204503,64.97743527204503,61.81832463465553,111.8802676322418,185.1650495049505,196.42439469320067,0.006817202785334,0.0052233459714821,2.920825515947467,0.3998356276967331,2.834382871536524,1.202842282616658,23.75757575757576,0.8127911901736552,0.0015736448615023,0.230834392206692,0.1045581071677105,0.0,0.2979761660160263,0.0573215216258468,0.0191370911621433,0.5759162303664922,0.0187891440501043,17.65671700916796,0.1041118720712851,0.0863759420501939,-25.10781741867786,2769000000.0,-6195000000.0,-17109000000.0,16377000000.0,3468000000.0,830500000.0,0.0,54.97390396659708,46.38849929873773,0.0,1.6371404158359442,1.9401360544217687,0.0,0.4429643527204502,0.1154249737670514,2023-04-27,2.72,bmo,5642980000.0,2025-04-25,2023-03-31,0.0294117647058822,363.2264516129033,2888438.2580645164
2022-12-31,MA,USD,1141391,2023-02-14,2023-02-14 16:48:22,2022,Q4,5817000000.0,1381000000.0,4436000000.0,0.7625924016,0,844000000.0,216000000.0,1060000000.0,192000000.0,1252000000.0,2633000000.0,0.0,127000000.0,184000000.0,3400000000.0,0.5844937253,3184000000.0,0.5473611827,-95000000.0,3089000000.0,0.5310297404,564000000.0,2525000000.0,0.434072546,2.63,2.62,960000000,963000000,https://www.sec.gov/Archives/edgar/data/1141391/000114139123000020/0001141391-23-000020-index.htm,https://www.sec.gov/Archives/edgar/data/1141391/000114139123000020/ma-20221231.htm,6.059375,2.630208333333333,3.2291666666666665,2.8760416666666666,7.716666666666667,6.642708333333333,-5.2125,6.560416666666667,14.739583333333334,333820800000.0,340835800000.0,33.05156435643564,57.38710675605982,107.68412903225808,120.90575878304962,53.00425531914894,53.00425531914894,58.59305483926423,100.24582352941177,109.94703225806452,123.44650488953278,0.0075639384963429,0.0082709046290704,2.2265798666243253,0.3621268464001653,2.0632352941176477,1.1718297932397148,25.070866141732285,1.2277227722772277,0.0014169278846614,0.1873267326732673,0.1450919718067732,0.0,0.293900423509968,0.1093548387096774,0.0582774626095925,1.8423913043478264,0.0037820182224514,19.703893224515937,0.1042437850270547,0.092345390044984,-23.30234375,2435000000.0,-5004000000.0,-15741000000.0,15822000000.0,3296000000.0,770500000.0,0.0,52.99123259412068,60.34757422157857,0.0,1.6983941605839417,1.4913606911447084,0.0,0.4009209272785011,0.353125,2023-01-26,2.58,bmo,5792990479.0,2025-04-25,2022-12-31,0.0271317829457363,329.1549206349206,2789761.26984127
2022-09-30,MA,USD,1141391,2022-10-27,2022-10-27 10:06:30,2022,Q3,5756000000.0,1382000000.0,4374000000.0,0.7599027102,0,649000000.0,182000000.0,831000000.0,431000000.0,1262000000.0,2644000000.0,0.0,120000000.0,185000000.0,3377000000.0,0.5866921473,3112000000.0,0.5406532314,-40000000.0,3072000000.0,0.5337039611,573000000.0,2499000000.0,0.4341556637,2.59,2.58,965000000,968000000,https://www.sec.gov/Archives/edgar/data/1141391/000114139122000163/0001141391-22-000163-index.htm,https://www.sec.gov/Archives/edgar/data/1141391/000114139122000163/ma-20220930.htm,5.964766839378238,2.589637305699482,3.995854922279793,3.70880829015544,8.336787564766839,6.676683937823834,-4.471502590673575,6.591709844559586,15.185492227979276,274388100000.0,281289100000.0,27.449789915966385,47.66992703266156,71.15873962655601,76.6661357921207,43.13600062883194,43.13600062883194,48.86884989576095,83.2955581877406,72.94841804979254,78.59432802458787,0.0091075378268955,0.0130435685804158,2.2848608709322438,0.3864192279059874,2.043529760142138,1.248367468091422,25.933333333333337,1.543017206882753,0.001727480164045,0.1896758703481392,0.1127519110493398,0.0,0.2860257364670849,0.0718360995850622,0.0481236970118137,1.497297297297297,0.0170257123002084,19.5979105707957,0.1027744016929197,0.093058762195576,-21.501295336787564,3347000000.0,-4315000000.0,-14346000000.0,16056000000.0,3171000000.0,624000000.0,0.0,49.51876302988187,40.0506512301013,0.0,1.8174928954846856,2.247154471544716,0.0,0.3928627574280773,0.2870466321243523,2022-10-27,2.56,bmo,5653090751.0,2025-04-25,2022-09-30,0.046875,331.49625,2607733.0625
2022-06-30,MA,USD,1141391,2022-07-28,2022-07-28 13:25:14,2022,Q2,5497000000.0,1319000000.0,4178000000.0,0.7600509369,0,593000000.0,210000000.0,803000000.0,357000000.0,1160000000.0,2479000000.0,0.0,114000000.0,189000000.0,3101000000.0,0.5641258868,3018000000.0,0.5490267419,-220000000.0,2798000000.0,0.5090049118,523000000.0,2275000000.0,0.4138621066,2.34,2.34,971000000,974000000,https://www.sec.gov/Archives/edgar/data/1141391/000114139122000150/0001141391-22-000150-index.htm,https://www.sec.gov/Archives/edgar/data/1141391/000114139122000150/ma-20220630.htm,5.661174047373842,2.3429454170957777,2.53038105046344,2.337796086508754,6.5489186405767255,6.449021627188466,-5.08032955715757,6.355303810504634,15.030895983522145,306331080000.0,314891080000.0,33.662756043956044,55.72695652173913,124.67687423687424,134.94761233480176,49.64042780748664,49.64042780748664,57.28416954702565,101.54501128668171,128.16079772079772,138.71853744493393,0.0074266052272593,0.0074102830179686,2.346621293145357,0.3996853523225966,2.760399871009352,1.2586677699627635,26.473684210526315,1.08,0.0015571387663308,0.2096703296703296,0.1078770238311806,0.0,0.30898953934476,0.0761090761090761,0.0340185555757686,0.9894179894179894,0.0183736583591049,18.30376801601644,0.0986245637167154,0.0908691484262661,-21.862770339855818,3126000000.0,-4933000000.0,-14758000000.0,16271000000.0,3032000000.0,649500000.0,0.0,51.98289976350737,43.19181197877179,0.0,1.7313385826771654,2.0837282780410744,0.0,0.3686598606384703,0.1925849639546858,2022-07-28,2.36,bmo,5266730496.0,2025-04-25,2022-06-30,0.0847457627118644,344.3885483870968,3370425.3225806453
2022-03-31,MA,USD,1141391,2022-04-28,2022-04-28 10:16:49,2022,Q1,5167000000.0,1181000000.0,3986000000.0,0.771434101,0,627000000.0,181000000.0,808000000.0,228000000.0,1036000000.0,2217000000.0,0.0,110000000.0,192000000.0,3075000000.0,0.5951228953,2950000000.0,0.5709309077,-177000000.0,2773000000.0,0.5366750532,142000000.0,2631000000.0,0.5091929553,2.69,2.68,977000000,981000000,https://www.sec.gov/Archives/edgar/data/1141391/000114139122000088/0001141391-22-000088-index.htm,https://www.sec.gov/Archives/edgar/data/1141391/000114139122000088/ma-20220331.htm,5.288638689866939,2.692937563971341,1.8239508700102351,1.5230296827021494,7.500511770726715,7.297850562947799,-4.268167860798362,7.199590583418629,15.103377686796316,349160260000.0,356927260000.0,33.17752375522615,67.57504548093671,195.93729517396184,234.6507123655914,49.63893375035541,49.63893375035541,69.07823882330172,116.07390569105692,200.2958810325477,239.87047043010756,0.0075352217918499,0.0042616533737258,2.0821723059425645,0.3941016602534779,2.5258536585365854,1.3374413145539903,26.818181818181817,0.677309007981756,0.0013718628803862,0.1820600532117065,0.1213470098703309,0.0,0.3040658719694319,0.1649831649831649,0.0568995548674279,1.53125,0.0143216566673117,20.886145608137067,0.1075975923658465,0.1017283377798399,-21.02175025588536,4025000000.0,-4170000000.0,-14080000000.0,17282000000.0,2947500000.0,702000000.0,0.0,50.32126959550997,50.75359864521592,0.0,1.7885081343025269,1.7732732732732732,0.0,0.3740403753198749,0.300921187308086,2022-04-28,2.17,bmo,4908521235.0,2025-04-25,2022-03-31,0.2718894009216589,359.4972580645161,4915350.70967742
2021-12-31,MA,USD,1141391,2022-02-11,2022-02-11 09:52:16,2021,Q4,5216000000.0,1089000000.0,4127000000.0,0.7912193252,0,757000000.0,338000000.0,1095000000.0,205000000.0,1300000000.0,2389000000.0,0.0,108000000.0,189000000.0,3120000000.0,0.5981595092,2827000000.0,0.5419861963,-4000000.0,2823000000.0,0.5412193252,444000000.0,2379000000.0,0.4560966258,2.42,2.41,982000000,986000000,https://www.sec.gov/Archives/edgar/data/1141391/000114139122000023/0001141391-22-000023-index.htm,https://www.sec.gov/Archives/edgar/data/1141391/000114139122000023/ma-20211231.htm,5.311608961303462,2.4226069246435844,3.247454175152749,3.015274949083503,8.038696537678208,7.547861507128309,-3.992871690427698,7.446028513238289,14.265784114052954,352852240000.0,359332240000.0,37.079890710382514,67.64805214723927,110.64667293822517,119.16657885849376,48.25659737417943,48.25659737417943,68.89038343558282,115.17058974358974,112.6786578864848,121.35502870651808,0.0067421989442379,0.0083916145749847,1.901121444201313,0.3690302370649606,2.076923076923077,1.2877222306640328,26.175925925925927,1.3404791929382094,0.0012299766043712,0.1824295922656578,0.1451303680981595,0.0,0.3008574690063447,0.0714957666980244,0.0437116564417177,1.2063492063492065,0.0061349693251533,20.14629011352846,0.0936982176528114,0.0903326245443499,-20.477087576374743,3787000000.0,-3921000000.0,-13308000000.0,17027000000.0,3343500000.0,647500000.0,0.0,51.86733128834357,60.99173553719008,0.0,1.73519627411843,1.475609756097561,0.0,0.3253555798687089,0.2321792260692464,2022-01-27,2.21,bmo,5174416559.0,2025-04-25,2021-12-31,0.0633484162895928,345.829375,4896052.75
2021-09-30,MA,USD,1141391,2021-10-28,2021-10-28 10:12:34,2021,Q3,4985000000.0,1166000000.0,3819000000.0,0.7660982949,0,646000000.0,222000000.0,868000000.0,234000000.0,1102000000.0,2268000000.0,0.0,110000000.0,188000000.0,3114000000.0,0.6246740221,2717000000.0,0.5450351053,99000000.0,2816000000.0,0.5648946841,402000000.0,2414000000.0,0.4842527583,2.45,2.44,986000000,990000000,https://www.sec.gov/Archives/edgar/data/1141391/000114139121000182/0001141391-21-000182-index.htm,https://www.sec.gov/Archives/edgar/data/1141391/000114139121000182/ma-20210930.htm,5.055780933062881,2.4482758620689653,2.579107505070994,2.3265720081135903,7.0141987829614605,6.898580121703854,-4.389452332657201,6.798174442190669,14.169371196754565,342812480000.0,350267480000.0,35.502535211267606,68.76880240722167,134.8063232402674,149.43874455100263,51.1431418767716,51.1431418767716,70.2642888665998,112.48152858060372,137.7379001179709,152.68852659110723,0.0070417506387165,0.0066917050394431,2.067880053707295,0.3914430951708557,2.3940269749518306,1.330507741544849,24.7,1.0534382767191384,0.0012659982507054,0.1797845898922949,0.1295887662988966,0.0,0.3143179892685682,0.097915847424302,0.0499498495486459,1.324468085106383,0.0178535606820461,19.351631555023086,0.0950705258377893,0.0994233937397034,-19.20005070993915,3821000000.0,-4328000000.0,-13226000000.0,16811000000.0,3695500000.0,552000000.0,0.0,66.45737211634905,42.99313893653516,0.0,1.3542515620755229,2.0933572710951527,0.0,0.3601372519767268,0.2525354969574036,2021-10-28,2.19,bmo,4957750000.0,2025-04-25,2021-09-30,0.0821917808219178,363.6315625,3637028.359375
2021-06-30,MA,USD,1141391,2021-07-29,2021-07-29 10:27:00,2021,Q2,4528000000.0,1130000000.0,3398000000.0,0.7504416961,0,580000000.0,216000000.0,796000000.0,261000000.0,1057000000.0,2187000000.0,0.0,106000000.0,186000000.0,2770000000.0,0.6117491166,2341000000.0,0.5170053004,137000000.0,2478000000.0,0.5472614841,412000000.0,2066000000.0,0.4562720848,2.09,2.08,990000000,994000000,https://www.sec.gov/Archives/edgar/data/1141391/000114139121000156/0001141391-21-000156-index.htm,https://www.sec.gov/Archives/edgar/data/1141391/000114139121000156/ma-20210630.htm,4.573737373737374,2.0868686868686868,2.290909090909091,2.095959595959596,6.828282828282828,6.635353535353535,-4.752525252525253,6.5070707070707074,14.146464646464649,361439100000.0,369122100000.0,43.73658034849952,79.82312279151944,159.36468253968252,174.18751807228915,56.10665942253958,56.10665942253958,81.519898409894,133.25707581227437,162.75224867724867,177.8901686746988,0.0057160390228948,0.0057409394833043,2.157559764048432,0.3981266649480106,2.773646209386281,1.3347791449057271,22.08490566037736,1.0977734753146176,0.0012007555353031,0.2100677637947725,0.1280918727915194,0.0,0.3229354644667869,0.0850970017636684,0.0426236749116607,1.0376344086021505,0.0192137809187279,17.479603750974814,0.0804425688007231,0.0874053390870245,-18.98939393939394,3782000000.0,-4705000000.0,-13263000000.0,16895000000.0,4018000000.0,511500000.0,0.0,73.74116607773851,43.56637168141593,0.0,1.2204851752021564,2.0658135283363803,0.0,0.3207078547035082,0.1949494949494949,2021-07-29,1.75,bmo,4528000000.0,2025-04-25,2021-06-30,0.1142857142857142,371.7996825396826,3156391.1587301586
2021-03-31,MA,USD,1141391,2021-04-29,2021-04-29 10:12:52,2021,Q1,4155000000.0,1104000000.0,3051000000.0,0.7342960289,0,564000000.0,119000000.0,683000000.0,171000000.0,854000000.0,1958000000.0,0.0,107000000.0,163000000.0,2460000000.0,0.5920577617,2197000000.0,0.5287605295,-7000000.0,2190000000.0,0.5270758123,362000000.0,1828000000.0,0.4399518652,1.84,1.83,994000000,998000000,https://www.sec.gov/Archives/edgar/data/1141391/000114139121000091/0001141391-21-000091-index.htm,https://www.sec.gov/Archives/edgar/data/1141391/000114139121000091/ma-20210331.htm,4.1800804828973845,1.8390342052313884,1.471830985915493,1.3269617706237424,7.78169014084507,6.49195171026157,-3.942655935613682,6.365191146881288,14.061368209255534,353913700000.0,360537700000.0,48.401764223194746,85.17778580024067,241.90956937799044,268.3197119029568,55.93704757388968,55.93704757388968,86.77200962695548,146.5600406504065,246.4372522214628,273.34169825625474,0.0051651009836578,0.0037268972633723,2.1921921921921923,0.3985632183908046,2.6926829268292685,1.4296296296296296,20.53271028037383,0.800328227571116,0.0012404153894014,0.2401531728665208,0.135740072202166,0.0,0.2980459770114942,0.0984278879015721,0.0346570397111913,0.8834355828220859,0.0156438026474127,16.229004758268164,0.0764929891705359,0.0748321598166038,-17.472334004024145,4930000000.0,-3919000000.0,-11942000000.0,17152000000.0,3486000000.0,501500000.0,0.0,93.70397111913358,38.80434782608696,0.0,0.9604715672676838,2.319327731092437,0.0,0.2889204994468152,0.1448692152917505,2021-04-29,1.57,bmo,3975080000.0,2025-04-25,2021-03-31,0.10828025477707,348.9050819672131,4572675.950819672
2020-12-31,MA,USD,1141391,2021-02-12,2021-02-12 10:44:10,2020,Q4,4120000000.0,970000000.0,3150000000.0,0.7645631068,0,636000000.0,242000000.0,878000000.0,214000000.0,1092000000.0,2062000000.0,0.0,105000000.0,150000000.0,2423000000.0,0.5881067961,2058000000.0,0.4995145631,110000000.0,2168000000.0,0.5262135922,383000000.0,1785000000.0,0.4332524272,1.79,1.78,996000014,1001000015,https://www.sec.gov/Archives/edgar/data/1141391/000114139121000018/0001141391-21-000018-index.htm,https://www.sec.gov/Archives/edgar/data/1141391/000114139121000018/ma-20201231.htm,4.136546126594733,1.7921686495076696,2.2620481609752265,2.110441737403429,10.638554067329562,6.543172598790747,-0.1967871458282931,6.416666576472558,12.828313072694394,355512244997.16,358071244997.16,49.7916309519832,86.2893798536796,157.79504882252996,169.13046859998096,55.62701376891879,55.62701376891879,86.91049635853398,147.78012587583984,158.93086773065244,170.34788058856327,0.0050209241035122,0.0059125952188138,1.982788296041308,0.3773225345402572,1.056128765992571,1.6133198278045076,19.6,1.2621848739495798,0.0011223242113733,0.2235294117647059,0.1543689320388349,0.0,0.1998868508813721,0.0670217487794052,0.0366504854368932,1.0066666666666666,0.0126213592233009,16.08553216824675,0.0752713187697822,0.0664284916824829,-14.544678510416166,7266000000.0,-196000000.0,-7954000000.0,15881000000.0,3189000000.0,434000000.0,0.0,57.80097087378641,48.896907216494846,0.0,1.5570672713529856,1.840607210626186,0.0,0.2792990142387733,0.1516064235717972,2021-01-28,1.51,bmo,4016520000.0,2025-04-25,2020-12-31,0.086092715231788,332.6696875,3674640.546875
2020-09-30,MA,USD,1141391,2020-10-28,2020-10-28 10:14:35,2020,Q3,3837000000.0,940000000.0,2897000000.0,0.7550169403,0,460000000.0,168000000.0,628000000.0,164000000.0,792000000.0,1732000000.0,0.0,105000000.0,141000000.0,2161000000.0,0.563200417,2105000000.0,0.5486056815,-190000000.0,1915000000.0,0.499087829,402000000.0,1513000000.0,0.394318478,1.51,1.51,1001000000,1005000000,https://www.sec.gov/Archives/edgar/data/1141391/000114139120000203/0001141391-20-000203-index.htm,https://www.sec.gov/Archives/edgar/data/1141391/000114139120000203/ma-20200930.htm,3.833166833166833,1.5114885114885117,1.6523476523476524,1.4875124875124874,10.614385614385617,5.875124875124875,0.2147852147852147,5.79020979020979,12.666333666333667,338508170000.0,340857170000.0,55.93327329808328,88.22209278081834,204.6603204353084,227.33926796507723,58.40375603864735,58.40375603864735,88.8342898097472,157.73122165664046,206.0805139056832,228.91683680322365,0.0044696114720067,0.0043987121492518,2.1694271911663217,0.3979869595492815,1.086996760758908,1.8546896967262505,20.047619047619047,1.0931923331130204,0.0011875636561445,0.2656972901520159,0.1198853270784467,0.0,0.179337848958663,0.0997581620314389,0.0430023455824863,1.1702127659574468,0.0195465207193119,14.032686858999384,0.0768679461317492,0.0583539031163221,-12.276723276723276,8511000000.0,215000000.0,-7244000000.0,16064000000.0,3830500000.0,355000000.0,0.0,87.53713838936669,32.648936170212764,0.0,1.0281350482315113,2.7565982404692084,0.0,0.2610420979986197,0.1648351648351648,2020-10-28,1.66,bmo,3980887499.0,2025-04-25,2020-09-30,-0.0361445783132529,325.14265625,3640751.703125
2020-06-30,MA,USD,1141391,2020-07-30,2020-07-30 18:21:41,2020,Q2,3335000000.0,915000000.0,2420000000.0,0.7256371814,0,434000000.0,93000000.0,527000000.0,186000000.0,713000000.0,1628000000.0,0.0,101000000.0,145000000.0,1936000000.0,0.5805097451,1707000000.0,0.511844078,-17000000.0,1690000000.0,0.5067466267,270000000.0,1420000000.0,0.4257871064,1.41,1.41,1004000000,1008000000,https://www.sec.gov/Archives/edgar/data/1141391/000114139120000165/0001141391-20-000165-index.htm,https://www.sec.gov/Archives/edgar/data/1141391/000114139120000165/ma06302020-10xq.htm,3.3217131474103585,1.4143426294820718,1.452191235059761,1.2699203187250996,11.481075697211155,6.52191235059761,0.9830677290836654,6.444223107569721,12.548804780876496,296882800000.0,298243800000.0,52.26809859154929,89.02032983508246,203.6233196159122,232.8492549019608,45.88605873261206,45.88605873261206,89.42842578710645,154.05154958677687,204.5567901234568,233.91670588235297,0.0047830322268585,0.0042946240065103,1.9316846986089644,0.3890185825007003,0.702995867768595,1.9531391716214856,16.900990099009903,1.0267605633802817,0.0013507013542044,0.2823943661971831,0.1301349325337331,0.0,0.1730942820680424,0.125514403292181,0.0548725637181409,1.2620689655172417,0.0224887556221889,14.320357458384514,0.0645957495797441,0.053451780471279,-11.061005976095618,9458000000.0,987000000.0,-6198000000.0,16891000000.0,3767000000.0,370000000.0,0.0,106.02998500749626,36.29508196721312,0.0,0.8488164927462458,2.4796747967479678,0.0,0.2194744976816074,0.1822709163346613,2020-07-30,1.16,bmo,2844558823.0,2025-04-25,2020-06-30,0.1724137931034484,281.9246031746032,5075117.666666667
2020-03-31,MA,USD,1141391,2020-04-29,2020-04-29 11:13:34,2020,Q1,4009000000.0,962000000.0,3047000000.0,0.7600399102,0,584000000.0,154000000.0,738000000.0,98000000.0,836000000.0,1798000000.0,0.0,69000000.0,144000000.0,2200000000.0,0.5487652781,2211000000.0,0.5515091045,-224000000.0,1987000000.0,0.4956348217,294000000.0,1693000000.0,0.4222998254,1.68,1.68,1005000000,1010000000,https://www.sec.gov/Archives/edgar/data/1141391/000114139120000091/0001141391-20-000091-index.htm,https://www.sec.gov/Archives/edgar/data/1141391/000114139120000091/ma03312020-10xq.htm,3.9890547263681593,1.6845771144278607,1.8497512437810943,1.6417910447761197,10.630845771144278,5.470646766169154,-0.0189054726368159,5.371144278606965,12.472636815920398,242767800000.0,245026800000.0,35.84875959834613,60.555699675729606,130.5905325443787,147.132,44.97365690996666,44.97365690996666,61.11918184085807,111.37581818181818,131.80570199031737,148.50109090909092,0.0069737419871992,0.0067966180028817,2.3093738421637644,0.406747585486818,1.026818181818182,1.8660420098846788,32.04347826086956,1.0980507974010632,0.0016600224576735,0.2380389840519787,0.1456722374657021,0.0,0.1800117462803445,0.1124260355029585,0.0521327014218009,1.4513888888888888,0.0129708156647543,14.268230493852672,0.0899816855029606,0.067366996936055,-11.703731343283582,8411000000.0,-19000000.0,-7027000000.0,15829000000.0,4557000000.0,430000000.0,0.0,80.93040658518333,34.70893970893971,0.0,1.1120665742024964,2.592991913746631,0.0,0.31363467951093,0.2079601990049751,2020-04-29,1.73,bmo,3789928961.0,2025-04-25,2020-03-31,0.0578034682080925,297.31580645161296,6470591.419354838
2019-12-31,MA,USD,1141391,2020-02-14,2020-02-14 09:29:40,2019,Q4,4414000000.0,936000000.0,3478000000.0,0.78794744,0,623000000.0,290000000.0,913000000.0,166000000.0,1079000000.0,2015000000.0,0.0,64000000.0,146000000.0,2685000000.0,0.6082917988,2399000000.0,0.543497961,76000000.0,2475000000.0,0.5607159039,375000000.0,2100000000.0,0.4757589488,2.08,2.07,1008000015,1013000015,https://www.sec.gov/Archives/edgar/data/1141391/000114139120000032/0001141391-20-000032-index.htm,https://www.sec.gov/Archives/edgar/data/1141391/000114139120000032/ma12312019-10xk.htm,4.378968188805037,2.08333330233135,2.9563491623559157,2.772817419055297,7.615079251759734,5.943452292508151,0.5486111029472555,5.846230071732688,8.522817333489822,300978724478.85,302517724478.85,35.830800533196424,68.18729598524014,100.99957197276844,107.68469569905189,51.073939331214994,51.073939331214994,68.5359593291459,112.6695435675419,101.51601492578858,108.23532181711984,0.0069772373566809,0.0092863706723443,1.446970982521636,0.2916609659324121,0.5731843575418994,1.419858870967742,37.484375,1.4190476190476191,0.0011063904951308,0.1585714285714285,0.1411418214771182,0.0,0.1860035572581748,0.0620805369127516,0.0419120978704123,1.2671232876712328,0.0097417308563661,16.554214887286662,0.1167287046401623,0.0882427094713841,-11.346478005756776,4998000000.0,553000000.0,-6343000000.0,12264000000.0,5366000000.0,497000000.0,0.0,112.32668781150883,47.01923076923077,0.0,0.8012343438010529,1.9141104294478528,0.0,0.3563549974546071,0.1835317433006189,2020-01-29,1.87,bmo,4211316326.0,2025-04-25,2019-12-31,0.0481283422459892,281.94359375,3127611.953125
2019-09-30,MA,USD,1141391,2019-10-29,2019-10-29 10:17:11,2019,Q3,4467000000.0,937000000.0,3530000000.0,0.7902395344,0,513000000.0,227000000.0,740000000.0,135000000.0,875000000.0,1812000000.0,0.0,63000000.0,137000000.0,2734000000.0,0.6120438773,2655000000.0,0.59435863,-121000000.0,2534000000.0,0.5672710992,426000000.0,2108000000.0,0.4719050817,2.08,2.07,1013000015,1019000015,https://www.sec.gov/Archives/edgar/data/1141391/000114139119000150/0001141391-19-000150-index.htm,https://www.sec.gov/Archives/edgar/data/1141391/000114139119000150/ma09302019-10xq.htm,4.409674169649445,2.080947649344309,2.324777853038828,2.108588320208465,5.776900210608585,4.984205256897257,0.0148075022486549,4.885488575239557,7.697926835667421,275100414073.55,277734414073.55,32.625760682347014,61.58504904265726,116.81546245161356,128.7923286861189,55.58707093828046,55.58707093828046,62.17470653090441,101.5853745696964,117.9339337891932,130.02547475353464,0.0076626565870468,0.007764437604332,1.5629420084865628,0.2977175628343789,0.9634235552304315,1.3857569535187606,42.142857142857146,1.1171726755218216,0.0012177371710914,0.1589184060721062,0.1148421759570181,0.0,0.1937569762518763,0.0929936305732484,0.0490261920752182,1.5985401459854014,0.0172375195880904,15.12431929864028,0.1437460623384001,0.1006349357903279,-11.01949638174487,4133000000.0,15000000.0,-6085000000.0,10659000000.0,4689500000.0,468500000.0,0.0,105.23169912693082,48.50586979722518,0.0,0.855255600229753,1.8554455445544555,0.0,0.4259446352798545,0.2161895328303623,2019-10-29,2.01,bmo,4176125581.0,2025-04-25,2019-09-30,0.0696517412935324,275.57015625,3420288.0
2019-06-30,MA,USD,1141391,2019-07-30,2019-07-30 10:26:01,2019,Q2,4113000000.0,853000000.0,3260000000.0,0.7926088014,0,503000000.0,225000000.0,728000000.0,135000000.0,863000000.0,1716000000.0,0.0,51000000.0,122000000.0,2692000000.0,0.65451009,2397000000.0,0.5827862874,122000000.0,2519000000.0,0.6124483345,471000000.0,2048000000.0,0.497933382,2.01,2.0,1020000015,1025000015,https://www.sec.gov/Archives/edgar/data/1141391/000114139119000128/0001141391-19-000128-index.htm,https://www.sec.gov/Archives/edgar/data/1141391/000114139119000128/ma06302019-10xq.htm,4.032352881877164,2.0078431077277976,1.505882330795848,1.3274509608708192,6.372548925893889,5.008823455752596,0.3460784262831604,4.9098038493656295,7.702941063192043,272105404001.55,274220404001.55,33.21599169940795,66.15740432811816,177.1519557301758,200.96410930690547,54.33414616644369,54.33414616644369,66.67162752286652,101.86493462167532,178.5289088551758,202.5261477116322,0.0075264951371136,0.0049760128982674,1.55870607028754,0.3156362460070357,0.7856612184249628,1.4915236390439086,47.0,0.75,0.0012384906548863,0.16455078125,0.1222951616824702,0.0,0.1923092475031337,0.1184895833333333,0.0442499392171164,1.4918032786885247,0.0177486019936785,14.8932067041653,0.1272402345983531,0.1025281602002503,-9.80882338516436,4668000000.0,353000000.0,-5457000000.0,10772000000.0,4079500000.0,470000000.0,0.0,90.94091903719912,45.58030480656506,0.0,0.9896535129932628,1.974537037037037,0.0,0.4089456869009584,0.1784313699250288,2019-07-30,1.83,bmo,3982428571.0,2025-04-25,2019-06-30,0.0327868852459015,250.2496825396825,3597822.761904762
2019-03-31,MA,USD,1141391,2019-04-30,2019-04-30 10:11:52,2019,Q1,3889000000.0,811000000.0,3078000000.0,0.7914631011,0,555000000.0,192000000.0,747000000.0,118000000.0,865000000.0,1676000000.0,0.0,46000000.0,117000000.0,2366000000.0,0.6083826176,2213000000.0,0.5690408845,-10000000.0,2203000000.0,0.5664695294,341000000.0,1862000000.0,0.4787863204,1.81,1.8,1026000015,1032000015,https://www.sec.gov/Archives/edgar/data/1141391/000114139119000076/0001141391-19-000076-index.htm,https://www.sec.gov/Archives/edgar/data/1141391/000114139119000076/ma03312019-10xq.htm,3.7904482876640113,1.8148147882824348,1.2787524179519627,1.1403508605211865,6.992202626819649,5.129629554635046,1.2612085585593291,5.037036963396146,6.184210435903356,245265303585.75,245707303585.75,32.93035762429511,63.06641902436359,186.9400179769436,209.62846460320512,47.45845657619002,47.45845657619002,63.18007291996657,103.84924073784867,187.276908220846,210.0062423809829,0.0075917790766887,0.0047703445326132,1.2188467492260062,0.2678146258503401,0.1868131868131868,1.405036111653328,48.10869565217392,0.7046186895810956,0.0013862539667422,0.1825993555316863,0.1427102082797634,0.0,0.16875,0.1082317073170731,0.0365132424787863,1.2136752136752136,0.0146567240935973,14.341513390562133,0.1350214473946479,0.0952380952380952,-7.875974543723569,4150000000.0,1294000000.0,-3861000000.0,9424000000.0,4365500000.0,522500000.0,0.0,92.63821033684752,56.37484586929716,0.0,0.9715213589807644,1.596456692913386,0.0,0.3602941176470588,0.1384015574307764,2019-04-30,1.66,bmo,3626820224.0,2025-04-25,2019-03-31,0.072289156626506,215.13934426229508,3580201.4590163934
2018-12-31,MA,USD,1141391,2019-02-13,2019-02-13 10:03:54,2018,Q4,3807000000.0,843000000.0,2964000000.0,0.7785657998,0,654000000.0,213000000.0,867000000.0,863000000.0,1730000000.0,2573000000.0,0.0,47000000.0,113000000.0,1375000000.0,0.3611767796,1234000000.0,0.3241397426,-19000000.0,1215000000.0,0.3191489362,316000000.0,899000000.0,0.2361439454,0.87,0.87,1032000015,1038000015,https://www.sec.gov/Archives/edgar/data/1141391/000114139119000013/0001141391-19-000013-index.htm,https://www.sec.gov/Archives/edgar/data/1141391/000114139119000013/ma12312018-10xk.htm,3.688953434753584,0.8711240183460657,1.2906976556584644,1.1715116108791916,8.118216936266228,5.318798372304287,1.5445736209606546,5.227713102310371,6.183139445012508,194686802829.75,194338802829.75,54.13982281138765,51.13916543991332,146.1612633856982,161.03126784925558,36.08652508429101,36.08652508429101,51.04775488041765,141.3373111489091,145.90000212443692,160.74342665818858,0.0046176730365548,0.0062099740836426,1.174050046339203,0.2547868061142397,-0.2530909090909091,1.394893470197533,26.25531914893617,1.4816462736373748,0.0013303418425669,0.2880978865406006,0.1717888100866824,0.0,0.1566773934030571,0.0923423423423423,0.0323089046493301,1.0884955752212389,0.0112949829261886,10.122484625822468,0.0663222514864525,0.04288099212974,-7.216085166432871,4578000000.0,1594000000.0,-3200000000.0,9394000000.0,4170000000.0,459500000.0,0.0,111.77304964539007,57.33096085409253,0.0,0.8052030456852792,1.5698324022346368,0.0,0.1666357738646895,0.1191860447792726,2019-01-31,1.53,bmo,3733316129.0,2025-04-25,2018-12-31,0.0130718954248366,198.5757142857143,5061579.857142857
2018-09-30,MA,USD,1141391,2018-10-30,2018-10-30 10:20:31,2018,Q3,3898000000.0,822000000.0,3076000000.0,0.789122627,0,444000000.0,203000000.0,647000000.0,142000000.0,789000000.0,1611000000.0,0.0,48000000.0,111000000.0,2423000000.0,0.6216008209,2287000000.0,0.5867111339,-23000000.0,2264000000.0,0.5808106721,365000000.0,1899000000.0,0.4871729092,1.83,1.82,1037000015,1043000015,https://www.sec.gov/Archives/edgar/data/1141391/000114139118000127/0001141391-18-000127-index.htm,https://www.sec.gov/Archives/edgar/data/1141391/000114139118000127/ma09302018-10xq.htm,3.75891990705516,1.831243946510454,2.282545772190756,2.1571841539462278,8.18997095192906,5.657666263389591,1.8264223458087416,5.568948810478079,6.177434819034212,232049493356.55,231536493356.55,30.54890644504345,59.53039850091073,98.03527391489229,103.73245120990168,40.18173045135065,40.18173045135065,59.39879254914059,95.55777687022288,97.81854387686948,103.50312622107734,0.0081835989923155,0.0096401848055871,1.100952380952381,0.272407883461868,-0.2117210070160957,1.55155010814708,47.645833333333336,1.246445497630332,0.0011204506255934,0.1369141653501843,0.1139045664443304,0.0,0.170222793487575,0.0549218419940853,0.0333504361210877,1.1711711711711712,0.0141097998973832,15.147849201993264,0.1357506164553635,0.0980533897867506,-6.047251600087972,5355000000.0,1894000000.0,-2409000000.0,10204000000.0,3634500000.0,363500000.0,0.0,83.39661364802463,41.824817518248175,0.0,1.0791805094130675,2.1518324607329844,0.0,0.3288311688311688,0.1253616182445281,2018-10-30,1.68,bmo,3679011235.0,2025-04-25,2018-09-30,0.0595238095238095,208.60746031746032,3087517.6825396824
2018-06-30,MA,USD,1141391,2018-07-26,2018-07-26 10:13:22,2018,Q2,3665000000.0,797000000.0,2868000000.0,0.7825375171,0,446000000.0,205000000.0,651000000.0,281000000.0,932000000.0,1729000000.0,0.0,48000000.0,115000000.0,2085000000.0,0.5688949523,1936000000.0,0.5282401091,-14000000.0,1922000000.0,0.524420191,353000000.0,1569000000.0,0.4281036835,1.5,1.5,1043000015,1049000015,https://www.sec.gov/Archives/edgar/data/1141391/000114139118000111/0001141391-18-000111-index.htm,https://www.sec.gov/Archives/edgar/data/1141391/000114139118000111/ma06302018-10xq.htm,3.513902154641867,1.5043144558344037,1.4276126352692335,1.3077660406361546,7.425695003465556,5.129434250295768,1.2780440851671513,5.040268383888757,5.662511903223702,204970362947.8,204618362947.8,32.65939498849586,55.92642918084584,137.65638881652114,150.27152708782992,38.98998724515884,38.98998724515884,55.83038552463848,98.13830357208634,137.4199885478845,150.0134625717009,0.0076547651935396,0.0066546206016494,1.1143237587977934,0.2606915580080993,-0.1688249400479616,1.512956107879429,40.333333333333336,0.9490121096239644,0.0012782335759766,0.1669853409815168,0.1216916780354706,0.0,0.1787637399314672,0.0839489590329079,0.034106412005457,1.0869565217391304,0.015006821282401,13.061330073974156,0.1214219975478831,0.0850222174054405,-6.359779390798954,4850000000.0,1333000000.0,-2816000000.0,9727000000.0,3650500000.0,357500000.0,0.0,89.80354706684857,38.9585947302384,0.0,1.0021875854525568,2.310144927536232,0.0,0.2984591972607951,0.1198465946330787,2018-07-26,1.53,bmo,3377981927.0,2025-04-25,2018-06-30,0.0849673202614378,187.9965625,3609890.375
2018-03-31,MA,USD,1141391,2018-05-02,2018-05-02 10:38:44,2018,Q1,3580000000.0,752000000.0,2828000000.0,0.7899441341,0,541000000.0,197000000.0,738000000.0,265000000.0,1003000000.0,1755000000.0,0.0,43000000.0,120000000.0,1966000000.0,0.5491620112,1825000000.0,0.5097765363,-22000000.0,1803000000.0,0.5036312849,311000000.0,1492000000.0,0.4167597765,1.42,1.41,1051000015,1057000015,https://www.sec.gov/Archives/edgar/data/1141391/000114139118000056/0001141391-18-000056-index.htm,https://www.sec.gov/Archives/edgar/data/1141391/000114139118000056/ma03312018-10xq.htm,3.406279684972221,1.4196003603292051,0.9847763893704606,0.8648905680557959,7.866793417695622,5.520456629108612,1.5033301402950028,5.426260626647089,6.196003717469024,184093162627.4,183672162627.4,30.84670955552949,51.42267112497206,177.86778997816424,202.5227311632563,32.28005657152376,32.28005657152376,51.30507335960894,93.42429431709054,177.4610266931401,202.0595848486249,0.0081045921462046,0.0049377173330429,1.1343152726635104,0.281947350069735,-0.2141403865717192,1.6436075100581136,42.44186046511628,0.6936997319034852,0.001428624486898,0.1762734584450402,0.1511173184357541,0.0,0.1840132496513249,0.1217391304347826,0.0351955307262569,1.05,0.0120111731843575,13.165114305186972,0.1079026302895827,0.0796923405619057,-5.8430065769314,5759000000.0,1580000000.0,-2435000000.0,10820000000.0,3494000000.0,651500000.0,0.0,91.60893854748603,44.28191489361702,0.0,0.982436882546652,2.0324324324324325,0.0,0.261616692968613,0.1198858213146647,2018-05-02,1.25,bmo,2983333333.0,2025-04-25,2018-03-31,0.2,170.92409836065576,4037092.147540984
2017-12-31,MA,USD,1141391,2018-02-14,2018-02-14 12:37:09,2017,Q4,3312000000.0,726000000.0,2586000000.0,0.7807971014,0,625000000.0,311000000.0,936000000.0,128000000.0,1064000000.0,1790000000.0,0.0,41000000.0,116000000.0,1641000000.0,0.4954710145,1522000000.0,0.4595410628,-38000000.0,1484000000.0,0.4480676329,1257000000.0,227000000.0,0.0685386473,0.21,0.21,1057000015,1063000015,https://www.sec.gov/Archives/edgar/data/1141391/000114139118000009/0001141391-18-000009-index.htm,https://www.sec.gov/Archives/edgar/data/1141391/000114139118000009/ma12312017-10xk.htm,3.133396360453221,0.2147587481349279,1.6660359271612688,1.5506149259609991,7.362346158528673,5.267738808877879,1.336802251606401,5.173131430844871,5.170293209503881,159987522270.40002,159478522270.40002,176.19771175154185,48.30541131352658,90.850381754912,97.6128872912752,29.258873860716903,29.258873860716903,48.15172773864735,97.18374300450948,90.56134143691088,97.3023320746797,0.0014188606509971,0.0102445489294463,0.991953182150695,0.2543016550236767,-0.3101767215112736,1.5690890481064483,37.1219512195122,7.757709251101321,0.0014563635756931,1.026431718061674,0.188707729468599,0.0,0.1948051948051948,0.0692788188529244,0.0368357487922705,1.0517241379310345,0.0117753623188405,4.999694258210004,0.0185715274779524,0.0132176545941539,-5.175969652185861,5004000000.0,1413000000.0,-1964000000.0,9988000000.0,3200500000.0,827500000.0,0.0,90.8695652173913,115.66115702479338,0.0,0.9904306220095692,0.7781350482315113,0.0,0.0415142648134601,0.1154210012002696,2018-02-01,1.12,bmo,3253894736.0,2025-04-25,2017-12-31,0.0178571428571426,148.69777777777776,3319750.984126984
2017-09-30,MA,USD,1141391,2017-10-31,2017-10-31 10:23:17,2017,Q3,3398000000.0,723000000.0,2675000000.0,0.787227781,0,390000000.0,203000000.0,593000000.0,141000000.0,734000000.0,1457000000.0,0.0,35000000.0,118000000.0,2085000000.0,0.6135962331,1941000000.0,0.5712183637,-9000000.0,1932000000.0,0.5685697469,502000000.0,1430000000.0,0.4208357858,1.34,1.34,1063000015,1068000016,https://www.sec.gov/Archives/edgar/data/1141391/000114139117000152/0001141391-17-000152-index.htm,https://www.sec.gov/Archives/edgar/data/1141391/000114139117000152/ma09302017-10xq.htm,3.196613313312136,1.3452492754668492,1.6509877471638603,1.525870157207853,6.983066693559736,6.150517316784798,2.2351834115449187,6.060206875914297,5.106302844219621,150095602118.0,149929602118.0,26.240489880769232,44.17174871041789,85.524559611396,92.53736258816276,23.29953463489599,23.29953463489599,44.122896444379045,71.90868207098322,85.42997271680912,92.43501980147964,0.0095272611576972,0.0108064458725768,0.837162371934182,0.2578655446112652,-0.0796163069544364,1.657189378757515,55.457142857142856,1.2272727272727273,0.0015656687916495,0.1643356643356643,0.1147733961153619,0.0,0.1990054508941379,0.0757834757834757,0.0391406709829311,1.1271186440677967,0.0144202472042377,13.543670124916874,0.111110710803034,0.0853629417382999,-4.384054500695374,5247000000.0,2376000000.0,-1145000000.0,10310000000.0,3018000000.0,688000000.0,0.0,80.96821659799883,89.87551867219918,0.0,1.1115472685639516,1.0013850415512466,0.0,0.221980751319466,0.1251175899560076,2017-10-31,1.23,bmo,3119059701.0,2025-04-25,2017-09-30,0.0894308943089431,132.32920634920634,3146911.634920635
2017-06-30,MA,USD,1141391,2017-07-27,2017-07-27 10:23:14,2017,Q2,3053000000.0,644000000.0,2409000000.0,0.789059941,0,398000000.0,214000000.0,612000000.0,144000000.0,756000000.0,1400000000.0,0.0,39000000.0,111000000.0,1778000000.0,0.5823779889,1653000000.0,0.5414346544,-25000000.0,1628000000.0,0.5332459876,451000000.0,1177000000.0,0.3855224369,1.1,1.1,1070000016,1075000016,https://www.sec.gov/Archives/edgar/data/1141391/000114139117000125/0001141391-17-000125-index.htm,https://www.sec.gov/Archives/edgar/data/1141391/000114139117000125/ma06302017-10xq.htm,2.853270985371649,1.099999983551402,1.2093457763088482,1.1401868988383268,6.503738220504849,5.5588784215494815,1.928037354347105,5.469158796722859,5.014018616612805,129951501943.2,130100501943.2,27.60227314001699,42.56518242489355,100.42619933786708,106.51762454360656,22.20634004497608,22.20634004497608,42.61398687952833,73.17238579482564,100.54134616939722,106.63975569114754,0.0090572250601185,0.0093881177343625,0.9101161995898838,0.2684611119512072,0.0838020247469066,1.653962811552156,42.38461538461539,1.0994052676295667,0.0018160621191061,0.2005097706032285,0.1303635768096953,0.0,0.1958264025404506,0.0571870170015456,0.0242384539796921,0.6666666666666666,0.0160497870946609,11.634503779482428,0.0975093280290734,0.0737746019806944,-4.390420495096516,4959000000.0,2063000000.0,-1349000000.0,9689000000.0,2808500000.0,667000000.0,0.0,87.8185391418277,91.3975155279503,0.0,1.0248405505203089,0.9847094801223242,0.0,0.2011278195488721,0.0691588774705214,2017-07-27,1.04,bmo,2886472727.0,2025-04-25,2017-06-30,0.0576923076923077,118.62492063492064,3126474.047619048
2017-03-31,MA,USD,1141391,2017-05-02,2017-05-02 10:22:18,2017,Q1,2734000000.0,594000000.0,2140000000.0,0.7827359181,0,320000000.0,170000000.0,490000000.0,144000000.0,634000000.0,1228000000.0,0.0,39000000.0,92000000.0,1609000000.0,0.5885149963,1506000000.0,0.5508412582,-28000000.0,1478000000.0,0.5405998537,397000000.0,1081000000.0,0.395391368,1.0,1.0,1078000016,1082000016,https://www.sec.gov/Archives/edgar/data/1141391/000114139117000063/0001141391-17-000063-index.htm,https://www.sec.gov/Archives/edgar/data/1141391/000114139117000063/ma03312017-10xq.htm,2.536178069963962,1.0027829164707545,0.6910946094086143,0.6038960949328965,7.105751285999981,5.230055581001031,2.932281960188765,5.205009199183537,4.874768016701031,121242661799.52,120452661799.52,28.039468501276595,44.346255230256034,162.7418279188188,186.24064792553,21.608030974785244,21.608030974785244,44.05730131657645,74.8618159102051,161.68142523425504,185.0271302603994,0.0089160035251245,0.0053693971275264,0.9296025663874532,0.2808831448572967,-0.4909881914232442,1.8160676532769555,38.61538461538461,0.6891766882516188,0.0019630054014612,0.2201665124884366,0.1170446232626188,0.0,0.1333871836295099,0.1261744966442953,0.0343818580833942,1.0217391304347827,0.0142648134601316,10.836910162164465,0.09598945757825,0.0671720623873733,-3.0551947598486864,5790000000.0,3161000000.0,-47000000.0,9015000000.0,2573500000.0,644500000.0,0.0,86.8397951719093,103.03030303030305,0.0,1.0363912054586808,0.8735294117647059,0.0,0.192657280342185,0.0871985144757177,2017-05-02,0.95,bmo,2571584158.0,2025-04-25,2017-03-31,0.0631578947368421,109.61048387096774,3167703.4677419355
2016-12-31,MA,USD,1141391,2017-02-15,2017-02-15 10:22:25,2016,Q4,2756000000.0,579000000.0,2177000000.0,0.7899129173,0,413000000.0,308000000.0,721000000.0,93000000.0,814000000.0,1393000000.0,0.0,30000000.0,92000000.0,1433000000.0,0.5199564586,1363000000.0,0.4945573295,-52000000.0,1311000000.0,0.4756894049,378000000.0,933000000.0,0.3385341074,0.86,0.86,1087000016,1090000016,https://www.sec.gov/Archives/edgar/data/1141391/000114139117000014/0001141391-17-000014-index.htm,https://www.sec.gov/Archives/edgar/data/1141391/000114139117000014/ma12312016-10xk.htm,2.535418545936801,0.8583256543392728,0.9126034824271796,0.818767237258256,7.667893171401756,5.22907076019767,2.9494019805055824,5.203311790935613,4.793008209118555,112232751652.0,110691751652.0,30.073084579849947,40.72305938026125,113.13785448790324,126.10421533932583,19.84313148019801,19.84313148019801,40.16391569375907,77.24476737752966,111.5844270685484,124.37275466516854,0.008313081397959,0.0079299490291356,0.915841584158416,0.277376171352075,-1.0753663642707607,1.8356924784901472,45.43333333333333,1.0632368703108253,0.0018443814034057,0.2218649517684887,0.149854862119013,0.0,0.1326907630522088,0.1028225806451613,0.037010159651669,1.108695652173913,0.012699564586357,10.024373294522528,0.0845764116303564,0.0576032598629375,-2.5522078741165357,6022000000.0,3206000000.0,237000000.0,9233000000.0,2472000000.0,523000000.0,0.0,81.93396226415094,94.66321243523316,0.0,1.0984455958549222,0.9507389162561576,0.0,0.1649575671852899,0.0938362451689237,2017-01-31,0.85,bmo,2723953488.0,2025-04-25,2016-12-31,0.0117647058823529,103.52333333333334,3851336.73015873
2016-09-30,MA,USD,1141391,2016-10-28,2016-10-28 10:27:22,2016,Q3,2880000000.0,575000000.0,2305000000.0,0.8003472222,0,346000000.0,184000000.0,530000000.0,105000000.0,635000000.0,1210000000.0,0.0,23000000.0,93000000.0,1749000000.0,0.6072916667,1670000000.0,0.5798611111,-37000000.0,1633000000.0,0.5670138889,449000000.0,1184000000.0,0.4111111111,1.08,1.08,1096000016,1099000016,https://www.sec.gov/Archives/edgar/data/1141391/000114139116000235/0001141391-16-000235-index.htm,https://www.sec.gov/Archives/edgar/data/1141391/000114139116000235/ma09302016-10xq.htm,2.627737187916245,1.0802919550322343,1.300182462771059,1.209853996936438,6.367700636967874,5.70164225253077,3.364963454526081,5.674269990156643,3.05565688969844,111539921628.32,109660921628.32,23.551503722195942,38.72913945427778,78.27362921285614,84.11758795499246,17.93534678056279,17.93534678056279,38.07670889872222,62.69921190870211,76.95503272162806,82.7005442144193,0.0106150334581137,0.0118881202410969,0.5348126708474031,0.1919990763724528,-1.074328187535735,1.6537003229883442,72.6086956521739,1.2035472972972974,0.0018737685749541,0.1765202702702702,0.1201388888888888,0.0,0.1478381342723546,0.0694736842105263,0.034375,1.064516129032258,0.0086805555555555,11.74402124374606,0.1186852283205639,0.0802059341552635,-2.0700273420433963,4655000000.0,3688000000.0,702000000.0,7914000000.0,2313500000.0,444500000.0,0.0,76.09375,68.4,0.0,1.1827515400410678,1.3157894736842106,0.0,0.1903843061585464,0.0903284658346209,2016-10-28,0.98,bmo,2613333333.0,2025-04-25,2016-09-30,0.1020408163265307,95.8790625,3858809.953125
2016-06-30,MA,USD,1141391,2016-07-28,2016-07-28 10:32:59,2016,Q2,2694000000.0,551000000.0,2143000000.0,0.795471418,0,388000000.0,184000000.0,572000000.0,191000000.0,763000000.0,1314000000.0,0.0,22000000.0,93000000.0,1480000000.0,0.5493689681,1380000000.0,0.5122494432,-15000000.0,1365000000.0,0.5066815145,382000000.0,983000000.0,0.3648849295,0.89,0.89,1098000016,1101000016,https://www.sec.gov/Archives/edgar/data/1141391/000114139116000207/0001141391-16-000207-index.htm,https://www.sec.gov/Archives/edgar/data/1141391/000114139116000207/ma06302016-10xq.htm,2.4535518768152733,0.8952641035298491,0.964480860262574,0.8679416995564051,5.871584613893121,5.345172964004766,2.9808742735027427,5.316029066433092,3.0309653474540568,96689881408.96,94819881408.96,24.590509005330624,35.89082457645138,91.30300416332388,101.458427501532,16.56499595836217,16.56499595836217,35.19668946138085,64.0674874384865,89.53718735501417,99.49620294749214,0.0101665240010203,0.009856253685628,0.5663868425561076,0.2030463088072718,-1.2635135135135136,1.701949860724234,62.72727272727273,1.0773143438453714,0.0021615498638995,0.2126144455747711,0.1440237564959168,0.0,0.1594398722515661,0.1000944287063267,0.0393466963622865,1.1397849462365592,0.0115070527097253,10.34809764745308,0.10120185313668,0.0718252228554727,-2.1147540675445677,4536000000.0,3273000000.0,585000000.0,7812000000.0,2190000000.0,430500000.0,0.0,73.22939866369711,73.82940108892922,0.0,1.229014598540146,1.2190265486725664,0.0,0.1684084289874935,0.0965391607061688,2016-07-28,0.9,bmo,2525625000.0,2025-04-25,2016-06-30,0.0666666666666666,95.475625,3800857.6875
2016-03-31,MA,USD,1141391,2016-04-28,2016-04-28 10:23:33,2016,Q1,2446000000.0,520000000.0,1926000000.0,0.7874080131,0,308000000.0,135000000.0,443000000.0,135000000.0,578000000.0,1098000000.0,0.0,20000000.0,95000000.0,1452000000.0,0.5936222404,1348000000.0,0.551103843,-11000000.0,1337000000.0,0.5466067048,378000000.0,959000000.0,0.3920686836,0.86,0.86,1109000016,1112000016,https://www.sec.gov/Archives/edgar/data/1141391/000114139116000135/0001141391-16-000135-index.htm,https://www.sec.gov/Archives/edgar/data/1141391/000114139116000135/ma03312016-10xq.htm,2.2055905903611817,0.8647429992462687,0.9089269481128665,0.8412984549497067,5.597835807425272,4.969341677628975,2.5581604680517875,4.94048685387936,3.0234445010143265,104800501512.0,103239501512.0,27.32025586861314,42.845667012264926,103.9687515,112.3263681800643,19.12766955867859,19.12766955867859,42.20748222076861,71.10158506336089,102.42014038888888,110.65327064523044,0.0091507195687435,0.0089026291529069,0.6083226866216462,0.2095567431625275,-1.075068870523416,1.6468944099378882,67.4,1.051094890510949,0.0020228910829756,0.2210636079249218,0.1259198691741619,0.0,0.1681232316881483,0.0744047619047619,0.0306623058053965,0.7894736842105263,0.0040883074407195,9.804369278266146,0.102154258040784,0.0724812939309198,-2.2948602013365527,4166000000.0,2837000000.0,212000000.0,7509000000.0,2156000000.0,440500000.0,0.0,80.50695012264923,70.78846153846153,0.0,1.1179159049360146,1.271393643031785,0.0,0.1750319401350611,0.0676284931631597,2016-04-28,0.85,bmo,2417558139.0,2025-04-25,2016-03-31,0.0117647058823529,88.41754098360656,5217705.360655738
2015-12-31,MA,USD,1141391,2016-02-12,2016-02-12 10:42:08,2015,Q4,2517000000.0,565000000.0,1952000000.0,0.7755264203,0,435000000.0,319000000.0,754000000.0,91000000.0,845000000.0,1410000000.0,0.0,12000000.0,93000000.0,1130000000.0,0.4489471593,1107000000.0,0.4398092968,-82000000.0,1025000000.0,0.4072308304,135000000.0,890000000.0,0.3535955503,0.79,0.79,1121000016,1124000016,https://www.sec.gov/Archives/edgar/data/1141391/000114139116000085/0001141391-16-000085-index.htm,https://www.sec.gov/Archives/edgar/data/1141391/000114139116000085/ma12312015-10xk.htm,2.245316649487006,0.7939339761793545,0.926851012640842,0.8438893724333364,6.0107046421308885,5.407671644493536,3.0044602604180515,5.37734158248219,2.9259589234475087,109140561557.76,106661561557.76,30.65746111173034,43.361367325292015,105.0438513549182,115.37057247120508,18.105600789276707,18.105600789276707,42.37646466339292,94.39076244049556,102.6579033279692,112.7500650716279,0.0081546217766983,0.0086677215738838,0.542136695421367,0.2011076923076923,-2.193805309734514,1.7521135747328125,92.25,1.167415730337079,0.0016400868517179,0.2011235955056179,0.1728247914183552,0.0,0.1657846153846154,0.0895091434071222,0.0369487485101311,1.0,0.0083432657926102,9.80092950371188,0.0963029756537421,0.0656535851283564,-1.656556622207934,4715000000.0,3368000000.0,796000000.0,8084000000.0,2038000000.0,426500000.0,0.0,75.94755661501787,75.1858407079646,0.0,1.1850282485875707,1.1970338983050848,0.0,0.1476443264764432,0.0829616402075055,2016-01-29,0.69,bmo,2198392405.0,2025-04-25,2015-12-31,0.1449275362318842,97.914375,3626233.875
2015-09-30,MA,USD,1141391,2015-10-29,2015-10-29 10:29:56,2015,Q3,2530000000.0,584000000.0,1946000000.0,0.7691699605,0,311000000.0,184000000.0,495000000.0,82000000.0,577000000.0,1161000000.0,0.0,15000000.0,94000000.0,1461000000.0,0.5774703557,1369000000.0,0.5411067194,-17000000.0,1352000000.0,0.5343873518,375000000.0,977000000.0,0.3861660079,0.86,0.86,1130000016,1133000016,https://www.sec.gov/Archives/edgar/data/1141391/000114139115000065/0001141391-15-000065-index.htm,https://www.sec.gov/Archives/edgar/data/1141391/000114139115000065/ma09302015-10xq.htm,2.238938021395568,0.8646017576693557,1.125663700875558,1.0318583924692617,4.521238874035555,5.573451248517505,3.160176946404574,5.546017620587361,1.3362831669198845,101835601441.92,99453601441.92,26.058239877666328,40.25122586637154,80.05943509584907,87.33756555910806,16.2494975972427,16.2494975972427,39.30972389008696,68.07228024772074,78.18679358641509,85.29468391245283,0.0095938943372098,0.0114498268139065,0.2385511408967608,0.1021593549268826,-1.6303901437371664,1.619552414605418,91.26666666666668,1.301944728761515,0.001777374488265,0.1852610030706243,0.1229249011857707,0.0,0.1863468634686347,0.0833333333333333,0.041897233201581,1.127659574468085,0.0094861660079051,10.38699538430453,0.1138286461067321,0.0820525741160661,-1.5601769690594411,3682000000.0,3571000000.0,1289000000.0,7050000000.0,2160500000.0,431000000.0,0.0,69.43873517786561,58.715753424657535,0.0,1.2961065573770492,1.532808398950131,0.0,0.1558959629806925,0.0938053084062965,2015-10-29,0.87,bmo,2446593406.0,2025-04-25,2015-09-30,0.0459770114942529,93.9421875,4493237.0625
2015-06-30,MA,USD,1141391,2015-07-29,2015-07-29 10:34:25,2015,Q2,2390000000.0,488000000.0,1902000000.0,0.7958158996,0,302000000.0,176000000.0,478000000.0,173000000.0,651000000.0,1139000000.0,0.0,17000000.0,92000000.0,1350000000.0,0.5648535565,1251000000.0,0.5234309623,-10000000.0,1241000000.0,0.5192468619,320000000.0,921000000.0,0.3853556485,0.81,0.81,1138000017,1141000017,https://www.sec.gov/Archives/edgar/data/1141391/000114139115000044/0001141391-15-000044-index.htm,https://www.sec.gov/Archives/edgar/data/1141391/000114139115000044/ma06302015-10xq.htm,2.1001757155509777,0.8093145749047911,0.7214411140030765,0.645869937627602,4.461335609980048,5.655535943634349,3.193321569168307,5.627416436145801,1.328646728833924,106380241589.16,104514241589.16,28.87628707631922,44.51056133437657,129.5739848832643,144.7350225702857,16.611530541717677,16.611530541717677,43.729808196301256,77.41795673271112,127.30114688082826,142.19624706008165,0.0086576227525116,0.0069091777666624,0.2334478450968145,0.0978915662650602,-1.3822222222222222,1.5776714021000615,73.58823529411765,0.8914223669923995,0.001720244260271,0.1986970684039088,0.1263598326359832,0.0,0.1834730225248821,0.1047503045066991,0.0359832635983263,0.9347826086956522,0.0125523012552301,10.122888825266749,0.1055504131795311,0.0738572574178027,-1.7418716787242368,3741000000.0,3634000000.0,1381000000.0,7175000000.0,1720500000.0,443500000.0,0.0,89.2092050209205,88.70901639344262,0.0,1.0088644997889404,1.0145530145530146,0.0,0.1438163647720174,0.0755711763754745,2015-07-29,0.85,bmo,2390000000.0,2025-04-25,2015-06-30,0.0,91.76031746031744,3974567.507936508
2015-03-31,MA,USD,1141391,2015-04-29,2015-04-29 10:58:26,2015,Q1,2230000000.0,468000000.0,1762000000.0,0.7901345291,0,270000000.0,142000000.0,412000000.0,-1000000.0,411000000.0,879000000.0,0.0,17000000.0,87000000.0,1444000000.0,0.6475336323,1351000000.0,0.6058295964,-11000000.0,1340000000.0,0.600896861,320000000.0,1020000000.0,0.4573991031,0.89,0.89,1148000017,1152000017,https://www.sec.gov/Archives/edgar/data/1141391/000114139115000030/0001141391-15-000030-index.htm,https://www.sec.gov/Archives/edgar/data/1141391/000114139115000030/ma03312015-10xq.htm,1.942508682036021,0.8885017290030232,0.793553995217406,0.7439024280084136,5.048780413040708,5.517421521083479,3.673344893338969,5.488675876909852,1.3170731512280107,99175721468.63,96463721468.63,24.30777486976225,44.47341769893722,108.86467779212953,116.1308213918384,15.739679649044596,15.739679649044596,43.25727420117938,66.8031312109626,105.88772938378705,112.95517736373536,0.0102847751939231,0.0086109784466768,0.2372639263608951,0.1021663363630151,-1.8781163434903048,1.7429678288697996,79.47058823529412,0.8931372549019608,0.0018552927800802,0.1803921568627451,0.1210762331838565,0.0,0.1446729993849518,0.0625686059275521,0.0255605381165919,0.6551724137931034,-0.0237668161434977,10.475003825672845,0.1182581801205563,0.0814956855225311,-1.4799651348785652,4411000000.0,4217000000.0,2049000000.0,7130000000.0,1599000000.0,412500000.0,0.0,43.26457399103139,78.07692307692308,0.0,2.080223880597015,1.1527093596059113,0.0,0.1618790668147913,0.0496515672089924,2015-04-29,0.8,bmo,2004494382.0,2025-04-25,2015-03-31,0.1374999999999999,86.74770491803278,5217799.163934426
2014-12-31,MA,USD,1141391,2015-02-13,2015-02-13 10:23:56,2014,Q4,2416000000.0,618000000.0,1798000000.0,0.744205298,0,369000000.0,337000000.0,706000000.0,74000000.0,780000000.0,1398000000.0,0.0,16000000.0,84000000.0,1107000000.0,0.4581953642,1018000000.0,0.4213576159,-11000000.0,1007000000.0,0.4168046358,206000000.0,801000000.0,0.3315397351,0.7,0.69,1153000017,1157000017,https://www.sec.gov/Archives/edgar/data/1141391/000114139115000011/0001141391-15-000011-index.htm,https://www.sec.gov/Archives/edgar/data/1141391/000114139115000011/ma12312014-10xk.htm,2.095403264855286,0.6947094433564089,0.6287944399917559,0.4882914065039428,5.529054558548198,5.918473460005162,3.9791846768030017,5.888985169026237,1.3096270405345536,99342481464.72,95699481464.72,31.005768247415727,41.11857676519868,137.02411236513103,176.45200970642983,14.630704192153166,14.630704192153166,39.61071252678808,86.4493960837579,131.99928477892414,169.98131698884546,0.0080630158235423,0.0056672633066845,0.2200294550810014,0.0974623263096092,-3.2908762420957545,1.7674381227900997,63.625,0.9051186017478152,0.0012784057547938,0.1585518102372035,0.1527317880794702,0.0,0.1458673103268315,0.2234482758620689,0.0670529801324503,1.9285714285714288,0.0115894039735099,9.594295502846377,0.0889150929765933,0.0611777285572443,-0.4644405829180486,4775000000.0,4588000000.0,2492000000.0,7626000000.0,1598500000.0,369000000.0,0.0,79.19701986754967,61.01941747572816,0.0,1.1364063969896518,1.4749403341288785,0.0,0.1179675994108983,0.140503033487813,2015-01-30,0.67,bmo,2341115942.0,2025-04-25,2014-12-31,0.0298507462686565,81.6246875,4999578.71875
2014-09-30,MA,USD,1141391,2014-10-30,2014-10-30 10:25:35,2014,Q3,2490000000.0,511000000.0,1979000000.0,0.7947791165,0,291000000.0,203000000.0,494000000.0,65000000.0,559000000.0,1070000000.0,0.0,11000000.0,83000000.0,1512000000.0,0.6072289157,1420000000.0,0.5702811245,-2000000.0,1418000000.0,0.5694779116,403000000.0,1015000000.0,0.4076305221,0.88,0.87,1157000017,1160000017,https://www.sec.gov/Archives/edgar/data/1141391/000114139114000030/0001141391-14-000030-index.htm,https://www.sec.gov/Archives/edgar/data/1141391/000114139114000030/ma09302014-10xq.htm,2.1521175137545394,0.8772687857272521,1.197061348012063,1.1365600524446664,5.461538381291139,5.659464048218765,3.79170262363099,5.6188417497663705,1.300777854699029,85525441256.64,82557441256.64,21.065379619862068,34.34756676973494,61.751221123927806,65.03835837006844,13.155736233908629,13.155736233908629,33.155598898249,54.601482312592594,59.60826083511913,62.78132414953612,0.0118678136597301,0.0153755418350198,0.2298107983387171,0.101916911112627,-1.962962962962963,1.873140707813301,129.0909090909091,1.3645320197044335,0.0014966306881236,0.1261083743842364,0.116867469879518,0.0,0.1474179684835254,0.0505415162454873,0.0281124497991967,0.8433734939759037,0.0012048192771084,10.531276075469224,0.1153724851071596,0.0812129940790526,-0.8545807998894783,5107000000.0,4387000000.0,2845000000.0,7821000000.0,1102500000.0,369500000.0,0.0,38.71084337349397,56.1839530332681,0.0,2.324929971988796,1.6018808777429467,0.0,0.1561298261805876,0.0605012955673966,2014-10-30,0.78,bmo,2232413793.0,2025-04-25,2014-09-30,0.1153846153846153,76.15859375,4155114.296875
2014-06-30,MA,USD,1141391,2014-07-31,2014-07-31 10:38:28,2014,Q2,2368000000.0,485000000.0,1883000000.0,0.7951858108,0,229000000.0,173000000.0,402000000.0,98000000.0,500000000.0,985000000.0,0.0,15000000.0,81000000.0,1469000000.0,0.6203547297,1383000000.0,0.5840371622,-10000000.0,1373000000.0,0.5798141892,442000000.0,931000000.0,0.3931587838,0.8,0.8,1165000017,1169000017,https://www.sec.gov/Archives/edgar/data/1141391/000114139114000022/0001141391-14-000022-index.htm,https://www.sec.gov/Archives/edgar/data/1141391/000114139114000022/ma06302014-10xq.htm,2.032617996090553,0.7991416192399935,0.625751063830242,0.5802575022623369,4.904720958471883,5.419742410184016,3.4575106791607886,5.378540694047046,1.2952789510560152,85592551248.99,84208551248.99,22.984036318203547,36.14550306122889,117.4109070630864,126.61620007247042,13.659839011967762,13.659839011967762,35.56104360176943,57.323724471742686,115.51241597941016,124.56886279436392,0.010877114730366,0.0078978835206524,0.2384296201723587,0.1039304347826087,-0.94213750850919,1.826770293609672,92.2,0.7830290010741139,0.0015071404943256,0.1385606874328679,0.096706081081081,0.0,0.1590260869565217,0.0727023319615912,0.0223817567567567,0.654320987654321,0.0118243243243243,9.834116822890172,0.1092348016344841,0.0770121598147075,-1.2845493374786792,4787000000.0,4028000000.0,2516000000.0,7612000000.0,1064500000.0,358500000.0,0.0,43.09966216216216,77.9381443298969,0.0,2.0881834215167547,1.1547619047619049,0.0,0.1485796361315033,0.0454935615679051,2014-07-31,0.77,bmo,2279200000.0,2025-04-25,2014-06-30,0.0389610389610389,74.28460317460318,5286269.507936508
2014-03-31,MA,USD,1141391,2014-05-01,2014-05-01 10:57:09,2014,Q1,2172000000.0,450000000.0,1722000000.0,0.7928176796,0,234000000.0,149000000.0,383000000.0,54000000.0,437000000.0,887000000.0,0.0,6000000.0,73000000.0,1360000000.0,0.6261510129,1285000000.0,0.5916206262,-4000000.0,1281000000.0,0.5897790055,411000000.0,870000000.0,0.4005524862,0.73,0.73,1185000017,1189000017,https://www.sec.gov/Archives/edgar/data/1141391/000114139114000017/0001141391-14-000017-index.htm,https://www.sec.gov/Archives/edgar/data/1141391/000114139114000017/ma03312014-10xq.htm,1.8329113661101324,0.7341772046573735,0.4793248876383771,0.4379746772611227,5.53755266317435,5.551054772685291,3.855696147217861,5.541772072396519,1.265822766650644,88519501269.90001,85994501269.90001,25.43663829594827,40.75483483881216,155.84419237658452,170.55780591502892,13.47944286126085,13.47944286126085,39.59231181855433,63.231250933750005,151.39876984137325,165.69268067418113,0.0098283427664976,0.0058631148227727,0.2275011420740064,0.1009323064450749,-1.856617647058824,1.8922255588922257,214.16666666666663,0.6528735632183909,0.0014798998878289,0.1505747126436781,0.1077348066298342,0.0,0.1357249020402648,0.0862676056338028,0.0225598526703499,0.6712328767123288,-0.0340699815837937,9.567886987292882,0.0990822692591576,0.068005940748847,-0.772784799040218,5348000000.0,4569000000.0,3118000000.0,7885000000.0,1649500000.0,317500000.0,0.0,41.22928176795581,59.4,0.0,2.1829145728643216,1.5151515151515151,0.0,0.1324805847418912,0.0413502103772543,2014-05-01,0.72,bmo,2147178082.0,2025-04-25,2014-03-31,0.0138888888888889,78.12737704918034,7394835.508196721
2013-12-31,MA,USD,1141391,2014-02-14,2014-02-14 11:26:02,2013,Q4,2126000000.0,452000000.0,1674000000.0,0.7873941675,0,266000000.0,321000000.0,587000000.0,167000000.0,754000000.0,1206000000.0,0.0,7000000.0,71000000.0,989000000.0,0.4651928504,920000000.0,0.4327375353,-9000000.0,911000000.0,0.4285042333,288000000.0,623000000.0,0.2930385701,0.052,0.052,1211000018,1215000018,https://www.sec.gov/Archives/edgar/data/1141391/000114139114000003/0001141391-14-000003-index.htm,https://www.sec.gov/Archives/edgar/data/1141391/000114139114000003/ma12312013-10xk.htm,1.755573879768514,0.5144508594053547,0.9900908193050084,0.8695293016915545,5.198183242306112,6.18909982543039,4.7076795336595945,6.180016423418418,0.0057803467348916,101179051503.9,97580051503.9,40.60154554731139,47.59127540164628,84.38619808498748,96.08646866467237,13.51938154782202,13.51938154782202,45.898424978316086,98.66537058028312,81.38453002827356,92.66861491348529,0.006157401070082,0.0104072926593842,0.0,0.0,-3.639029322548028,1.815318302387268,131.42857142857142,1.924558587479936,0.0007214932233001,0.117174959871589,0.1251175917215428,0.0,0.1259654542901278,0.1217681401167639,0.0686735653809971,2.056338028169014,0.0169332079021636,8.45781189810658,0.0766327375118827,0.0500482005141388,1.0536746333888165,4918000000.0,5701000000.0,4203000000.0,7238000000.0,1647000000.0,309000000.0,0.0,97.53527751646284,67.30088495575221,0.0,0.9227430555555556,1.3372781065088757,0.0,0.0832442544094067,0.1205615176134539,2014-01-31,0.6,bmo,2237894736.0,2025-04-25,2013-12-31,-0.05,74.269375,5884629.375
2013-09-30,MA,USD,1141391,2013-10-31,2013-10-31 10:37:31,2013,Q3,2218000000.0,452000000.0,1766000000.0,0.7962128043,0,235000000.0,205000000.0,440000000.0,78000000.0,518000000.0,970000000.0,3000000.0,3000000.0,64000000.0,1326000000.0,0.5978358882,1248000000.0,0.5626690712,6000000.0,1254000000.0,0.565374211,375000000.0,879000000.0,0.3963029757,0.73,0.73,1205000018,1209000018,https://www.sec.gov/Archives/edgar/data/1141391/000114139113000014/0001141391-13-000014-index.htm,https://www.sec.gov/Archives/edgar/data/1141391/000114139113000014/ma09302013-10xq.htm,1.840663872919544,0.7294605700163567,1.0970954192965,1.055601643982714,4.985062166198242,6.36348538212221,4.906223993102048,6.354356751553177,0.0024896265188271,81072401211.04001,77659401211.04001,23.05813458789533,36.55202940082958,61.3255682383056,63.736164474088056,10.588011128515085,10.588011128515085,35.013255730856635,58.56666757996984,58.74387383588503,61.05298837345913,0.0108421606720623,0.015689679607353,0.0,0.0,-2.573906485671192,1.948154981549816,416.0,1.503981797497156,0.0008880950721143,0.0819112627986348,0.10595130748422,0.0,0.1278951201747997,0.037821482602118,0.0225428313796212,0.78125,0.0126239855725879,10.212403522515816,0.1052700671929248,0.0734090529480541,0.5705394105645565,5139000000.0,5912000000.0,4497000000.0,7369000000.0,1303500000.0,269500000.0,0.0,40.17132551848512,55.75221238938053,0.0,2.2404040404040404,1.6142857142857143,0.0,0.114796917852945,0.0414937753137859,2013-10-31,0.69,bmo,2096465753.0,2025-04-25,2013-09-30,0.0579710144927536,62.778125,6598267.65625
2013-06-30,MA,USD,1141391,2013-07-31,2013-07-31 10:49:51,2013,Q2,2096000000.0,0.0,0.0,0.0,0,621000000.0,186000000.0,807000000.0,61000000.0,868000000.0,868000000.0,0.0,5000000.0,61000000.0,1299000000.0,0.6197519084,1228000000.0,0.5858778626,5000000.0,1233000000.0,0.5882633588,385000000.0,848000000.0,0.4045801527,0.7,0.7,1214000018,1217000018,https://www.sec.gov/Archives/edgar/data/1141391/000114139113000011/0001141391-13-000011-index.htm,https://www.sec.gov/Archives/edgar/data/1141391/000114139113000011/ma06302013-10xq.htm,1.7265238623744403,0.6985172878308804,0.6112026268520203,0.5609555106283367,4.192751173418846,5.789950490758559,4.400329424047834,5.78088953537396,0.0041186160839084,70800481049.76,68452481049.76,20.87278332834906,33.77885546267175,95.41843807245284,103.96546409656386,10.088412802758622,10.088412802758622,32.65862645503817,52.69629026155504,92.25401758727762,100.51759331829662,0.0119773197501865,0.0096185787144776,0.0,0.0,-1.807544264819092,2.07118095678299,245.6,0.875,0.0010310664407589,0.0860849056603773,0.2962786259541984,0.0,0.1403377422843357,0.082210242587601,0.0291030534351145,1.0,0.0104961832061068,9.53184944219825,0.1097688111210829,0.0820592219856783,1.0796952063966114,4635000000.0,5342000000.0,3970000000.0,6793000000.0,1614000000.0,260500000.0,0.0,69.43225190839695,0.0,0.0,1.2962275819418676,0.0,0.0,0.1208321459105158,0.0502471162236836,2013-07-31,0.63,bmo,1886400000.0,2025-04-25,2013-06-30,0.111111111111111,55.55171875,5858768.59375
2013-03-31,MA,USD,1141391,2013-05-01,2013-05-01 10:43:22,2013,Q1,1906000000.0,0.0,0.0,0.0,0,608000000.0,129000000.0,737000000.0,62000000.0,799000000.0,799000000.0,0.0,5000000.0,62000000.0,1169000000.0,0.6133263379,1107000000.0,0.5807974816,-5000000.0,1102000000.0,0.5781741868,336000000.0,766000000.0,0.4018887723,0.62,0.62,1226000018,1230000018,https://www.sec.gov/Archives/edgar/data/1141391/000114139113000007/0001141391-13-000007-index.htm,https://www.sec.gov/Archives/edgar/data/1141391/000114139113000007/ma03312013-10xq.htm,1.5546492430801906,0.6247960756555225,0.711256107012553,0.6769983587390127,4.094616579361257,5.510603508000927,4.141109237732491,5.499999919249594,0.0040783033658976,65860720966.96,63876720966.96,21.495013370417755,34.55441813586569,75.52834973275229,79.35026622525301,9.767272870674772,9.767272870674772,33.51349473607555,54.642190733071,73.25312037495412,76.95990477946988,0.0116306045356575,0.0126023521731015,0.0,0.0,-1.6971770744225834,1.9898051653828728,221.4,1.1383812010443863,0.0005617916028972,0.0483028720626631,0.3189926547743966,0.0,0.1421796934541451,0.0481651376146789,0.0220356768100734,0.6774193548387096,-0.0120671563483735,8.793094633130524,0.1040534819597781,0.0756169792694965,0.9586052061542466,4369000000.0,5077000000.0,3730000000.0,6516000000.0,1826500000.0,309500000.0,0.0,76.07030430220357,0.0,0.0,1.1831160769708255,0.0,0.0,0.1135992881506747,0.0342577482735404,2013-05-01,0.62,bmo,1906000000.0,2025-04-25,2013-03-31,0.0,52.10883333333334,7197570.833333333
2012-12-31,MA,USD,1141391,2013-02-14,2013-02-14 17:02:29,2012,Q4,1895000000.0,1565000000.0,330000000.0,0.1741424802,0,-953000000.0,295000000.0,-658000000.0,89000000.0,-569000000.0,996000000.0,9000000.0,7000000.0,62000000.0,963000000.0,0.5081794195,899000000.0,0.4744063325,-5000000.0,894000000.0,0.47176781,289000000.0,605000000.0,0.3192612137,0.49,0.49,1240000018,1250000018,https://www.sec.gov/Archives/edgar/data/1141391/000114139113000003/0001141391-13-000003-index.htm,https://www.sec.gov/Archives/edgar/data/1141391/000114139113000003/ma12312012-10xk.htm,1.5282257842676903,0.4879032187239855,0.6983870866363164,0.6548387001716963,4.034677360786942,5.587903144691729,4.165322520180802,5.578225725477369,0.0056451612083766,60921200884.34,58869200884.34,25.174049952206616,32.14839096798945,70.34780702579677,75.0261094634729,8.807460009301721,8.807460009301721,31.065541363767817,61.13104972413292,67.97829201424943,72.4990158674138,0.0099308613621816,0.0133286932662669,0.0,0.0,-2.130841121495327,1.9072564207093352,128.42857142857142,1.431404958677686,0.0006237565814262,0.0628099173553719,-0.5029023746701847,0.0,0.1415503129513721,0.0623556581986143,0.0284960422163588,0.8709677419354839,-0.012664907651715,7.825392733924625,0.0805166316706992,0.0565526266591886,0.8076612785984653,4451000000.0,5165000000.0,3824000000.0,6687000000.0,1884500000.0,338000000.0,0.0,96.98153034300792,20.53035143769968,0.0,0.9280117531831538,4.383753501400561,0.0,0.0874656643053346,0.0435483864646202,2013-01-31,0.48,bmo,1856326530.0,2025-04-25,2012-12-31,0.0208333333333333,47.51596774193549,7041297.419354838
2012-09-30,MA,USD,1141391,2012-10-31,2012-10-31 11:55:59,2012,Q3,1918000000.0,402000000.0,1516000000.0,0.7904066736,0,203000000.0,176000000.0,379000000.0,73000000.0,452000000.0,854000000.0,9000000.0,4000000.0,58000000.0,1128000000.0,0.5881126173,1064000000.0,0.5547445255,2000000.0,1066000000.0,0.5557872784,294000000.0,772000000.0,0.4025026069,0.62,0.62,1250000018,1250000018,https://www.sec.gov/Archives/edgar/data/1141391/000114139112000012/0001141391-12-000012-index.htm,https://www.sec.gov/Archives/edgar/data/1141391/000114139112000012/ma09302012-10xq.htm,1.5343999779046402,0.6175999911065602,0.8111999883187202,0.7655999889753602,4.511199935038721,5.5391999202355215,4.128799940545281,5.529599920373761,0.00319999995392,57112500822.42,54067500822.42,18.494980836275904,29.77711200334723,56.3239653081065,59.678684244952976,8.262803938428819,8.262803938428819,28.189520762471325,47.93218158015957,53.32100672822485,56.4968660631348,0.0135171808077601,0.0167564015971845,0.0,0.0,-2.699468085106383,1.9947229551451189,266.0,1.3134715025906736,0.0006478441578848,0.0479274611398963,0.1058394160583941,0.0,0.1454620462046204,0.0562130177514792,0.0297184567257559,0.9827586206896552,0.0046923879040667,8.765803978359749,0.1017632850959742,0.0745389591580573,1.3905999799753603,4524000000.0,5161000000.0,3876000000.0,6752000000.0,1689000000.0,324500000.0,0.0,81.03753910323253,71.41791044776119,0.0,1.1105964099594672,1.2601880877742946,0.0,0.1116898148148148,0.04559999934336,2012-10-31,0.59,bmo,1825193548.0,2025-04-25,2012-09-30,0.0508474576271186,43.2747619047619,7289243.492063492
2012-06-30,MA,USD,1141391,2012-08-01,2012-08-01 10:42:40,2012,Q2,1820000000.0,0.0,1820000000.0,1.0,0,591000000.0,179000000.0,770000000.0,76000000.0,846000000.0,846000000.0,9000000.0,3000000.0,56000000.0,1032000000.0,0.567032967,974000000.0,0.5351648352,-1000000.0,973000000.0,0.5346153846,273000000.0,700000000.0,0.3846153846,0.56,0.56,1260000018,1260000018,https://www.sec.gov/Archives/edgar/data/1141391/000114139112000010/0001141391-12-000010-index.htm,https://www.sec.gov/Archives/edgar/data/1141391/000114139112000010/ma06302012-10xq.htm,1.4444444238095242,0.5555555476190477,0.5087301514625852,0.4642857076530613,3.9333332771428577,4.980952309795919,3.659523757244899,4.972222151190477,0.0023809523469387,54192600774.18,51039600774.18,19.354500276492857,29.77615427152747,84.54383896127925,92.63692440030768,8.650055989494014,8.650055989494014,28.04373668910989,49.45697749436047,79.62496220620905,87.2471808105641,0.012916892527762,0.0107948316124868,0.0,0.0,-3.0552325581395348,1.9231483631297888,324.6666666666667,0.9157142857142856,0.0007012027372213,0.0542857142857142,0.3247252747252747,0.0,0.1481316725978647,0.0873634945397816,0.0307692307692307,1.0,0.0126373626373626,7.883703190885877,0.1010701607472135,0.0731070496083551,0.9763888749404764,3976000000.0,4611000000.0,3319000000.0,6099000000.0,1558500000.0,302000000.0,0.0,81.64285714285714,0.0,0.0,1.1023622047244095,0.0,0.0,0.1117318435754189,0.0444444438095238,2012-08-01,0.56,bmo,1820000000.0,2025-04-25,2012-06-30,0.0,42.62222222222222,9278842.063492063
2012-03-31,MA,USD,1141391,2012-05-02,2012-05-02 10:45:44,2012,Q1,1758000000.0,0.0,1758000000.0,1.0,0,579000000.0,125000000.0,704000000.0,54000000.0,758000000.0,758000000.0,9000000.0,6000000.0,54000000.0,1060000000.0,0.6029579067,1000000000.0,0.5688282139,0.0,1000000000.0,0.5688282139,318000000.0,682000000.0,0.3879408419,0.54,0.54,1270000019,1270000019,https://www.sec.gov/Archives/edgar/data/1141391/000114139112000006/0001141391-12-000006-index.htm,https://www.sec.gov/Archives/edgar/data/1141391/000114139112000006/ma03312012-10xq.htm,1.384251947794656,0.5370078659817721,0.3362204674108749,0.2960629876966955,4.048031435501892,5.022834570524522,3.665354275872653,5.016535358020337,0.0047244093781387,53403500798.95,49719500798.95,19.576063342723607,30.37741797437429,125.06674660175642,142.03058723125,8.382279202472139,8.382279202472139,28.281854834442548,46.905189432971696,116.43911194133489,132.23271489082447,0.0127706983586628,0.0070407369250105,0.0,0.0,-3.475471698113207,1.9826490713587488,166.66666666666666,0.6270190895741556,0.0003557819190829,0.0278592375366568,0.3293515358361775,0.0,0.1548827598598508,0.1194379391100702,0.0290102389078498,0.9444444444444444,-0.0301478953356086,7.785446442737477,0.096888762608325,0.0724992027213776,1.172047226559923,4021000000.0,4655000000.0,3361000000.0,6195000000.0,1455000000.0,317000000.0,0.0,75.05119453924915,0.0,0.0,1.199181446111869,0.0,0.0,0.1070475592528645,0.0401574797141794,2012-05-02,0.53,bmo,1725444444.0,2025-04-25,2012-03-31,0.0188679245283019,39.01854838709678,10398223.870967742
2011-12-31,MA,USD,1141391,2012-02-16,2012-02-16 12:23:37,2011,Q4,1728000000.0,0.0,1728000000.0,1.0,0,597000000.0,319000000.0,916000000.0,822000000.0,1738000000.0,1738000000.0,12000000.0,7000000.0,52000000.0,47000000.0,0.0271990741,-10000000.0,-0.005787037,-2000000.0,-12000000.0,-0.0069444444,-30000000.0,19000000.0,0.0109953704,0.015,0.015,1270000019,1270000019,https://www.sec.gov/Archives/edgar/data/1141391/000114139112000003/0001141391-12-000003-index.htm,https://www.sec.gov/Archives/edgar/data/1141391/000114139112000003/ma12312011-10xk.htm,1.3606299009039622,0.0149606296974393,0.617322825410131,0.5692913300657203,3.896850335401451,4.627558985886913,3.305511761571084,4.620472371819704,0.0055118109411618,47345600708.32,43611600708.32,622.9684303726316,27.399074483981483,60.38979682183674,65.48492490777316,8.068439111847308,8.068439111847308,25.238194854351853,927.9063980493617,55.62704171979592,60.32033292990318,0.0004013044446738,0.0152706901841663,0.0,0.0,-79.44680851063829,1.835665164809106,-1.4285714285714286,43.55555555555556,0.0004013044446738,1.0,0.3454861111111111,0.0,0.1570186103058075,0.0778061224489796,0.0353009259259259,1.1730769230769231,0.015625,1.247123275420675,0.0023162445954292,0.0021078322609274,0.9574803006361214,3524000000.0,4198000000.0,2925000000.0,5652000000.0,1364500000.0,324500000.0,0.0,75.20833333333333,0.0,0.0,1.1966759002770082,0.0,0.0,0.0032379004771642,0.0480314953444107,2012-02-02,0.39,bmo,1684800000.0,2025-04-25,2011-12-31,0.0256410256410256,35.366349206349206,10499071.587301588
2011-09-30,MA,USD,1141391,2011-11-02,2011-11-02 11:28:29,2011,Q3,1818000000.0,0.0,1818000000.0,1.0,0,565000000.0,200000000.0,765000000.0,51000000.0,816000000.0,816000000.0,17000000.0,6000000.0,51000000.0,1087000000.0,0.597909791,1002000000.0,0.5511551155,28000000.0,1030000000.0,0.5665566557,314000000.0,717000000.0,0.3943894389,0.56,0.56,1270000019,1270000019,https://www.sec.gov/Archives/edgar/data/1141391/000114139111000005/0001141391-11-000005-index.htm,https://www.sec.gov/Archives/edgar/data/1141391/000114139111000005/ma9302011-10xq.htm,1.4314960415760434,0.5645669206875815,0.7929133739642881,0.7582677051912705,3.4582676647975705,4.7102361500043415,3.3645668787978185,4.70236213437411,0.0047244093781387,40284400602.68,36531400602.68,14.046164784755929,22.15863619509351,40.004370012591856,41.832191695410174,6.745545981694574,6.745545981694574,20.094279759449947,33.60754425269549,36.277458393922544,37.934995433727934,0.0177984527328997,0.0239050348420955,0.0,0.0,-3.452621895124195,2.17487922705314,167.0,1.4064245810055866,0.0004716465856695,0.0264993026499302,0.3107810781078108,0.0,0.176659086210461,0.0436941410129096,0.0242024202420242,0.8627450980392157,0.0093509350935093,7.728709949185128,0.1060337832744857,0.0900188323917137,1.3100393504797263,3648000000.0,4273000000.0,3061000000.0,5807000000.0,1240500000.0,312500000.0,0.0,63.613861386138616,0.0,0.0,1.414785992217899,0.0,0.0,0.120060281312793,0.0346456687730175,2011-11-02,0.48,bmo,1558285714.0,2025-04-25,2011-09-30,0.1666666666666668,32.1425,15434679.375
2011-06-30,MA,USD,1141391,2011-08-03,2011-08-03 13:25:57,2011,Q2,1667000000.0,0.0,1667000000.0,1.0,0,540000000.0,193000000.0,733000000.0,49000000.0,782000000.0,782000000.0,11000000.0,2000000.0,49000000.0,943000000.0,0.5656868626,885000000.0,0.5308938212,7000000.0,892000000.0,0.5350929814,284000000.0,608000000.0,0.3647270546,0.48,0.48,1270000019,1280000019,https://www.sec.gov/Archives/edgar/data/1141391/000119312511207804/0001193125-11-207804-index.htm,https://www.sec.gov/Archives/edgar/data/1141391/000119312511207804/d10q.htm,1.3125984055595514,0.4787401503180607,0.4236220409064419,0.3866141674443549,2.837795233135347,4.315747966929755,2.9236220035048675,4.307086549736501,0.0015748031260462,38265100572.47,35501100572.47,15.73400516960115,22.95446944959208,71.12472225366172,77.93299505594705,6.995448002279707,6.995448002279707,21.296401063269347,37.64697833772004,65.98717578526022,72.30366715370673,0.0158891520185217,0.0128315355939049,0.0,0.0,-2.931071049840934,2.028002699055331,442.5,0.8848684210526315,0.0004965360005788,0.03125,0.3239352129574085,0.0,0.1959002770083102,0.087360594795539,0.0281943611277744,0.9591836734693876,0.0125974805038992,6.81134666572693,0.0995262662187047,0.0837811767948187,0.7535432958131318,3047000000.0,3713000000.0,2467000000.0,5269000000.0,1115500000.0,309500000.0,0.0,64.57108578284343,0.0,0.0,1.3938127090301002,0.0,0.0,0.1111517367458866,0.0370078734620869,2011-08-03,0.42,bmo,1458625000.0,2025-04-25,2011-06-30,0.1428571428571428,27.437142857142856,9973891.746031746
2011-03-31,MA,USD,1141391,2011-05-03,2011-05-03 10:45:41,2011,Q1,1501000000.0,0.0,1501000000.0,1.0,0,494000000.0,129000000.0,623000000.0,42000000.0,665000000.0,665000000.0,12000000.0,10000000.0,42000000.0,888000000.0,0.5916055963,836000000.0,0.5569620253,0.0,836000000.0,0.5569620253,274000000.0,562000000.0,0.3744170553,0.43,0.43,1300000019,1310000019,https://www.sec.gov/Archives/edgar/data/1141391/000119312511123143/0001193125-11-123143-index.htm,https://www.sec.gov/Archives/edgar/data/1141391/000119312511123143/d10q.htm,1.1546153677402369,0.4323076859893492,0.2730769190857989,0.2538461501360947,3.029999955715385,4.001538403054439,3.0407691863272195,3.993076864716569,0.0076923075798816,32721000478.230003,29767000478.230003,14.55560519494217,21.79946734059294,92.17183233304225,99.15454690372728,6.303409839766905,6.303409839766905,19.831446021472352,33.521396934943695,83.85070557247889,90.20303175221213,0.0171755139447496,0.0100852661953156,0.0,0.0,-3.3265765765765765,2.175922608384092,83.6,0.6316725978647687,0.0006112282542615,0.0355871886120996,0.3291139240506329,0.0,0.1469066102093625,0.0704225352112676,0.0166555629580279,0.5952380952380952,0.0099933377748167,6.232202735443751,0.0984065837856767,0.0774851785468082,1.0886538302427518,3282000000.0,3953000000.0,2773000000.0,4967000000.0,1091000000.0,595500000.0,0.0,62.05862758161226,0.0,0.0,1.45024154589372,0.0,0.0,0.1082643036023887,0.0192307689497041,2011-05-03,0.41,bmo,1431186046.0,2025-04-25,2011-03-31,0.048780487804878,24.332580645161293,10141037.41935484
2010-12-31,MA,USD,1141391,2011-11-23,2011-11-23 12:41:59,2010,Q4,1438000000.0,0.0,0.0,0.0,0,518000000.0,305000000.0,823000000.0,46000000.0,869000000.0,869000000.0,0.0,9000000.0,42000000.0,633000000.0,0.4401947149,569000000.0,0.3956884562,13000000.0,582000000.0,0.40472879,167000000.0,415000000.0,0.2885952712,0.32,0.32,1300000000,1300000000,https://www.sec.gov/Archives/edgar/data/1141391/000119312511320907/0001193125-11-320907-index.htm,https://www.sec.gov/Archives/edgar/data/1141391/000119312511320907/d258542d10ka.htm,1.106153846153846,0.3192307692307692,0.5153846153846153,0.48,3.229230769230769,4.012307692307692,3.083846153846154,4.003846153846154,0.0069230769230769,29133000000.0,26066000000.0,17.55,20.259388038942976,43.48208955223881,46.6875,5.597118155619596,5.597118155619596,18.12656467315716,41.178515007898895,38.9044776119403,41.7724358974359,0.0142450142450142,0.0214190093708166,0.0,0.0,-4.845181674565561,2.053452115812917,63.22222222222222,1.6144578313253013,0.000686506710603,0.0481927710843373,0.3602225312934631,0.0,0.1365848138508543,0.0686567164179104,0.0319888734353268,1.0952380952380951,0.0097357440890125,5.362685425271018,0.0712557500087509,0.0543905635648754,1.105576923076923,3311000000.0,4009000000.0,2833000000.0,4957000000.0,1063500000.0,575500000.0,0.0,71.78720445062586,0.0,0.0,1.2537053182214473,0.0,0.0,0.079731027857829,0.0353846153846153,2011-02-03,0.3,bmo,1348125000.0,2025-04-25,2010-12-31,0.0666666666666667,23.796875,13008816.875
2010-09-30,MA,USD,1141391,2010-11-02,2010-11-02 12:19:52,2010,Q3,1428000000.0,0.0,1428000000.0,1.0,0,444000000.0,182000000.0,626000000.0,36000000.0,662000000.0,662000000.0,11000000.0,11000000.0,36000000.0,814000000.0,0.5700280112,766000000.0,0.5364145658,1000000.0,767000000.0,0.5371148459,248000000.0,518000000.0,0.362745098,0.4,0.39,1310000019,1310000019,https://www.sec.gov/Archives/edgar/data/1141391/000119312510243917/0001193125-10-243917-index.htm,https://www.sec.gov/Archives/edgar/data/1141391/000119312510243917/d10q.htm,1.0900763200675954,0.3954198415931473,0.4496183140895053,0.4190839633873318,2.760305303476488,3.696183152498107,3.154961786302081,3.696183152498107,0.009160305210652,29344000425.6,26866000425.6,14.162162367567566,20.549019905882357,49.82003467843803,53.44990970054644,6.0603057467162325,6.0603057467162325,18.81372578823529,33.00491452776413,45.61290394838709,48.936248498360655,0.017652671499694,0.018709105508363,0.000206526228831,0.0001224589762429,-3.0442260442260443,2.200918079096045,69.63636363636364,1.1348747591522157,0.0006815703281735,0.0386100386100386,0.3109243697478991,0.0,0.0868234141562576,0.0679117147707979,0.0280112044817927,1.1111111111111112,0.0126050420168067,5.734522083386844,0.0971734791299718,0.0694649322783961,0.7839694542783057,3401000000.0,4133000000.0,2909000000.0,4543000000.0,954000000.0,471500000.0,0.0,61.76470588235294,0.0,0.0,1.457142857142857,0.0,0.0,0.1069805865344898,0.0305343507021735,2010-11-02,0.35,bmo,1281538461.0,2025-04-25,2010-09-30,0.1142857142857144,20.84234375,14366893.4375
2010-06-30,MA,USD,1141391,2010-08-03,2010-08-03 11:00:59,2010,Q2,1365000000.0,0.0,1365000000.0,1.0,0,433000000.0,180000000.0,613000000.0,35000000.0,648000000.0,648000000.0,13000000.0,17000000.0,35000000.0,765000000.0,0.5604395604,717000000.0,0.5252747253,-4000000.0,713000000.0,0.5223443223,255000000.0,458000000.0,0.3355311355,0.35,0.35,1310000019,1310000019,https://www.sec.gov/Archives/edgar/data/1141391/000119312510174782/0001193125-10-174782-index.htm,https://www.sec.gov/Archives/edgar/data/1141391/000119312510174782/d10q.htm,1.041984717711672,0.349618315539887,0.2618320572711381,0.2274809127311928,2.63587782436513,3.148854916161646,2.6473282058784458,3.1427480460212114,0.0274809156319561,26134500379.05,23830500379.05,14.265556975463973,19.146154123846152,76.19387865612244,87.69966570151007,6.34794762668205,6.34794762668205,17.458242035934067,31.15098088764706,69.4766774899417,79.968122077349,0.0175247275959843,0.0114025520166011,0.004615010930289,0.002556512378902,-3.011764705882353,1.966997870830376,42.1764705882353,0.7489082969432315,0.0007270083500517,0.0414847161572052,0.3172161172161172,0.0,0.0884015069967707,0.1311953352769679,0.0329670329670329,1.2857142857142858,0.0109890109890109,4.9721374936102345,0.0998199880721579,0.0676014760147601,0.642748082280753,2725000000.0,3468000000.0,2236000000.0,3817000000.0,921500000.0,692000000.0,0.0,61.18681318681319,0.0,0.0,1.4709051724137931,0.0,0.0,0.111246052951178,0.0343511445399452,2010-08-03,0.33,bmo,1287000000.0,2025-04-25,2010-06-30,0.0606060606060604,22.835873015873016,23147029.04761905
2010-03-31,MA,USD,1141391,2010-05-04,2010-05-04 14:50:06,2010,Q1,1308000000.0,0.0,1308000000.0,1.0,0,458000000.0,115000000.0,573000000.0,35000000.0,608000000.0,608000000.0,10000000.0,15000000.0,35000000.0,745000000.0,0.5695718654,700000000.0,0.5351681957,-5000000.0,695000000.0,0.5313455657,240000000.0,455000000.0,0.3478593272,0.35,0.35,1300000019,1310000019,https://www.sec.gov/Archives/edgar/data/1141391/000119312510106305/0001193125-10-106305-index.htm,https://www.sec.gov/Archives/edgar/data/1141391/000119312510106305/d10q.htm,1.006153831448521,0.3499999948846155,0.0730769220088757,0.0576923068491124,2.3853845805213023,2.947692264610652,2.408461503260947,2.941538418546746,0.0276923072875739,33020000482.6,30922000482.6,18.14285740802197,25.244648687003057,347.57895244842103,440.2666731013333,8.634937364696652,8.634937364696652,23.64067315183486,41.50604091624161,325.4947419221052,412.2933397679999,0.013779527357662,0.0022713506633508,0.0054916317991631,0.0028822399121603,-2.8161073825503355,1.809355067328136,46.66666666666666,0.2087912087912088,0.0006056935102269,0.0439560439560439,0.3501529051987767,0.0,0.0962119132583036,0.2105263157894736,0.0152905198776758,0.5714285714285714,0.0122324159021406,4.812963194072428,0.1026598076377607,0.0690964312832194,0.2563461500995562,2284000000.0,3131000000.0,1652000000.0,3418000000.0,955000000.0,726000000.0,0.0,62.95871559633027,0.0,0.0,1.4295081967213117,0.0,0.0,0.1189853556485355,0.0153846151597633,2010-05-04,0.31,bmo,1158514285.0,2025-04-25,2010-03-31,0.129032258064516,24.29590163934426,16043865.721311476
2009-12-31,MA,USD,1141391,2010-02-18,2010-02-18 13:20:56,2009,Q4,1298418000.0,0.0,1298418000.0,1.0,0,506660000.0,285205000.0,791865000.0,38427000.0,830292000.0,830292000.0,0.0,23442000.0,38427000.0,520202000.0,0.4006429363,468126000.0,0.3605356673,-9793000.0,458333000.0,0.352993412,163938000.0,294001000.0,0.2264301635,0.23,0.23,1300000000,1300000000,https://www.sec.gov/Archives/edgar/data/1141391/000119312510034065/0001193125-10-034065-index.htm,https://www.sec.gov/Archives/edgar/data/1141391/000119312510034065/d10k.htm,0.9987830769230768,0.2261546153846154,0.21865,0.1856276923076923,2.2146153846153847,2.701538461538461,2.144615384615385,2.6953846153846155,0.0349553846153846,33280000000.0,31247000000.0,28.29922347202901,25.63119118804576,117.08209467185,137.9104576571798,9.497716894977168,9.497716894977168,24.06543963500198,60.067050876390326,109.92981406884904,129.48581942349452,0.0088341646634615,0.0072510817307692,0.0062785388127853,0.0029451137884872,-3.908097239149407,1.5797284496368804,19.96954184796519,0.9655225122709286,0.0005909254807692,0.0668909289424185,0.3902133211338721,0.0,0.0969210174029451,0.151028162324755,0.0330625422629692,1.1171572071720406,0.0145892925082677,3.703431867556515,0.0698780406051099,0.0435815297954343,-0.2559615384615384,1836000000.0,2788000000.0,1045000000.0,3009000000.0,962773500.0,735049000.0,0.0,68.96854479836232,0.0,0.0,1.304942713567839,0.0,0.0,0.0839043949771689,0.0330223076923076,2010-02-04,0.25,bmo,1475454545.0,2025-04-25,2009-12-31,-0.12,23.30109375,16647653.109375
2009-09-30,MA,USD,1141391,2009-11-03,2009-11-03 15:59:24,2009,Q3,1364000000.0,0.0,1364275000.0,1.0002016129,0,475000000.0,174000000.0,649000000.0,42000000.0,691000000.0,691000000.0,0.0,24000000.0,36000000.0,733000000.0,0.5373900293,673000000.0,0.4934017595,0.0,673000000.0,0.4934017595,221000000.0,452000000.0,0.3313782991,0.35,0.35,1300000019,1300000019,https://www.sec.gov/Archives/edgar/data/1141391/000119312509222058/0001193125-09-222058-index.htm,https://www.sec.gov/Archives/edgar/data/1141391/000119312509222058/d10q.htm,1.0492307538958583,0.347692302610651,0.2429492272184343,0.2169361506755485,2.2662068899554377,2.48095073297072,1.9232868949673456,2.4750176561343573,0.0351461533324793,26273000383.99,23978299383.99,14.531526761056416,19.26173048679619,83.18610530845318,93.16105193654992,8.16559831397942,8.16559831397942,17.57939837535924,32.71255031922237,75.92057658133703,85.02430486101902,0.0172039734097303,0.0107340994891414,0.006741210552341,0.0031256538798745,-3.13056070941337,1.7026519955347483,28.041666666666668,0.6985314283186623,0.0007612377614924,0.0442477876106194,0.3482404692082111,0.0,0.1044713422644317,0.1070720695048664,0.0247925219941348,0.933088681640086,0.0205278592375366,4.400256041064639,0.1089677571156909,0.0727344701044431,-0.0539482684422945,1961335000.0,2500273000.0,1038555000.0,3137213000.0,1050687000.0,785805000.0,0.0,61.39972873900293,0.0,0.0,1.4658045214266449,0.0,0.0,0.1404807362682411,0.0260130765428858,2009-11-03,0.29,bmo,1130585714.0,2025-04-25,2009-09-30,0.2068965517241379,19.6471875,17372317.34375
2009-06-30,MA,USD,1141391,2009-07-31,2009-07-30 17:59:46,2009,Q2,1280000000.0,0.0,1279889000.0,0.9999132813,0,507000000.0,180000000.0,687000000.0,36000000.0,723000000.0,723000000.0,0.0,32000000.0,36000000.0,604000000.0,0.471875,557000000.0,0.43515625,-21000000.0,536000000.0,0.41875,187000000.0,349000000.0,0.27265625,0.27,0.27,1300000019,1300000019,https://www.sec.gov/Archives/edgar/data/1141391/000119312509159733/0001193125-09-159733-index.htm,https://www.sec.gov/Archives/edgar/data/1141391/000119312509159733/d10q.htm,0.9846153702248522,0.2684615345378698,0.278461534391716,0.2517538424743669,2.041228431705123,2.056954585321433,1.5202553623962678,2.050976123870349,0.0404338455628899,21749000317.87,19721370317.87,15.579513121683382,16.991406498335937,60.08011137533149,66.45380199789172,8.15709154547797,8.15709154547797,15.407320560835936,32.65127536071192,54.47892353002762,60.25840356230139,0.0160467145569557,0.0150480479661904,0.0077126501489534,0.0029444726918199,-3.357003311258278,1.573042367685668,17.40625,1.0376090277718062,0.0008736033712955,0.0544412607449856,0.39609375,0.0,0.099902017960367,0.0959116022099447,0.027125,0.9719772682735646,0.0203125,3.5197563046441496,0.0906157970494337,0.0555182252493706,-0.5985959527897514,1708590000.0,1976332000.0,380310000.0,2863049000.0,1129552500.0,831488000.0,0.0,82.3237734375,0.0,0.0,1.0932443477986074,0.0,0.0,0.1308945196452421,0.0267076919173491,2009-07-30,0.24,bmo,1137777777.0,2025-04-25,2009-06-30,0.1250000000000001,16.93873015873016,31704303.301587302
2009-03-31,MA,USD,1141391,2009-05-01,2009-05-01 12:03:11,2009,Q1,1156000000.0,0.0,1156000000.0,1.0,0,448000000.0,116000000.0,564000000.0,31000000.0,595000000.0,595000000.0,0.0,36000000.0,31000000.0,617000000.0,0.5337370242,561000000.0,0.4852941176,-11000000.0,550000000.0,0.4757785467,183000000.0,367000000.0,0.3174740484,0.28,0.28,1300000019,1300000019,https://www.sec.gov/Archives/edgar/data/1141391/000119312509095754/0001193125-09-095754-index.htm,https://www.sec.gov/Archives/edgar/data/1141391/000119312509095754/d10q.htm,0.8892307562343197,0.2823076881816568,0.32006384147599,0.2986069187126681,1.7506622821057052,1.7148684364749998,1.2096461361667104,1.708739975026108,0.0418515378498621,21775000318.25,20115215318.25,14.833106483821526,18.836505465614188,52.3333092634162,56.09381079384011,9.802544708269073,9.802544708269073,17.400705292603806,32.60164557252836,48.34423737151001,51.8180971595022,0.0168541903392033,0.0178272787291145,0.0082863576490459,0.0028692291193319,-2.6900891410048624,1.492710365702954,15.583333333333334,1.1330927806976934,0.00091848448715,0.0544959128065395,0.3875432525951557,0.0,0.1023783410689924,0.0670395089441289,0.0241297577854671,0.9001839481072708,0.0129757785467128,3.29450826697962,0.1021668074960535,0.063731620069938,-0.8414719107784875,1355596000.0,1572540000.0,-79083000.0,2466612000.0,1219629500.0,794021500.0,0.0,84.7275259515571,0.0,0.0,1.0622285849755302,0.0,0.0,0.1652139543217179,0.0214569227633219,2009-05-01,0.26,bmo,1073521428.0,2025-04-25,2009-03-31,0.0769230769230769,15.048196721311474,35333789.655737706
2008-12-31,MA,USD,1141391,2009-02-19,2009-02-19 16:06:14,2008,Q4,1224834000.0,0.0,0.0,0.0,0,478590000.0,247838000.0,726428000.0,36050000.0,762478000.0,762478000.0,0.0,0.0,30050000.0,747298000.0,0.6101218614,462356000.0,0.3774846224,-17296000.0,445060000.0,0.3633635252,205618000.0,239442000.0,0.1954893479,0.18,0.18,1295660019,1296360000,https://www.sec.gov/Archives/edgar/data/1141391/000119312509033062/0001193125-09-033062-index.htm,https://www.sec.gov/Archives/edgar/data/1141391/000119312509033062/d10k.htm,0.9453359539065934,0.184803109217496,-0.3992991930084399,-0.4361576275512133,1.7344480550804122,1.4911126157084886,0.9568096428234388,1.4875468654867865,0.1302556207069317,18514981671.51,17178588671.509998,19.33138471060841,15.116319167748443,-35.78770067711595,-32.76338437603519,9.606420027192708,9.606420027192708,14.025238253926654,22.987601561237952,-33.20457996333279,-30.39855581107815,0.0129323379438415,-0.0305218773653753,0.0875640450254364,0.026060984436172,-1.7882999820687329,1.4417581160834938,0.0,-2.160673566041045,0.0010630850383334,0.0822036234244618,0.390738663361729,0.0,0.1069010410835706,-0.0923078112556924,0.0389897733080564,1.5892179700499167,-0.0390281458548668,2.487031148095197,0.0684353314338842,0.0414003521006215,-0.990524698748152,1321056000.0,1239700000.0,-232367000.0,2320129000.0,1109105000.0,509417000.0,0.0,99.2691989281813,0.0,0.0,0.9066256298201084,0.0,0.0,0.1242334702221438,0.0368584345427733,2009-02-05,0.16,bmo,1031410526.0,2025-04-25,2008-12-31,0.1875,14.53515625,39473077.765625
2008-09-30,MA,USD,1141391,2008-11-04,2008-11-03 20:36:14,2008,Q3,1338178000.0,0.0,0.0,0.0,0,493740000.0,267460000.0,761200000.0,856242000.0,1617442000.0,1617442000.0,0.0,0.0,28742000.0,-250522000.0,-0.1872112679,-279264000.0,-0.2086897259,-14408000.0,-293672000.0,-0.2194566044,-100090000.0,-193582000.0,-0.1446608747,-0.15,-0.15,1295360019,1295360019,https://www.sec.gov/Archives/edgar/data/1141391/000119312508223286/0001193125-08-223286-index.htm,https://www.sec.gov/Archives/edgar/data/1141391/000119312508223286/d10q.htm,1.0330548885035489,-0.1494426237961571,0.2993646509943735,0.2570814253299877,2.242698521946585,1.3662232692392524,0.8951102264952644,1.3626566932046094,0.1304394126124406,22966733136.87,21064242136.87,-29.660212644861097,17.162689221366662,59.22542939224055,68.96647619423265,13.011347677237554,13.011347677237554,15.74098672737857,-84.08140657056066,54.319383516304136,63.2535130366382,-0.0084287999885029,0.014499798382966,0.0957243400064924,0.0232320336588534,7.594107503532624,1.3342452589646885,0.0,-2.003207942887252,0.0008576753116174,-0.1017553284912853,0.3689643679689847,0.0,0.0839080293827491,0.1412432146679216,0.040930279828244,1.9056433094426275,0.0,,-0.0508244043141879,-0.0290545264287195,-1.5035976264757636,1270260000.0,1159490000.0,-432581000.0,2180312000.0,1100731000.0,242478500.0,0.0,58.32602987046567,0.0,0.0,1.5430503361857133,0.0,0.0,-0.1096700471523076,0.0422832256643857,2008-11-03,0.22,bmo,1177616000.0,2025-04-25,2008-09-30,0.1363636363636363,23.57484375,43168464.5
2008-06-30,MA,USD,1141391,2008-08-01,2008-07-31 19:38:54,2008,Q2,1246504000.0,0.0,0.0,0.0,0,499349000.0,303064000.0,802413000.0,1677295000.0,2479708000.0,2479708000.0,0.0,0.0,27950000.0,-1205254000.0,-0.9669074467,-1233204000.0,-0.9893301586,10022000.0,-1223182000.0,-0.9812900721,-476529000.0,-746653000.0,-0.5989976767,-0.57,-0.57,1300730019,1300730019,https://www.sec.gov/Archives/edgar/data/1141391/000119312508162893/0001193125-08-162893-index.htm,https://www.sec.gov/Archives/edgar/data/1141391/000119312508162893/d10q.htm,0.9583110882289864,-0.5740261154071205,0.2451600219430316,0.2174686490417655,1.9129519298039663,1.5781191869302127,1.0902869767627006,1.5745673353295615,0.131185563112617,34534382004.450005,32935808004.450005,-11.5630627629066,27.70499092217113,108.29661292072116,122.086563359765,16.86177491700792,16.86177491700792,26.422544977352665,-27.326860565864127,103.28363340133026,116.43525603620772,-0.0216205693185356,0.008190909568428,0.0833153083828958,0.0248735637210421,1.3263378507766828,1.5709740735755,0.0,-0.427088620818506,0.0005744999287215,-0.0265719149323715,0.4005995969527575,0.0,0.0924958911398032,0.1129522369993132,0.0288960163786076,1.2886940966010734,0.0,,-0.1854299331383744,-0.1199319844700229,-1.0137070958150924,1599058000.0,1418169000.0,-407831000.0,2530774000.0,1316665000.0,263575000.0,0.0,96.3342035003498,0.0,0.0,0.93424761642082,0.0,0.0,-0.3645611734267148,0.0276913729012661,2008-07-31,0.2,bmo,1187142857.0,2025-04-25,2008-06-30,0.0499999999999999,27.0340625,31502035.71875
2008-03-31,MA,USD,1141391,2008-04-29,2008-04-29 14:56:45,2008,Q1,1182084000.0,0.0,1182084000.0,1.0,0,461625000.0,179588000.0,641213000.0,25264000.0,666477000.0,666477000.0,0.0,15318000.0,25264000.0,729163000.0,0.6168453342,515607000.0,0.4361847381,172974000.0,688581000.0,0.5825144406,241703000.0,446878000.0,0.378042508,0.34,0.34,1314260019,1317640019,https://www.sec.gov/Archives/edgar/data/1141391/000119312508094825/0001193125-08-094825-index.htm,https://www.sec.gov/Archives/edgar/data/1141391/000119312508094825/d10q.htm,0.8994293236580607,0.3400225172641427,0.1703711569727055,0.1462313371947746,2.0260442846203635,2.4063419371201307,1.9487764696279632,2.402826651002308,0.1866388663231488,29307998423.7,27665422423.7,16.395972963370316,24.79349895921102,130.89070002367,152.4980925962349,9.28073608252091,9.28073608252091,23.403939503199435,37.9413415432489,123.55488952668908,143.95128897890586,0.0152476465140871,0.0065574590670302,0.0728240792491558,0.0357902374048086,-2.2526869849402678,1.8706102104951183,33.66020368194281,0.5010584544327534,0.0006837041448656,0.0448399786966465,0.3905179327357446,0.0,0.0935880454562502,0.1416895923398478,0.0268390402035726,1.255778974034199,0.0093487434057139,4.287521573650846,0.0808189440307153,0.0767271717700159,0.2845888519720693,2059196000.0,2561199000.0,1161381000.0,2953304000.0,1272144000.0,259419500.0,0.0,98.90898616341988,0.0,0.0,0.9099274342100704,0.0,0.0,0.1415093831768124,0.0241398197779308,2008-04-29,0.2,bmo,909307692.0,2025-04-25,2008-03-31,0.3,20.01459016393443,40472513.836065575
2007-12-31,MA,USD,1141391,2008-02-21,2008-02-20 20:44:14,2007,Q4,1072687000.0,0.0,0.0,0.0,0,495550000.0,368929000.0,864479000.0,36152000.0,900631000.0,900631000.0,0.0,0.0,26152000.0,198208000.0,0.1847771065,172056000.0,0.1603972081,294980000.0,467036000.0,0.4353888879,162803000.0,304233000.0,0.2836176816,0.23,0.23,1314260000,1314260000,https://www.sec.gov/Archives/edgar/data/1141391/000119312508034694/0001193125-08-034694-index.htm,https://www.sec.gov/Archives/edgar/data/1141391/000119312508034694/d10k.htm,0.8161908602559615,0.2314861595118165,0.0397166466300427,0.0056586976701718,2.2598131267785675,2.306946114163104,1.8805586413647224,2.3034308279944606,0.174869508316467,28282875200.0,26853404200.0,23.24113031788136,26.3663819921375,541.838292654891,3802.995186231007,9.342585737092406,9.342585737092406,25.03377425101637,135.48093013400066,514.452741484348,3610.784482990453,0.0107567917988762,0.000262950635231,0.0759169783573321,0.0367128585899038,-7.211974289635131,1.942901619824808,0.0,0.1715724461185999,0.0007141070296841,0.0663866181512196,0.4619707333080386,0.0,0.0895176245650787,0.8575232767538986,0.0417279224974293,1.7115708167635362,-0.0143844383310322,3.4637087076795487,0.0281840281479367,0.053377422536128,0.5141762284479479,2228399000.0,2471543000.0,1363627000.0,3078983000.0,1062595000.0,249332000.0,0.0,104.47333658373783,0.0,0.0,0.8614638236222395,0.0,0.0,0.1004962496370536,0.0340579489598709,2008-01-31,0.07,bmo,834322222.0,2025-04-25,2007-12-31,0.2857142857142855,18.416875,37429155.625
2007-09-30,MA,USD,1141391,2007-10-31,2007-10-31 12:04:33,2007,Q3,1082850000.0,0.0,0.0,0.0,0,432848000.0,264425000.0,697273000.0,32274000.0,729547000.0,729547000.0,0.0,0.0,22274000.0,375577000.0,0.3468412061,353303000.0,0.3262714134,129004000.0,482307000.0,0.4454051808,167846000.0,314461000.0,0.2904012559,0.23,0.23,1353570020,1362280020,https://www.sec.gov/Archives/edgar/data/1141391/000119312507230733/0001193125-07-230733-index.htm,https://www.sec.gov/Archives/edgar/data/1141391/000119312507230733/d10q.htm,0.7999955554571163,0.2323197140551325,0.2005821612390617,0.173263293760008,2.421589538456238,2.3473761630742973,1.9506571222669369,2.343962966910275,0.1697341080293725,20763764106.8,19306088106.8,16.507423898989064,19.17510653072909,76.47738914188477,88.53577504562432,6.544471997448245,6.544471997448245,17.828958864847394,51.40380829177505,71.10845631634389,82.32030882468318,0.0151447010466188,0.0112948692151243,0.0724133061936169,0.0374486958392692,-3.8811641820452265,2.24432099890722,0.0,0.8633857191011951,0.0009972180329875,0.0658460031609643,0.3997303412291638,0.0,0.087528728700012,0.1361978917282377,0.0341487740684305,1.660141869444195,0.0,3.5003354325177667,0.0546084024381541,0.0561738823181808,0.724120832699885,2484588000.0,2640351000.0,1523688000.0,3301945000.0,818673500.0,241467500.0,0.0,73.14024103061367,0.0,0.0,1.2305127619463203,0.0,0.0,0.0991140719093219,0.0273188674790536,2007-10-31,0.14,bmo,842255555.0,2025-04-25,2007-09-30,0.2857142857142855,14.724126984126984,35344591.55555555
2007-06-30,MA,USD,1141391,2007-08-01,2007-08-01 12:18:19,2007,Q2,996959000.0,0.0,0.0,0.0,0,431463000.0,268253000.0,699716000.0,28427000.0,728143000.0,728143000.0,0.0,0.0,25028000.0,293844000.0,0.2947403053,268816000.0,0.269635963,117483000.0,386299000.0,0.3874773185,134013000.0,252286000.0,0.2530555419,0.19,0.19,1358650020,1366870020,https://www.sec.gov/Archives/edgar/data/1141391/000119312507167745/0001193125-07-167745-index.htm,https://www.sec.gov/Archives/edgar/data/1141391/000119312507167745/d10q.htm,0.7337864684240022,0.1856887324080707,0.2761469064711749,0.2477510727891499,2.0833805309184776,2.1040120398334814,1.7294991097118595,2.1006116056289463,0.1690258687811302,22540003831.8,21249327831.8,22.33576559123376,22.60875706202562,60.076718627777616,66.96237402014812,7.897699867764356,7.897699867764356,21.314144144142336,72.3149965008644,56.636631417932925,63.128003374261375,0.0111928108745069,0.0149337596617932,0.0804650742327599,0.0409604910257629,-4.3923850750738485,2.182369819480679,0.0,1.4871553996472244,0.0009291036574915,0.083008966014761,0.4327790811858862,0.0,0.0907567203996611,0.1028287227435918,0.0386976796437967,1.5414735496244207,0.0,2.962490150607379,0.0454943477923619,0.0494899971889377,0.4789040521266838,2160918000.0,2349784000.0,1240601000.0,2939735000.0,741714500.0,234052500.0,0.0,68.36923083095694,0.0,0.0,1.3163816369753405,0.0,0.0,0.0883974609635052,0.028395833682025,2007-08-01,0.13,bmo,925785714.0,2025-04-25,2007-06-30,0.0769230769230769,13.453492063492064,34343213.222222224
2007-03-31,MA,USD,1141391,2007-05-02,2007-05-02 14:38:54,2007,Q1,915103000.0,0.0,0.0,0.0,0,398526000.0,178451000.0,576977000.0,24188000.0,601165000.0,601165000.0,0.0,0.0,24188000.0,338126000.0,0.3694950186,313938000.0,0.3430630213,21852000.0,335790000.0,0.3669423005,120884000.0,214906000.0,0.2348435094,0.16,0.16,1358470020,1365940020,https://www.sec.gov/Archives/edgar/data/1141391/000119312507099303/0001193125-07-099303-index.htm,https://www.sec.gov/Archives/edgar/data/1141391/000119312507099303/d10q.htm,0.6736276741683265,0.158197087043555,0.0522455401702571,0.025669318782611,1.8470551157249684,1.918235928386553,1.548631157866848,1.914835043617672,0.1690762376927538,14426951612.4,13446817612.4,16.782862754413557,15.765385549386243,203.2709388283033,413.7234840526512,5.5461696480840335,5.5461696480840335,14.694321417807611,39.768659057274505,189.46117750725617,385.6160595451808,0.0148961475558903,0.0024170733316959,0.0882980694636339,0.0441179888489639,-2.8987241442539173,2.23890967728726,0.0,0.3302560189105935,0.0008426589571112,0.056568918503904,0.4354985176532041,0.0,0.096442997353324,0.5086792346493082,0.0394523895124373,1.4925996361832314,9.20661390029319,2.610695278380412,0.0558981012097799,0.0456852554476392,0.3337892948127041,1996804000.0,2103769000.0,1008260000.0,2756933000.0,744647500.0,255049500.0,0.0,71.40976480243206,0.0,0.0,1.2603318362551836,0.0,0.0,0.0826165614478599,0.026576221387646,2007-05-02,0.12,bmo,686325000.0,2025-04-25,2007-03-31,0.3333333333333334,10.634918032786883,31444301.29508197
2006-12-31,MA,USD,1141391,2007-02-28,2007-02-28 14:20:59,2006,Q4,839163000.0,0.0,0.0,0.0,0,376054000.0,352934000.0,728988000.0,64187000.0,793175000.0,793175000.0,0.0,0.0,24730000.0,70718000.0,0.0842720663,45988000.0,0.0548022256,23750000.0,69738000.0,0.083104236,28836000.0,40902000.0,0.0487414245,0.0301,0.0301,1357080020,1358470000,https://www.sec.gov/Archives/edgar/data/1141391/000119312507042384/0001193125-07-042384-index.htm,https://www.sec.gov/Archives/edgar/data/1141391/000119312507042384/d10k.htm,0.6183592622636946,0.0301397112898324,0.1498644125642642,0.1266299683639878,1.8303423257237257,1.7456442988527676,1.3857642676074473,1.7422399307006229,0.1692368884776595,13367238197.0,12411826197.0,81.70283969610288,15.92925116693658,65.72607753542664,77.78569423382427,5.653641514253969,5.653641514253969,14.790721465317226,175.5115557142453,61.02836195163685,72.22602778634483,0.0030598691664804,0.0128558343516738,0.0971375328365954,0.0451882647610315,-13.510167142735938,1.974634989153175,0.0,4.972324091731456,0.0009256212702768,0.3025035450589213,0.4481298627322701,0.0,0.0960922543566415,0.1550364346192803,0.0375743449127285,1.2750101091791346,0.0,1.0869630589173784,0.0082462209584166,0.0089031894062015,0.252631012871297,1765639000.0,1880593000.0,863738000.0,2506756000.0,604080000.0,235904500.0,0.0,81.85449072468637,0.0,0.0,1.0995120634579554,0.0,0.0,0.0172994033477995,0.0232344442002764,2007-02-09,0.01611,bmo,559466666.0,2025-04-25,2006-12-31,0.8621973929236499,8.767301587301588,33323158.936507937
2006-09-30,MA,USD,1141391,2006-11-01,2006-11-01 13:59:03,2006,Q3,901969000.0,0.0,0.0,0.0,0,392883000.0,209187000.0,602070000.0,25139000.0,627209000.0,627209000.0,0.0,0.0,25139000.0,299899000.0,0.3324936888,274760000.0,0.3046224427,17349000.0,292109000.0,0.3238570283,99105000.0,193004000.0,0.2139807466,0.14,0.14,1356840020,1361340020,https://www.sec.gov/Archives/edgar/data/1141391/000119312506220409/0001193125-06-220409-index.htm,https://www.sec.gov/Archives/edgar/data/1141391/000119312506220409/d10q.htm,0.6647570728345704,0.1422452147306209,0.1939816014565961,0.1708535984957165,1.7131083736754755,1.7133987542613904,1.360375558498046,1.7099937839392445,0.1692078628400126,9552153740.8,8360602740.799999,12.37299970570558,10.59033485718467,36.29210165880199,41.20486815603418,4.116974030035498,4.116974030035498,9.269279477232589,27.878061416676942,31.76496660663673,36.06490672027124,0.0202052861833268,0.0242689770590506,0.0989523262770085,0.0471244573528053,-3.973174302015012,2.1602071671018024,0.0,1.3637126691674784,0.0,0.0,0.4355837063136316,0.0,0.0983171009554695,0.1192278174178007,0.034791661354215,1.248299455030033,0.0,2.339415470187042,0.0547261598755579,0.0439349012077067,0.0817940938976726,1803759000.0,1845812000.0,811304000.0,2523070000.0,548248500.0,197984500.0,0.0,44.39746820567004,0.0,0.0,2.0271426195538336,0.0,0.0,0.0831846384861916,0.0231280029608796,2006-11-01,0.11,bmo,708714285.0,2025-04-25,2006-09-30,0.2727272727272728,5.420634920634921,13378539.365079366
2006-06-30,MA,USD,1141391,2006-08-02,2006-08-02 15:28:47,2006,Q2,846489000.0,0.0,0.0,0.0,0,388411000.0,307066000.0,695477000.0,424978000.0,1120455000.0,1120455000.0,0.0,0.0,24693000.0,-249273000.0,-0.2944787233,-273966000.0,-0.3236498053,13374000.0,-260592000.0,-0.3078504269,49868000.0,-310460000.0,-0.3667620016,-0.23,-0.23,1352520020,1352520020,https://www.sec.gov/Archives/edgar/data/1141391/000119312506159221/0001193125-06-159221-index.htm,https://www.sec.gov/Archives/edgar/data/1141391/000119312506159221/d10q.htm,0.625860606484775,-0.2295418887773654,0.1056878995402966,0.0865155400805083,1.538810493910471,1.5686466511601065,1.2134275099306848,1.5652308052342174,0.1697424042566113,6492096096.0,5511820096.0,-5.2278039811892025,7.669439409135854,45.41674137605372,55.48136202505683,3.0666403855255964,3.0666403855255964,6.511390101938714,-22.11158086114421,38.55902687047466,47.10393710154341,-0.0478212268286177,0.0180240708501059,0.10844560667282,0.0494577804663094,3.9325398258134654,2.0223368851552013,0.0,-0.4604296849835728,0.0,0.0,0.4588494357280484,0.0,0.1035000675364325,0.1814054356570709,0.0306335935847955,1.0501356659782124,0.0,,-0.1060229363295277,-0.0746029434593023,0.0366887360380809,1598345000.0,1641185000.0,641455000.0,2306686000.0,488012000.0,188043500.0,0.0,69.27389487636579,0.0,0.0,1.2991907003442555,0.0,0.0,-0.1466505054780194,0.0191723594597882,2006-08-02,,bmo,,2025-04-25,2006-06-30,,4.647692307692308,40713461.538461536
2006-03-31,MA,USD,1141391,2006-05-02,2006-05-02 16:45:07,2006,Q1,738453000.0,0.0,0.0,0.0,0,347837000.0,182683000.0,530520000.0,25220000.0,555740000.0,555740000.0,0.0,0.0,25220000.0,207933000.0,0.2815791933,182713000.0,0.247426715,10204000.0,192917000.0,0.2612447915,66173000.0,126744000.0,0.1716344845,0.094,0.094,1349690020,1349690020,https://www.sec.gov/Archives/edgar/data/1141391/000119312506096833/0001193125-06-096833-index.htm,https://www.sec.gov/Archives/edgar/data/1141391/000119312506096833/d10q.htm,0.5471278508823826,0.0939060066547724,0.0301076539041164,0.0259400302893252,0.9683527185005044,0.972317332538326,0.6223162263584049,0.9688943243427108,0.1700768299375882,6208574091.999999,5943333091.999999,12.246287974184185,8.40754129511289,152.7850696918988,177.33209825483416,4.74767978759768,4.74767978759768,8.048356621206764,28.58292378795092,146.25782783738555,169.75616497672158,0.0204143492727766,0.0056391370194185,0.1755370277898642,0.0618575619630602,-1.2756080083488432,1.5837072135435948,0.0,0.3206147825538092,0.0,0.0,0.4710347171722506,0.0,0.1272966759823129,0.138424057485973,0.0076172755747488,0.2230372720063441,0.0,1.4307908406065866,0.0523569334466234,0.0391358155826896,-0.6285170946140656,827834000.0,839934000.0,-152565000.0,1526991000.0,336113500.0,179146000.0,0.0,39.54560412104765,0.0,0.0,2.275853460842659,0.0,0.0,0.096920793419321,0.0041676236147911,2006-08-02,0.06,bmo,725571428.0,2025-04-25,2006-03-31,0.1666666666666668,,
2005-12-31,MA,USD,1141391,2006-03-16,2006-03-16 13:25:32,2005,Q4,734407000.0,0.0,0.0,0.0,0,0.0,0.0,0.0,734407000.0,734407000.0,734407000.0,0.0,0.0,0.0,-1810037000.0,-2.4646238394,-1810037000.0,-2.4646238394,1810037000.0,0.0,0.0,0.0,66680000.0,0.0907943416,0.0667,0.0667,1000000000,1000000000,https://www.sec.gov/Archives/edgar/data/1141391/000119312506056300/0001193125-06-056300-index.htm,https://www.sec.gov/Archives/edgar/data/1141391/000119312506056300/d10k.htm,0.734407,0.06668,-0.0755999999999999,-0.0918619999999999,1.281892,1.173768,0.703213,1.169148,0.229489,4600000000.0,4284216000.0,17.246550689862026,6.263556856075718,-60.84656084656086,-50.07511266900352,3.934489046724623,3.934489046724623,5.833571847762889,-2.36692178115696,-56.66952380952383,-46.63752149964078,0.014495652173913,-0.0199699999999999,0.1962873819225624,0.0620149361823558,0.1744627319773021,1.431164454619796,0.0,-1.1337732453509293,0.0,0.0,0.0,0.0,0.1271583313156119,-0.2151058201058202,0.0221430351290224,0.6136603773584905,0.0,1.3244141136366676,,0.020644033153054,-0.9840685,671195000.0,703213000.0,-298878000.0,1372364000.0,451377000.0,183510500.0,0.0,42.61650556162999,0.0,0.0,2.111857807530611,0.0,0.0,0.0570329847033908,0.016262,2006-03-16,,bmo,,2025-04-25,2005-12-31,,,
2005-09-30,MA,USD,1141391,2005-11-03,2005-11-02 18:56:58,2005,Q3,734407000.0,0.0,0.0,0.0,0,0.0,0.0,0.0,734407000.0,734407000.0,734407000.0,0.0,0.0,0.0,734407000.0,1.0,734407000.0,1.0,-734407000.0,0.0,0.0,0.0,66680000.0,0.0907943416,0.11,0.11,1000000015,1000000015,https://www.sec.gov/Archives/edgar/data/1141391/000119312505214545/0001193125-05-214545-index.htm,https://www.sec.gov/Archives/edgar/data/1141391/000119312505214545/d10q.htm,0.7344069889838951,0.0666799989998,0.1510999967335,0.142420996863685,1.3919999791200004,1.2349999814750003,0.7489999887650002,1.2349999814750003,0.228999996565,4600000069.0,4298000069.0,17.246550948560287,6.263556950029071,30.443415615111945,32.298608360414605,3.724696412145749,3.724696412145749,5.852340825999752,5.852340825999752,28.444739228621703,30.17813453899449,0.0144956519564782,0.0309610862747141,0.1854251012145749,0.0623978201634877,-0.4112161240293189,0.0015739501465968,0.0,2.2660467756448712,0.0,0.0,0.0,0.0,0.132425068119891,0.0574387826435392,0.0118176978160611,0.33,0.0,1.361201838234832,,0.0209422110552763,-0.6267499905987501,-1428543000000.0,749000000.0,-183000000.0,-1427829000000.0,542500000.0,180000000.0,0.0,68.0140576002135,0.0,0.0,1.3232558558558558,0.0,0.0,0.0539919028340081,0.008678999869815,2005-11-02,,bmo,,2025-04-25,2005-09-30,,,
2005-06-30,MA,USD,1141391,2005-08-05,2005-08-05 09:47:05,2005,Q2,734407000.0,0.0,0.0,0.0,0,0.0,0.0,0.0,734407000.0,734407000.0,734407000.0,0.0,0.0,0.0,734407000.0,1.0,734407000.0,1.0,-734407000.0,0.0,0.0,0.0,66680000.0,0.0907943416,0.12,0.12,1000000015,1000000015,https://www.sec.gov/Archives/edgar/data/1141391/000095012305009470/0000950123-05-009470-index.htm,https://www.sec.gov/Archives/edgar/data/1141391/000095012305009470/y11299e10vq.htm,0.7344069889838951,0.0666799989998,0.2114999968275,0.19865199702022,1.2629999810550003,1.1289999830650002,0.6399999904000001,1.1289999830650002,0.228999996565,4600000069.0,4309000069.0,17.246550948560287,6.263556950029071,21.74940930969267,23.15607227211405,4.074402186891054,4.074402186891054,5.867318896742542,5.867318896742542,20.373522784869976,21.691199026438195,0.0144956519564782,0.043185216743526,0.2028343666961913,0.0683990442054958,-0.3962380532865291,1.669152522393167,0.0,3.171865626874625,0.0,0.0,0.0,0.0,0.1460573476702509,0.0607470449172576,0.0174943866275784,0.4476655052264808,0.0,1.3014755661113426,,0.0233228401538999,-0.5584999916225001,817422000.0,640000000.0,-180000000.0,1537422000.0,555000000.0,188500000.0,0.0,64.9503613119156,0.0,0.0,1.3856735849056605,0.0,0.0,0.0590611160318866,0.01284799980728,2005-08-05,,bmo,,2025-04-25,2005-06-30,,,
2005-03-31,MA,USD,1141391,2005-05-09,2005-05-09 15:28:23,2005,Q1,734407000.0,0.0,0.0,0.0,0,0.0,0.0,0.0,734407000.0,734407000.0,734407000.0,0.0,0.0,0.0,734407000.0,1.0,734407000.0,1.0,-734407000.0,0.0,0.0,0.0,66680000.0,0.0907943416,0.093,0.093,1000000015,1000000015,https://www.sec.gov/Archives/edgar/data/1141391/000095012305005893/0000950123-05-005893-index.htm,https://www.sec.gov/Archives/edgar/data/1141391/000095012305005893/y08646e10vq.htm,0.7344069889838951,0.0666799989998,-0.014199999787,-0.020276999695845,1.0849999837250002,1.0379999844300003,0.5159999922600002,1.0379999844300003,0.22999999655,4600000069.0,4470000069.0,17.246550948560287,6.263556950029071,-323.9436668309859,-226.8580198747349,4.431599295761078,4.431599295761078,6.086543386705192,6.086543386705192,-314.7887372535211,-220.4468150613996,0.0144956519564782,-0.0044080434121402,0.2215799614643545,0.0708346165691407,-0.177013563323879,1.556118748070048,0.0,-0.2129574085182963,0.0,0.0,0.0,0.0,0.1607637819525716,-0.4279577464788732,0.0082747032639939,0.2139788732394366,0.0,1.247922815433975,,0.0244697247706422,-0.6889999896650002,686161000.0,516000000.0,-289000000.0,1442161000.0,436646000.0,193017500.0,0.0,71.07775388851141,0.0,0.0,1.2662189655172411,0.0,0.0,0.0642389210019267,0.006076999908845,2005-05-09,,bmo,,2025-04-25,2005-03-31,,,
2004-12-31,MA,USD,1141391,2005-03-02,2005-03-02 08:12:03,2004,Q4,648332000.0,0.0,0.0,0.0,0,0.0,0.0,0.0,648332000.0,648332000.0,648332000.0,0.0,0.0,0.0,-1598326000.0,-2.4652893888,-1598326000.0,-2.4652893888,1598326000.0,0.0,0.0,0.0,59515000.0,0.091797104,0.0595,0.0595,1000000000,1000000000,https://www.sec.gov/Archives/edgar/data/1141391/000095012305002512/0000950123-05-002512-index.htm,https://www.sec.gov/Archives/edgar/data/1141391/000095012305002512/y06000e10vk.htm,0.648332,0.059515,0.049699999,0.032525999,1.137889,0.979572,0.432934,0.974952,0.229569,4600000000.0,4500573000.0,19.32285978324792,7.0951302727614864,92.55533385423206,141.4253256295064,4.7181809976286,4.7181809976286,6.941772116754996,-2.8158041601025072,90.55479055442234,138.36847870529664,0.0129380434782608,0.007070869347826,0.2354669768357827,0.0703192053101844,0.062206959030886,1.462157339771716,0.0,0.8350835755691842,0.0,0.0,0.0,0.0,0.1674405070037706,0.3455533268723003,0.0264895146313925,0.550448717948718,0.0,1.1426049344808555,,0.021896357364446,-0.92724,601434000.0,432934000.0,-382302000.0,1390430000.0,389146000.0,178017500.0,0.0,40.714140286149686,0.0,0.0,2.2105342116389126,0.0,0.0,0.061044030885623,0.017174,2005-03-02,,bmo,,2025-04-25,2004-12-31,,,
2004-09-30,MA,USD,1141391,2004-11-09,2004-11-09 15:44:22,2004,Q3,648333000.0,0.0,0.0,0.0,0,0.0,0.0,0.0,648333000.0,648333000.0,648333000.0,0.0,0.0,0.0,648333000.0,1.0,648333000.0,1.0,-648333000.0,0.0,0.0,0.0,59515000.0,0.0917969624,0.098,0.098,607295927,607295927,https://www.sec.gov/Archives/edgar/data/1141391/000095012304013290/0000950123-04-013290-index.htm,https://www.sec.gov/Archives/edgar/data/1141391/000095012304013290/y67843e10vq.htm,1.0675734368954528,0.0979999986069394,0.2456792370352913,0.2330494800107559,1.8376543467251016,1.5247920475514731,0.6718306213833705,1.5247920475514731,0.3919011958069661,2793561264.2,2452561264.2,11.734694044358564,4.308837070147594,18.723600966487933,19.738297634423795,3.016804820950324,3.016804820950324,3.782872789446164,3.782872789446164,16.43807817828418,17.328914464777785,0.0213043475232477,0.0506629304371208,0.2570194384449244,0.0749134403525338,-0.5259642807014296,1.5628822152853554,0.0,2.506931025791818,0.0,0.0,0.0,0.0,0.1630468995908089,0.0514075067024128,0.0118303402726685,0.2626712418723028,0.0,1.833621121458336,,0.0223824746145167,-1.2699739380929522,674213000.0,408000000.0,-379000000.0,1425213000.0,465500000.0,149500000.0,0.0,67.32651276427391,0.0,0.0,1.3367690721649486,0.0,0.0,0.0642710583153347,0.0126297570245354,2004-11-09,,bmo,,2025-04-25,2004-09-30,,,
2004-06-30,MA,USD,1141391,2004-08-05,2004-08-05 14:49:17,2004,Q2,648333000.0,0.0,0.0,0.0,0,0.0,0.0,0.0,648333000.0,648333000.0,648333000.0,0.0,0.0,0.0,648333000.0,1.0,648333000.0,1.0,-648333000.0,0.0,0.0,0.0,59515000.0,0.0917969624,0.066,0.066,901742438,901742438,https://www.sec.gov/Archives/edgar/data/1141391/000095012304009302/0000950123-04-009302-index.htm,https://www.sec.gov/Archives/edgar/data/1141391/000095012304009302/y99184e10vq.htm,0.7189780281805923,0.0659999989930605,0.1463832624898596,0.140888345325941,1.0834579352469158,0.9104595341225362,0.3326892329314992,0.9104595341225362,0.2550617452474827,4148015214.8,3936015214.8,17.42424269007813,6.397970201732751,31.424357687878786,32.64996823802589,5.052393684287454,5.052393684287454,6.070977745695498,6.070977745695498,29.81829708181818,30.981268171120465,0.0143478258680566,0.0306279011578132,0.2801461632155907,0.0780984719864176,-0.3269924560372524,1.5125541998588283,0.0,2.2179282533815003,0.0,0.0,0.0,0.0,0.1769100169779286,0.0375378787878787,0.007642677451248,0.1578025477707006,0.0,1.1627692752839964,,0.0245523927392739,-0.901033339189477,564213000.0,300000000.0,-459000000.0,1322213000.0,428500000.0,148500000.0,0.0,61.91262823271374,0.0,0.0,1.4536614349775785,0.0,0.0,0.0724908647990255,0.0054949171639185,2004-08-05,,bmo,,2025-04-25,2004-06-30,,,
2004-03-31,MA,USD,1141391,2004-05-10,2004-05-10 16:57:21,2004,Q1,648333000.0,0.0,0.0,0.0,0,0.0,0.0,0.0,648333000.0,648333000.0,648333000.0,0.0,0.0,0.0,648333000.0,1.0,648333000.0,1.0,-648333000.0,0.0,0.0,0.0,59515000.0,0.0917969624,0.074,0.074,804256769,804256769,https://www.sec.gov/Archives/edgar/data/1141391/000095012304006079/0000950123-04-006079-index.htm,https://www.sec.gov/Archives/edgar/data/1141391/000095012304006079/y96999e10vq.htm,0.80612688010836,0.0739999988734941,0.0160396536246,0.0151369568392156,1.099151457685773,0.9474586094531212,0.3033856964653038,0.9474586094531212,0.2859783204386061,3699581137.4,3584581137.4,15.540540777115012,5.706297747299613,286.7892354573643,303.8919942007557,4.855093356167979,4.855093356167979,5.5289197640718575,5.5289197640718575,277.87450677519377,294.44563310333496,0.0160869562768465,0.0032906427911338,0.3018372703412073,0.0812433768986223,-0.1773779832277548,1.4751504121492365,0.0,0.2167520793077375,0.0,0.0,0.0,0.0,0.1829742140586365,0.0562790697674418,0.001119794920203,0.023047619047619,0.0,1.2559930575941882,,0.0257306528318201,-1.0901369236719474,500226000.0,244000000.0,-516000000.0,1263226000.0,335214500.0,184802000.0,0.0,57.05401390951872,0.0,0.0,1.5774525547445255,0.0,0.0,0.0781036745406824,0.0009026967853844,2004-05-10,,bmo,,2025-04-25,2004-03-31,,,
2003-12-31,MA,USD,1141391,2004-03-04,2004-03-04 13:04:36,2003,Q4,567574000.0,0.0,0.0,0.0,0,1040125000.0,320410000.0,1360535000.0,-690014000.0,670521000.0,670521000.0,0.0,0.0,30986000.0,-18683000.0,-0.0329172936,-102947000.0,-0.1813807539,-4727000.0,-107674000.0,-0.1897091833,-40546000.0,-67128000.0,-0.1182718024,-0.0835,-0.0835,804256757,804256757,https://www.sec.gov/Archives/edgar/data/1141391/000095012304002820/0000950123-04-002820-index.htm,https://www.sec.gov/Archives/edgar/data/1141391/000095012304002820/y94488e10vk.htm,0.7057124420280128,-0.0834658825253736,9.822733761626324e-05,-0.0429937326594322,1.1321135844681502,0.8745229603336736,0.2335448205628193,0.868778526159153,0.285448643112861,3699581082.2,3554986082.2,-13.778084712042665,6.518235652443558,46830.14028101266,-106.99233854473944,5.29479016975302,5.29479016975302,6.2634759206728985,-190.2791886849007,44999.82382531645,-102.81063341430968,-0.0181447570707334,-0.0093464636216157,0.3285631890268075,0.0791387515275405,7.739388749130225,1.3541146209219268,0.0,-0.0011768561554046,0.0,0.0,1.8325804212314163,0.0,0.1777069569668775,438.6962025316455,0.0610616413013985,1.1184728587103854,0.0,,-0.0374878793333782,-0.0281412630366304,-1.3583749722851255,420992000.0,187830000.0,-587714000.0,1195023000.0,236463000.0,173267000.0,0.0,41.137560917166745,0.0,0.0,2.1877816281140503,0.0,0.0,-0.0960726813706758,0.0430919599970485,2004-03-04,,bmo,,2025-04-25,2003-12-31,,,
2003-09-30,MA,USD,1141391,2003-11-07,2003-11-07 15:56:06,2003,Q3,594169000.0,0.0,0.0,0.0,0,255281000.0,183046000.0,438327000.0,36942000.0,475269000.0,475269000.0,0.0,0.0,28183000.0,147083000.0,0.2475440489,118900000.0,0.2001114161,-7460000.0,111440000.0,0.1875560657,37041000.0,74399000.0,0.1252152165,0.074,0.074,1005391907,1005391907,https://www.sec.gov/Archives/edgar/data/1141391/000095012303012321/0000950123-03-012321-index.htm,https://www.sec.gov/Archives/edgar/data/1141391/000095012303012321/y91250e10vq.htm,0.5909824774429978,0.0739999988879958,0.1423285775464274,0.1213258224486583,0.4124123111725028,0.7326038680754966,0.2522767472406161,0.7280086450904761,0.9628623358313944,4624802772.2,5178220772.2,15.540540774069544,7.783648713076582,32.31958106585788,37.91443492539761,6.318606284446411,6.318606284446411,8.715063849174225,35.20611336592264,36.18704067339409,42.45139180357435,0.016086956279999,0.0263751787931865,1.322597392661087,0.3390734424332346,3.762623824643229,1.515077507972731,0.0,1.9233591849352816,0.0,0.0,0.4296437545546805,0.0,0.1691479293505634,0.1475652708671102,0.0355387103669158,0.7492459993613171,0.0,1.1009697433902523,0.040709037369056,0.0313644432884037,-1.5354064810469974,533798000.0,253637000.0,-548301000.0,1267134000.0,211888500.0,145137000.0,0.0,32.33882952493314,0.0,0.0,2.7830320800760666,0.0,0.0,0.1016471430484169,0.021002755097769,2003-11-07,,bmo,,2025-04-25,2003-09-30,,,
2003-06-30,MA,USD,1141391,2003-08-08,2003-08-08 11:17:54,2003,Q2,556893000.0,0.0,0.0,0.0,0,280955000.0,195400000.0,476355000.0,30593000.0,506948000.0,506948000.0,0.0,0.0,30593000.0,80538000.0,0.1446202412,49945000.0,0.0896850921,37000.0,49982000.0,0.0897515322,17655000.0,32327000.0,0.0580488532,0.032,0.032,1010218765,1010218765,https://www.sec.gov/Archives/edgar/data/1141391/000095012303009118/0000950123-03-009118-index.htm,https://www.sec.gov/Archives/edgar/data/1141391/000095012303009118/y87371e10vq.htm,0.5512598055927025,0.0319999995248553,0.1942064499267146,0.1594496217856337,0.3019256923028944,0.6488208521844276,0.1688277885038098,0.644247585323759,0.9548575352389144,4647006319.0,5306610319.0,35.93750053360967,8.344522770083302,23.686134017360637,28.84923744870529,7.14011213202813,7.14011213202813,9.528958559364186,65.88952195237032,27.048184264313857,32.944147399723114,0.0069565216358381,0.0346629612577464,1.4821282329821412,0.3498482902092601,8.189972435372123,1.4323710909001544,0.0,6.06895165032326,0.0,0.0,0.5045044559726913,0.0,0.1758636722691331,0.1789684542104377,0.0630498138780699,1.1477135292387148,0.0,0.681071401943742,0.0173520632247951,0.0142263041622292,-1.6224861948589917,448633000.0,170553000.0,-615543000.0,1189169000.0,206602500.0,137703500.0,0.0,33.983548006529084,0.0,0.0,2.648340308160548,0.0,0.0,0.0496703445287639,0.0347568281410809,2003-08-08,,bmo,,2025-04-25,2003-06-30,,,
2003-03-31,MA,USD,1141391,2003-05-14,2003-05-14 16:28:03,2003,Q1,512215000.0,0.0,0.0,0.0,0,276892000.0,152294000.0,429186000.0,750789000.0,1179975000.0,1179975000.0,0.0,0.0,29789000.0,-637971000.0,-1.2455140908,-667760000.0,-1.3036713099,2492000.0,-665268000.0,-1.2988061654,-234928000.0,-425391000.0,-0.8304930547,-0.42,-0.42,1000920015,1000920015,https://www.sec.gov/Archives/edgar/data/1141391/000095012303005939/0000950123-03-005939-index.htm,https://www.sec.gov/Archives/edgar/data/1141391/000095012303005939/y84421e10vq.htm,0.5117441876711797,-0.4249999936308597,-0.1487841163811676,-0.2013207818608762,0.1410891958235044,0.6033529062759325,0.1461035825125347,0.5984783909031932,0.9497032587563952,4604232069.0,5413590069.0,-2.705882393492105,8.98886613824273,-30.91727875182143,-22.849106572509008,7.686158882124237,7.686158882124237,10.568979957634978,-8.485636602604194,-36.352093183634274,-26.86565198554882,-0.0923913029632303,-0.04376538736106,1.5868630734071305,0.3730662858205871,-1.2686438725271212,1.4371989879573777,0.0,0.3500802790844188,0.0,0.0,0.5405776871040481,0.0,0.1796185338289355,-0.3531066807233365,0.1026619681188563,1.765248917385612,0.0,,-0.2460335456639824,-0.2035031604891259,-1.6491729861151792,408496000.0,146238000.0,-601259000.0,1117255000.0,200890000.0,150652500.0,0.0,35.6554376580147,0.0,0.0,2.5241591721079217,0.0,0.0,-0.7101342339018645,0.0525366654797086,2003-05-14,,bmo,,2025-04-25,2003-03-31,,,
2002-12-31,MA,USD,1141391,2003-03-07,2003-03-07 17:15:58,2002,Q4,509235000.0,0.0,0.0,0.0,0,302170000.0,295103000.0,597273000.0,27565000.0,624838000.0,624838000.0,0.0,0.0,27565000.0,-88038000.0,-0.1728828537,-115603000.0,-0.2270130686,10532000.0,-105071000.0,-0.2063310652,-53585000.0,-51486000.0,-0.1011045981,-0.0514,-0.0514,1000920000,1000920000,https://www.sec.gov/Archives/edgar/data/1141391/000095012303002592/0000950123-03-002592-index.htm,https://www.sec.gov/Archives/edgar/data/1141391/000095012303002592/y83303e10vk.htm,0.5087669344203333,-0.0514386764176957,0.1312152819406146,0.0948077768453023,0.871122567238141,1.0231087399592376,0.5848679215122088,1.0224653318946568,0.0800333693002437,4604232000.0,4347865000.0,-22.356718331196827,9.04146808447966,35.056892245842725,48.51922651351494,4.498930043404084,4.498930043404084,8.538032539004586,-49.38623094572798,33.10489888530182,45.81764055008167,-0.0111823209603686,0.0206103862707178,0.0782748977434175,0.0354318571349588,2.912003907403621,1.5656331205148943,0.0,-2.550907042691217,0.0,0.0,0.5933802664781486,0.0,0.1940151490020456,0.2774639093622464,0.0715602815988688,1.322002539452204,0.0,,-0.0425553918335227,-0.0282543760917249,-0.2155614334811973,525894000.0,585406000.0,218813000.0,1191258000.0,199752500.0,138252000.0,0.0,35.14477598751068,0.0,0.0,2.560835784868372,0.0,0.0,-0.0503084797235896,0.0364075050953123,2003-03-07,,bmo,,2025-04-25,2002-12-31,,,
2002-09-30,MA,USD,1141391,2002-11-14,2002-11-14 16:50:26,2002,Q3,539435000.0,0.0,0.0,0.0,0,248068000.0,137247000.0,385315000.0,27593000.0,412908000.0,412908000.0,0.0,0.0,27593000.0,154120000.0,0.2857063409,126527000.0,0.2345546729,-3471000.0,123056000.0,0.2281201628,45126000.0,77930000.0,0.144465969,0.078,0.078,999102579,999102579,https://www.sec.gov/Archives/edgar/data/1141391/000095012302010954/0000950123-02-010954-index.htm,https://www.sec.gov/Archives/edgar/data/1141391/000095012302010954/y64834e10vq.htm,0.5399195351291352,0.0779999988369562,0.043293852812685,0.0169592195597765,0.2701814665218675,1.0590133808472533,0.6466232933225168,1.0585849964060596,0.0805532902142573,4595871863.4,4406413863.4,14.743589963428718,8.519788043786553,106.250649945671,271.2388965651558,4.345423386518033,4.345423386518033,8.16857242003207,28.5907984907864,101.87062451508496,260.0574754131256,0.0169565214862948,0.0036867868608209,0.0760952502517409,0.0369200238178903,-1.2292888658188426,1.705798782079693,0.0,0.5550494033106634,0.0,0.0,0.4598663416352294,0.0,0.1890109244846261,0.6082764998266097,0.0487751072881811,0.95353894103577,0.0,1.3630174764070595,0.0590767837565215,0.0440816945290731,-0.7020145025568991,581250000.0,646043000.0,282974000.0,1209109000.0,196990500.0,109487500.0,0.0,33.47669320678117,0.0,0.0,2.688437577871916,0.0,0.0,0.0736832650205411,0.0263346332529084,2002-11-14,,bmo,,2025-04-25,2002-09-30,,,
2002-06-30,MA,USD,1141391,2002-08-14,2002-08-14 15:06:57,2002,Q2,448757000.0,0.0,0.0,0.0,0,217888000.0,159191000.0,377079000.0,18929000.0,396008000.0,396008000.0,0.0,0.0,18929000.0,71678000.0,0.1597256422,52749000.0,0.1175446845,3563000.0,56312000.0,0.1254843936,19923000.0,36389000.0,0.0810884287,0.05,0.05,727780011,727780011,https://www.sec.gov/Archives/edgar/data/1141391/000095012302008012/0000950123-02-008012-index.htm,https://www.sec.gov/Archives/edgar/data/1141391/000095012302008012/y62583e10vq.htm,0.6166107796549526,0.0499999992442771,0.0,0.0,0.4251312145477433,1.3428164901879944,0.7684121459059968,1.3422503850548873,0.2034254826490418,3347788050.6,3186435050.6,23.000000347632525,7.460135553540112,0.0,0.0,3.427080410047263,3.427080410047263,7.100580159418126,44.45485435698541,0.0,0.0,0.0108695650531037,0.0,0.1515555405415088,0.0732457511735231,-2.251081224364519,1.7349976320952574,0.0,0.0,0.0,0.0,0.4855367158618138,0.0,0.2068210782955616,0.0,0.0,0.0,0.0,1.228833455096108,0.0252533573198581,0.0226973897596343,-0.8101194606731237,543200000.0,559235000.0,238261000.0,1174397000.0,,,,38.77330047219319,0.0,0.0,2.3211849108523723,0.0,0.0,0.0372508734592261,0.0,2002-08-14,,bmo,,2025-04-25,2002-06-30,,,
