date,symbol,reportedCurrency,cik,fillingDate,acceptedDate,calendarYear,period,revenue,costOfRevenue,grossProfit,grossProfitRatio,researchAndDevelopmentExpenses,generalAndAdministrativeExpenses,sellingAndMarketingExpenses,sellingGeneralAndAdministrativeExpenses,otherExpenses,operatingExpenses,costAndExpenses,interestIncome,interestExpense,depreciationAndAmortization,ebitda,ebitdaratio,operatingIncome,operatingIncomeRatio,totalOtherIncomeExpensesNet,incomeBeforeTax,incomeBeforeTaxRatio,incomeTaxExpense,netIncome,netIncomeRatio,eps,epsdiluted,weightedAverageShsOut,weightedAverageShsOutDil,link,finalLink,revenuePerShare,netIncomePerShare,operatingCashFlowPerShare,freeCashFlowPerShare,cashPerShare,bookValuePerShare,tangibleBookValuePerShare,shareholdersEquityPerShare,interestDebtPerShare,marketCap,enterpriseValue,peRatio,priceToSalesRatio,pocfratio,pfcfRatio,pbRatio,ptbRatio,evToSales,enterpriseValueOverEBITDA,evToOperatingCashFlow,evToFreeCashFlow,earningsYield,freeCashFlowYield,debtToEquity,debtToAssets,netDebtToEBITDA,currentRatio,interestCoverage,incomeQuality,dividendYield,payoutRatio,salesGeneralAndAdministrativeToRevenue,researchAndDdevelopementToRevenue,intangiblesToTotalAssets,capexToOperatingCashFlow,capexToRevenue,capexToDepreciation,stockBasedCompensationToRevenue,grahamNumber,roic,returnOnTangibleAssets,grahamNetNet,workingCapital,tangibleAssetValue,netCurrentAssetValue,investedCapital,averageReceivables,averagePayables,averageInventory,daysSalesOutstanding,daysPayablesOutstanding,daysOfInventoryOnHand,receivablesTurnover,payablesTurnover,inventoryTurnover,roe,capexPerShare,report_date,epsEstimated,time,revenueEstimated,updatedFromDate,fiscalDateEnding,surprise(%),QuarterAvgPrice,QuarterAvgVolume
2025-03-31,MAA,USD,912595,2025-05-01,2025-05-01 16:15:24,2025,Q1,549295000.0,374281000.0,175014000.0,0.3186156801,0,15619000.0,0.0,15619000.0,0.0,15619000.0,389900000.0,0.0,45161000.0,152520000.0,384660000.0,0.7002794491,159395000.0,0.2901810503,27584000.0,186979000.0,0.3403981467,1038000.0,181673000.0,0.3307384921,1.5469958918178706,1.5436665186349197,116840000,117092000,https://www.sec.gov/Archives/edgar/data/912595/000095017025061849/0000950170-25-061849-index.htm,https://www.sec.gov/Archives/edgar/data/912595/000095017025061849/maa-20250331.htm,4.701258130777132,1.5548870249914413,1.682796987333105,1.0611263266004791,0.477370763437179,52.70365457035262,52.70365457035262,50.921841834988015,0.3865200273878809,19580047200.0,19524271200.0,26.94407974767852,35.64577722353198,99.5842049049426,157.9265312706683,3.290925739548899,3.290925739548899,35.54423615725612,50.779659288928194,99.3005279272498,157.4766595150909,0.0092784761009156,0.0063320582802272,0.0,0.0,-0.1450648911545163,0.0,3.5294834038218816,1.054783644303295,0.0090923682758027,0.9799419836739636,0.0284346298437087,0.0,0.0,0.0,0.0,0.0,0.0095777314557751,42.207801424055575,0.0135692899557051,0.0153804318793236,-47.91412187606984,69454000.0,6157895000.0,-5584608000.0,69454000.0,0.0,62406500.0,0.0,0.0,0.0,0.0,0.0,0.0,0.0,0.0305347758242925,0.0,2025-04-30,2.16,amc,551073380.0,2025-05-11,2025-03-31,0.0185185185185185,158.28325,774821.6
2024-12-31,MAA,USD,912595,2025-02-07,2025-02-07 16:16:04,2024,Q4,549832000.0,373364000.0,176468000.0,0.3209489444,0,14072000.0,0.0,14072000.0,0.0,14072000.0,387436000.0,0.0,44192000.0,151060000.0,367535000.0,0.6684496355,162396000.0,0.2953556723,9887000.0,172283000.0,0.3133375286,1755000.0,166646000.0,0.3030853061,1.5,1.5,116820000,116820000,https://www.sec.gov/Archives/edgar/data/912595/000095017025016287/0000950170-25-016287-index.htm,https://www.sec.gov/Archives/edgar/data/912595/000095017025016287/maa-20241231.htm,4.706659818524225,1.4265194316041774,2.0473377846259204,1.306377332648519,0.3682417394281801,52.6250984420476,52.6250984420476,51.05599212463619,43.23951378188666,18056867400.0,23020897400.0,27.08866009385164,32.84069934088958,75.49804490529748,118.3195667415848,3.0274605108577437,3.0274605108577437,41.86896615693521,62.63593236018338,96.2532817661078,150.84690749683836,0.0092289540764972,0.0084516874726565,0.8394944571597863,0.423881780191594,13.506278313629997,0.0753146524203987,3.6747827661115138,1.3980499666810853,0.0095662772602516,1.036550532266001,0.0255932721267587,0.0,0.0,0.361734331228833,0.1573498814183241,0.5727260691116113,0.0061709758617177,40.48120810297694,0.0143447281568543,0.014107754337847,-48.12264167094675,-792214000.0,6147664000.0,-5600180000.0,-792214000.0,0.0,62406500.0,0.0,0.0,30.086376833331546,0.0,0.0,2.9913871151242257,0.0,0.0279402940231149,0.7405923643211779,2025-02-05,1.04,amc,552053070.0,2025-05-05,2024-12-31,1.1442307692307692,156.13859375,630974.734375
2024-09-30,MAA,USD,912595,2024-10-31,2024-10-31 16:15:37,2024,Q3,551126000.0,375548000.0,175578000.0,0.3185805061,0,12728000.0,0.0,12728000.0,0.0,12728000.0,388276000.0,0.0,42726000.0,146907000.0,308079000.0,0.5589992125,162850000.0,0.2954859687,-44404000.0,118446000.0,0.2149163712,670000.0,115195000.0,0.2090175386,0.98,0.98,116820000,116820000,https://www.sec.gov/Archives/edgar/data/912595/000095017024119555/0000950170-24-119555-index.htm,https://www.sec.gov/Archives/edgar/data/912595/000095017024119555/maa-20240930.htm,4.71773668892313,0.9860897106659818,2.6502140044512927,1.8443502824858755,0.429994863893169,52.68029447012498,52.68029447012498,50.92170861153912,42.10489642184557,18562698000.0,23388434000.0,40.28538130995269,33.68140497817196,59.9574222055698,86.15500076581407,3.120476596969341,3.120476596969341,42.43754422763578,75.91700180797783,75.54452548143075,108.55267640410848,0.0062057250513906,0.0116069873032465,0.8196730901710196,0.4147553148741623,15.663956322891206,0.0652720174449008,3.811496512662079,2.478588412364201,0.0093037660796938,1.499223056556274,0.0230945373653211,0.0,0.0,0.3038811620230104,0.1707068800963845,0.6404119613088552,0.0056665807818901,33.612510922360826,0.0146806573433525,0.0097986160895496,-47.52532100667694,-1136790000.0,6154112000.0,-5522758000.0,-1136790000.0,0.0,0.0,0.0,0.0,0.0,0.0,0.0,0.0,0.0,0.019364819790091,0.8053501112823147,2024-10-30,2.18,amc,552290000.0,2025-04-25,2024-09-30,0.0137614678899081,152.40515625,732774.859375
2024-06-30,MAA,USD,912595,2024-08-01,2024-08-01 16:15:39,2024,Q2,546435000.0,368019000.0,178416000.0,0.3265090999,0,12671000.0,0.0,12671000.0,0.0,12671000.0,380690000.0,0.0,41265000.0,145177000.0,291655000.0,0.5337414331,165745000.0,0.3033206145,-60532000.0,105213000.0,0.1925444014,1020000.0,101953000.0,0.1865784586,0.86,0.86,116783000,116783000,https://www.sec.gov/Archives/edgar/data/912595/000095017024089308/0000950170-24-089308-index.htm,https://www.sec.gov/Archives/edgar/data/912595/000095017024089308/maa-20240630.htm,4.679062877302347,0.8730123391247013,2.992678728924586,2.224810117910997,1.1988046205355232,53.14145894522319,53.14145894522319,51.57815777981384,40.83334903196527,16487423940.0,21138299940.0,40.428981834767,30.17270844656729,47.17512729832272,63.45710083904241,2.737205167402347,2.737205167402347,38.684015372368165,72.47707030566937,60.4825832203128,81.35747802324687,0.006183682810063,0.0157586777015936,0.784828367520817,0.4088411637010094,15.946498431365828,0.078704999259247,4.016600024233612,3.4295723509901284,0.0104719815920497,1.6934862142359717,0.0231884853642244,0.0,0.0,0.2565823733740779,0.1641073503710413,0.6183475610597012,0.0062294691957872,31.82983323628494,0.015047025946304,0.0088172768916221,-44.6712963359393,-895484000.0,6206019000.0,-5280348000.0,-854184000.0,0.0,0.0,0.0,0.0,0.0,0.0,0.0,0.0,0.0,0.0169260085412816,0.7678686110135893,2024-07-31,2.2,amc,545410000.0,2025-04-25,2024-06-30,0.009090909090909,133.69031746031746,676449.4761904762
2024-03-31,MAA,USD,912595,2024-05-02,2024-05-02 16:15:12,2024,Q1,543622000.0,360817000.0,182805000.0,0.3362722627,0,17045000.0,0.0,17045000.0,0.0,17045000.0,377862000.0,0.0,40361000.0,143258000.0,332542000.0,0.6117154935,165760000.0,0.3049177554,-16837000.0,148923000.0,0.2739458668,1795000.0,143749000.0,0.264428224,1.22,1.22,116668000,116780000,https://www.sec.gov/Archives/edgar/data/912595/000095017024052131/0000950170-24-052131-index.htm,https://www.sec.gov/Archives/edgar/data/912595/000095017024052131/maa-20240331.htm,4.659563890698392,1.2321202043405215,1.7173260877018548,1.2707511914149552,0.5835019028353962,53.797776596838894,53.797776596838894,52.21258614187266,40.21461754722803,15015171599.999998,19598493600.0,26.113523572337893,27.620610644896637,74.94208637581916,101.27867742283615,2.4649229143772886,2.4649229143772886,36.05169327216338,58.93539342398855,97.8178631143409,132.1935948629398,0.0095735835613094,0.0098737466310408,0.7635835153618019,0.4055014100233533,13.782686096793787,0.0845885261993812,4.106934912415451,1.394398936577422,0.0114878473982941,1.199952695323098,0.0313545073598934,0.0,0.0,0.2600408271235844,0.0958404921066476,0.364291707453503,0.0107961046462431,38.04568440560772,0.0144911840912082,0.0125318070372492,-43.938157849624574,-736714000.0,6276479000.0,-5126177000.0,-694814000.0,0.0,47230500.0,0.0,0.0,0.0,0.0,0.0,0.0,0.0,0.0235981454929773,0.4465748962868995,2024-05-01,2.23,amc,540860738.0,2025-04-25,2024-03-31,-0.0044843049327353,129.99016393442622,921761.0655737704
2023-12-31,MAA,USD,912595,2024-02-09,2024-02-09 16:16:29,2023,Q4,542247000.0,350137000.0,192110000.0,0.3542850398,0,15249000.0,0.0,15249000.0,0.0,15249000.0,365386000.0,0.0,38579000.0,141060000.0,345139000.0,0.6364977584,176861000.0,0.3261631692,-11361000.0,165500000.0,0.3052114627,1148000.0,160476000.0,0.2959463123,1.37,1.37,116646000,116733000,https://www.sec.gov/Archives/edgar/data/912595/000095017024013275/0000950170-24-013275-index.htm,https://www.sec.gov/Archives/edgar/data/912595/000095017024013275/maa-20231231.htm,4.648654904583098,1.3757522761174836,2.2712394767073025,-0.1146717418514136,0.3541827409426812,54.002040361435455,54.002040361435455,52.40846664266241,39.48826363527253,15684221160.0,20210476160.0,24.43390469602932,28.924495958483863,59.20115486673889,-1172.5643809808612,2.5656159894314605,2.5656159894314605,37.27171595232431,58.55749758792834,76.28581087150994,-1510.9506698564594,0.0102316843382231,-0.0008528316365566,0.7471603428494032,0.3977158611043072,13.114295979301094,0.0972866540108604,4.584385287332487,1.6069279666157168,0.0104745398782683,1.0237356364814676,0.0281218706604185,0.0,0.0,1.0504886177910475,0.5132476528224222,1.9729689493832407,0.0062757378095222,40.27746284968897,0.0148680160733375,0.0139732646680487,-44.09981482434032,-511184000.0,6299122000.0,-5130290000.0,-468684000.0,0.0,47230500.0,0.0,0.0,24.28046735991912,0.0,0.0,3.7066831814187866,0.0,0.0262505729369607,2.385911218558716,2024-02-07,2.3,amc,544570000.0,2025-04-25,2023-12-31,0.008695652173913,127.15619047619047,904943.8412698412
2023-09-30,MAA,USD,912595,2023-10-26,2023-10-26 16:16:46,2023,Q3,542042000.0,362223000.0,179819000.0,0.3317436656,0,13524000.0,0.0,13524000.0,0.0,13524000.0,375747000.0,0.0,36651000.0,146863000.0,296590000.0,0.5471716214,166295000.0,0.3067935695,-53219000.0,113076000.0,0.2086111408,-209000.0,110732000.0,0.2042867527,0.94,0.94,116633000,116711000,https://www.sec.gov/Archives/edgar/data/912595/000095017023055620/0000950170-23-055620-index.htm,https://www.sec.gov/Archives/edgar/data/912595/000095017023055620/maa-20230930.htm,4.647415397014567,0.949405399843955,2.727984361201375,1.984404070889028,1.3880891342930388,54.2009722805724,54.2009722805724,52.59786681299461,37.99022575085954,15004835450.0,19237201450.0,33.87646626539754,27.682053143483348,47.15936125944062,64.83054630217717,2.44591668436668,2.44591668436668,35.49024143885529,64.86126116861661,60.46145163165951,83.11709138593285,0.007379754371115,0.0154248276011584,0.7163025028171955,0.3860603310994013,14.27009002326444,0.2630961366190653,4.537256827917383,2.797567966799142,0.0109478041626907,1.48349167359029,0.0249500961180129,0.0,0.0,0.2725749827923802,0.1599986716896476,0.5905231406140417,0.0065363938587784,33.51978106106796,0.0150555130675642,0.0097284192100697,-42.00186053689779,-491100000.0,6321622000.0,-4885363000.0,-448200000.0,0.0,0.0,0.0,0.0,0.0,0.0,0.0,0.0,0.0,0.0180502643428383,0.7435802903123473,2023-10-25,2.28,amc,540420000.0,2025-04-25,2023-09-30,0.0043859649122808,144.47158730158728,576472.5079365079
2023-06-30,MAA,USD,912595,2023-07-27,2023-07-27 16:17:24,2023,Q2,535146000.0,349396000.0,185750000.0,0.3471015386,0,13882000.0,0.0,13882000.0,0.0,13882000.0,363278000.0,0.0,36723000.0,139176000.0,328035000.0,0.6129822516,171868000.0,0.3211609542,-19732000.0,152136000.0,0.2842887735,2861000.0,145688000.0,0.2722397252,1.24,1.24,116621000,116725000,https://www.sec.gov/Archives/edgar/data/912595/000095017023035158/0000950170-23-035158-index.htm,https://www.sec.gov/Archives/edgar/data/912595/000095017023035158/maa-20230630.htm,4.588761886795688,1.2492432752248737,2.879181279529416,2.032669930801485,1.287546839762993,54.63049536532871,54.63049536532871,53.01882165304705,38.01301652361067,17710065060.0,21956303060.0,30.39039773351272,33.09389411487706,52.7441606680704,74.70962092705398,2.8642658449439997,2.8642658449439997,41.028622207771335,66.93280613349185,65.39031744660828,92.62230675126132,0.0082262825972927,0.0133851569261259,0.7110328656720859,0.3859474487695293,12.944466291706677,0.2625001202474211,4.68011872668355,2.2436170710357684,0.0092741048349372,1.1273749382241502,0.0259405844386391,0.0,0.0,0.2940111325210782,0.1844748909643349,0.7093248836006208,0.005932960351007,38.60377759020947,0.0151687818714628,0.0127895554188024,-41.75879129830819,-459989000.0,6371063000.0,-4856382000.0,-416489000.0,0.0,0.0,0.0,0.0,0.0,0.0,0.0,0.0,0.0,0.0235622602742827,0.8465113487279307,2023-07-26,2.27,amc,542560000.0,2025-04-25,2023-06-30,0.0044052863436122,150.2343548387097,620343.1451612903
2023-03-31,MAA,USD,912595,2023-04-27,2023-04-27 16:15:56,2023,Q1,529033000.0,339232000.0,189801000.0,0.3587696798,0,15923000.0,0.0,15923000.0,0.0,15923000.0,355155000.0,0.0,37281000.0,138758000.0,316172000.0,0.597641357,173878000.0,0.3286713683,-33745000.0,140133000.0,0.2648851773,944000.0,135910000.0,0.2569026885,1.16,1.16,116182000,116402000,https://www.sec.gov/Archives/edgar/data/912595/000095017023015283/0000950170-23-015283-index.htm,https://www.sec.gov/Archives/edgar/data/912595/000095017023015283/maa-20230331.htm,4.553485049319172,1.1698025511697163,1.8790346180991893,1.228142052985833,1.2257578626637518,55.004957738720286,55.004957738720286,53.39000017214371,38.15505844278804,17548129280.0,21801368280.0,32.27895165918622,33.17019785155179,80.3817016169667,122.98251625925096,2.828994184547789,2.828994184547789,41.209845661801815,68.95413977202283,99.86426769273052,152.79048189055842,0.0077449851110283,0.0081312371092812,0.7086378319243548,0.3872030989989615,13.452294953379806,0.2756118888839818,4.663984335184142,1.5641165260005443,0.0092662298872692,1.1964167463762785,0.03009831144749,0.0,0.0,0.3463973249049517,0.1429438239202469,0.5449920004612346,0.0105437657008163,37.486725172883794,0.0160117652016315,0.0119720116899545,-41.48072851216195,-410058000.0,6390586000.0,-4805708000.0,-410058000.0,0.0,50995000.0,0.0,0.0,0.0,0.0,0.0,0.0,0.0,0.0219105178385083,0.6508925651133566,2023-04-26,2.25,amc,528260000.0,2025-04-25,2023-03-31,0.0133333333333332,158.5608064516129,777446.8387096775
2022-12-31,MAA,USD,912595,2023-02-14,2023-02-14 16:07:25,2022,Q4,527965000.0,336445000.0,191520000.0,0.3627513187,0,14742000.0,0.0,14742000.0,0.0,14742000.0,351187000.0,0.0,38084000.0,138592000.0,374704000.0,0.7097137121,176778000.0,0.3348290133,21250000.0,198028000.0,0.3750778934,-458000.0,193621000.0,0.3667307492,1.67,1.67,115398000,115649000,https://www.sec.gov/Archives/edgar/data/912595/000095017023002778/0000950170-23-002778-index.htm,https://www.sec.gov/Archives/edgar/data/912595/000095017023002778/maa-20221231.htm,4.575165947416767,1.6778540355985372,2.1765021924123467,1.5096362155323315,0.3350058059931715,53.817388516265446,53.817388516265446,52.21719613858126,38.58807778297717,18116332020.0,22492576020.0,23.39148648648649,34.31350945611925,72.12949315984775,103.99194082969306,3.006480845569688,3.006480845569688,42.602399818169765,60.027584493360095,89.55334371167842,129.11259475687248,0.0106876491215907,0.0096161297887275,0.7326715634210457,0.3927442573790172,11.679202784064222,0.0991665083470949,4.641791828589434,1.2625366952185628,0.0080186761779165,0.7502750218209802,0.027922305455854,0.0,0.0,0.306393432179771,0.1457577680338659,0.5552629300392519,0.0079228736753383,44.39919761152306,0.0166759043076237,0.0172242823586345,-43.259735870639005,-554772000.0,6210419000.0,-4969675000.0,-510172000.0,0.0,50995000.0,0.0,0.0,27.28261677242937,0.0,0.0,3.298803804294539,0.0,0.0321322123682323,0.6668659768800153,2023-02-01,1.17,amc,530184784.0,2025-04-25,2022-12-31,0.4273504273504274,155.75206349206348,701265.5555555555
2022-09-30,MAA,USD,912595,2022-10-27,2022-10-27 16:16:48,2022,Q3,520783000.0,344564000.0,176219000.0,0.3383731804,0,12188000.0,0.0,12188000.0,0.0,12188000.0,356752000.0,0.0,38637000.0,137023000.0,299766000.0,0.5756063466,164031000.0,0.3149699587,-39925000.0,124106000.0,0.2383065499,-1256000.0,122311000.0,0.2348598169,1.05,1.05,115363000,115568000,https://www.sec.gov/Archives/edgar/data/912595/000095017022020325/0000950170-22-020325-index.htm,https://www.sec.gov/Archives/edgar/data/912595/000095017022020325/maa-20220930.htm,4.514298345223339,1.060227282577603,2.9767603130986537,2.228062723750249,0.3380286573684803,53.49982230004421,53.49982230004421,51.90477016027669,40.591766857658,17889340410.0,22494495410.0,36.56527297217748,34.350853253658435,52.093545898756,69.59857922625625,2.987586680784049,2.987586680784049,43.19360541722752,75.04018270917983,65.50370233075526,87.51496058917817,0.0068370882993332,0.0143681093941461,0.7755905669609829,0.4096011660376882,15.362499416211312,0.1855260392845223,4.245438310427828,2.731899795549828,0.0081176833059101,1.1873012239291645,0.0234032216873438,0.0,0.0,0.2515142337976984,0.1658502677698772,0.6303467301110033,0.007440719071091,35.18798377211342,0.0153179634689852,0.0107874890844926,-44.44519473314668,-527108000.0,6171900000.0,-5046259000.0,-481808000.0,0.0,0.0,0.0,0.0,0.0,0.0,0.0,0.0,0.0,0.0204263939384324,0.7486975893484046,2022-10-26,2.09,amc,507798530.0,2025-04-25,2022-09-30,0.0478468899521531,172.07921875,598914.765625
2022-06-30,MAA,USD,912595,2022-07-28,2022-07-28 16:17:42,2022,Q2,495040000.0,331451000.0,163589000.0,0.3304561248,0,15580000.0,0.0,15580000.0,0.0,15580000.0,347031000.0,0.0,38905000.0,134403000.0,386407000.0,0.7805571267,148009000.0,0.2989839205,65090000.0,213099000.0,0.430468245,-3052000.0,210702000.0,0.425626212,1.82,1.82,115353000,115556000,https://www.sec.gov/Archives/edgar/data/912595/000095017022013379/0000950170-22-013379-index.htm,https://www.sec.gov/Archives/edgar/data/912595/000095017022013379/maa-20220630.htm,4.29152254384368,1.8265844841486567,2.4644699314278777,1.6440578051719503,0.9117058073912252,53.66586911480413,53.66586911480413,52.06346605636611,39.50672284205872,20148708510.0,24606454510.0,23.906641263490616,40.70117265271493,70.87528144390821,106.2432229879724,3.354943749056101,3.354943749056101,49.705992465255335,63.68014686586941,86.5558895681783,129.7487147700728,0.01045734518892,0.0094123650608115,0.7523404938360821,0.4005455125221169,11.536400738081866,0.3878838563390532,3.804369618300989,1.3127262652382712,0.0062758364853629,0.6001366859355868,0.0314722042663219,0.0,0.0,0.3328959772621744,0.191170410471881,0.7041286280812185,0.0082821590174531,46.25702307774537,0.0140172445536046,0.0186785913018517,-43.212694945081616,-349866000.0,6190519000.0,-4868180000.0,10459069000.0,0.0,0.0,0.0,0.0,0.0,0.0,0.0,0.0,0.0,0.035083804873289,0.8204121262559274,2022-07-27,0.94,amc,489175706.0,2025-04-25,2022-06-30,0.9361702127659576,185.95016129032257,714080.3870967742
2022-03-31,MAA,USD,912595,2022-04-28,2022-04-28 16:04:27,2022,Q1,476078000.0,319695000.0,156383000.0,0.3284818874,0,16323000.0,0.0,16323000.0,0.0,16323000.0,336018000.0,0.0,39121000.0,133986000.0,284863000.0,0.5983536311,140060000.0,0.294195489,-28304000.0,111756000.0,0.2347430463,-1442000.0,110802000.0,0.232739173,0.95,0.95,115259000,115718000,https://www.sec.gov/Archives/edgar/data/912595/000095017022006524/0000950170-22-006524-index.htm,https://www.sec.gov/Archives/edgar/data/912595/000095017022006524/maa-20220331.htm,4.130506077616499,0.9613305685456234,1.5584292766725376,1.2268976826104685,0.5237855612143086,53.186467000407774,53.186467000407774,51.595137906801206,39.70732003574558,24140997550.0,28618131550.0,54.46877662406816,50.70807210163041,134.3981424984551,170.71513213257808,4.059491039220394,4.059491039220394,60.11227477430169,100.46278930573644,159.32331355115994,202.37556873227683,0.0045897854788523,0.0058577115426615,0.7630157308026294,0.4051678375222953,15.716797197249203,0.136678015097365,3.580174330922011,1.581508580082235,0.0052340007797233,1.1403584772838036,0.0342863984473132,0.0,0.0,0.2127344493745233,0.0802641583942127,0.2851939754899765,0.0139472943509256,33.4065805389902,0.0131178982281174,0.0098938528405247,-43.454177114151605,-458727000.0,6130219000.0,-4996232000.0,-412227000.0,0.0,0.0,0.0,0.0,0.0,0.0,0.0,0.0,0.0,0.0186321930233449,0.3315315940620689,2022-04-27,1.92,amc,473917667.0,2025-04-25,2022-03-31,0.0260416666666666,209.5109677419355,666010.7419354839
2021-12-31,MAA,USD,912595,2022-02-17,2022-02-17 16:11:36,2021,Q4,463575000.0,317803000.0,145772000.0,0.3144518147,0,14121000.0,0.0,14121000.0,0.0,14121000.0,331924000.0,0.0,39108000.0,135737000.0,373255000.0,0.8051663701,131651000.0,0.2839907243,66759000.0,198410000.0,0.4279997843,7790000.0,185641000.0,0.4004551583,1.6,1.6,115158000,115616000,https://www.sec.gov/Archives/edgar/data/912595/000095017022001423/0000950170-22-001423-index.htm,https://www.sec.gov/Archives/edgar/data/912595/000095017022001423/maa-20211231.htm,4.025556192361798,1.6120547421803089,1.8819100713801904,2.8261605793778983,0.8434411851543098,53.70093263168864,53.69311728234252,52.06205387380816,39.56128102259505,26421851520.0,30884239520.0,35.58191821849699,56.99585076848406,121.91868436717009,81.1843465916947,4.407048568543484,4.407048568543484,66.62188323356523,82.74300282648592,142.5095378765856,94.8955754866264,0.0070260405429755,0.0123176454819469,0.7533640170518477,0.4002319147356241,11.955333485150902,0.2234736481861738,3.3663444819474275,1.1351432043411762,0.0045015391866073,0.6406935967808836,0.0304610904384403,0.0,7.975059684460561e-05,0.5017511316601836,0.234563986409966,0.801093290701872,0.008328749393302,43.45520473758789,0.0118198932378372,0.0164512903878155,-43.45300369926536,-453802000.0,6183192000.0,-4970492000.0,-405902000.0,0.0,0.0,0.0,0.0,0.0,0.0,0.0,0.0,0.0,0.0309641019174488,0.9442505079977076,2022-02-02,0.75,amc,460735821.0,2025-04-25,2021-12-31,1.1333333333333335,206.76046875,526628.609375
2021-09-30,MAA,USD,912595,2021-10-28,2021-10-28 16:29:19,2021,Q3,452575000.0,321280000.0,131295000.0,0.2901066122,0,12670000.0,0.0,12670000.0,0.0,12670000.0,333950000.0,0.0,39234000.0,134766000.0,263592000.0,0.582427222,118625000.0,0.2621112523,-29033000.0,89592000.0,0.197960559,2803000.0,84479000.0,0.186662984,0.73,0.73,114933000,115229000,https://www.sec.gov/Archives/edgar/data/912595/000095017021002470/0000950170-21-002470-index.htm,https://www.sec.gov/Archives/edgar/data/912595/000095017021002470/maa-20210930.htm,3.937728937728938,0.7350282338405854,2.444311033384668,1.2189971548641385,0.2593772023700765,53.2018915368084,53.2018915368084,51.52106879660324,39.850356294536816,21463737750.0,25974813750.0,63.51796822287196,47.42581395348837,76.40189707829653,153.1997012911929,3.624730704583371,3.624730704583371,57.393390598243386,98.54173779932624,92.45943413352695,185.3979839832124,0.0039358941571115,0.0065274278707584,0.7668511760000175,0.4034862040004506,17.113857780205773,0.1402658237998503,3.0235255135851555,3.2273599319907635,0.0055309565082624,1.4052604789355934,0.0279953598851019,0.0,0.0,0.5012921276323096,0.3111727338010274,1.0449890922042653,0.0079368060542451,29.1901079917632,0.0107584402811071,0.0075064873950296,-44.45779715138385,-514630000.0,6114653000.0,-5055517000.0,-466930000.0,0.0,0.0,0.0,0.0,0.0,0.0,0.0,0.0,0.0,0.0142665564012725,1.2253138785205293,2021-10-27,1.71,amc,443510000.0,2025-04-25,2021-09-30,0.0409356725146199,187.6646875,527749.75
2021-06-30,MAA,USD,912595,2021-07-29,2021-07-29 16:02:29,2021,Q2,436927000.0,314337000.0,122590000.0,0.280573185,0,13114000.0,0.0,13114000.0,0.0,13114000.0,327451000.0,0.0,38867000.0,132092000.0,396554000.0,0.9075978367,109476000.0,0.2505590179,116119000.0,225595000.0,0.5163219485,2045000.0,216478000.0,0.4954557626,1.88,1.88,114494000,114812000,https://www.sec.gov/Archives/edgar/data/912595/000156459021039113/0001564590-21-039113-index.htm,https://www.sec.gov/Archives/edgar/data/912595/000156459021039113/maa-10q_20210630.htm,3.8161563051338936,1.890736632487292,2.176594406693801,1.0059391758520098,0.2784512725557671,53.64786801055077,53.64786801055077,51.88400265516097,40.10781350987825,19283079480.0,23804435480.0,22.26909833793734,44.13341240069852,77.37776017527597,167.4256297428239,3.2460872596776618,3.2460872596776618,54.48149343025265,60.02823191797334,95.52073368725596,206.68237171583863,0.0112263189198865,0.0059728011866287,0.7664856970237898,0.4050158688930557,11.401614912470937,0.0786863888868558,2.8166825327398564,1.1131524288107202,0.0061334083138882,0.5463418915548001,0.0300141671263162,0.0,0.0,0.5378380222064388,0.3067629146287595,1.0146943039699603,0.0087955196176935,46.98113611178498,0.0098177157649135,0.0192559766307422,-44.263280171886734,-503520000.0,6142359000.0,-5056757000.0,-455220000.0,0.0,0.0,0.0,0.0,0.0,0.0,0.0,0.0,0.0,0.036441610818922,1.1706552308417908,2021-07-28,1.64,amc,438580000.0,2025-04-25,2021-06-30,0.0304878048780488,159.27666666666667,611940.7142857143
2021-03-31,MAA,USD,912595,2021-04-29,2021-04-29 16:13:14,2021,Q1,425005000.0,306910000.0,118095000.0,0.2778673192,0,12979000.0,0.0,12979000.0,0.0,12979000.0,319889000.0,0.0,39672000.0,131820000.0,221023000.0,0.5200479994,105116000.0,0.247328855,-55585000.0,49531000.0,0.1165421583,999000.0,47193000.0,0.1110410466,0.4,0.4,114263000,114575000,https://www.sec.gov/Archives/edgar/data/912595/000156459021021961/0001564590-21-021961-index.htm,https://www.sec.gov/Archives/edgar/data/912595/000156459021021961/maa-10q_20210331.htm,3.719533007185178,0.4130208378915309,1.2962288754890037,0.3028101835239754,0.2854817394957247,52.83741018527432,52.83741018527432,50.95738778082144,41.10916919737798,16495006680.000002,21119971680.0,87.38057911130889,38.811323819719775,111.36922092214624,476.7342971098266,2.8329552649151304,2.8329552649151304,49.69346638274844,95.55553802092994,142.59556467784296,610.4038057803468,0.0028610476440255,0.0020976044854805,0.7999226798457856,0.4161390010237324,20.925265696330246,0.0871978481480885,2.6496269409155078,3.031086280288146,0.0071636224399516,2.503845909350963,0.0305384642533617,0.0,0.0,0.7663914226492293,0.2670815637463088,0.861106053709604,0.0126327925553817,21.76109871892885,0.0092332929002436,0.0042165302136864,-44.82988368938327,-454057000.0,6037361000.0,-5111642000.0,-405157000.0,0.0,43109000.0,0.0,0.0,0.0,0.0,0.0,0.0,0.0,0.0081052199863152,0.993418691965028,2021-04-28,1.61,amc,422760000.0,2025-04-25,2021-03-31,0.0186335403726706,136.0565573770492,704103.2950819673
2020-12-31,MAA,USD,912595,2021-02-18,2021-02-18 16:13:26,2020,Q4,423661000.0,289599000.0,134062000.0,0.3164369626,0,24913000.0,0.0,24913000.0,18504000.0,24913000.0,314512000.0,0.0,40952000.0,129740000.0,238889000.0,0.5638682815,125089000.0,0.295257293,-22403000.0,86746000.0,0.2047533287,795000.0,82420000.0,0.1945423346,0.72,0.72,114220000,114535000,https://www.sec.gov/Archives/edgar/data/912595/000156459021006666/0001564590-21-006666-index.htm,https://www.sec.gov/Archives/edgar/data/912595/000156459021006666/maa-10k_20201231.htm,3.709166520749431,0.7215899142006654,1.576466468219226,0.3616354403782175,0.2206093503764664,53.43902118718263,53.42763964279461,51.54114866047978,40.30523551041849,14470531800.0,19008045800.0,43.89265894200437,34.15592136165472,80.36326972631953,350.3251779402508,2.4580360215592583,2.4580360215592583,44.866168469601874,79.56852680533638,105.56272103252176,460.1763859971917,0.0056957132701923,0.0028544908073108,0.7750448018780268,0.4075745585603161,18.994235816634504,0.0674176658325035,3.0545272514162924,2.086513169329888,0.0079675026179756,1.3988595001213298,0.0588040910067247,0.0,0.0001161254372681,0.7706037853207748,0.3275212965082932,1.0695082472637585,0.004241598825476,28.927675215849707,0.0114353834919644,0.0073632077785205,-44.35114690947295,-492659000.0,6102505000.0,-5055371000.0,10420838000.0,0.0,43109000.0,0.0,0.0,26.794360477764084,0.0,0.0,3.358915771648612,0.0,0.0140002683866058,1.2148310278410086,2021-02-03,1.64,amc,407673792.0,2025-04-25,2020-12-31,0.0060975609756097,123.3915625,610622.609375
2020-09-30,MAA,USD,912595,2020-10-29,2020-10-29 16:13:37,2020,Q3,423199000.0,297493000.0,125706000.0,0.2970375639,0,24051000.0,0.0,24051000.0,242000.0,24051000.0,321544000.0,0.0,41010000.0,127833000.0,229488000.0,0.5422697124,101585000.0,0.2400407373,-39382000.0,62273000.0,0.1471482683,665000.0,58988000.0,0.1393859626,0.52,0.52,114216000,114468000,https://www.sec.gov/Archives/edgar/data/912595/000156459020048861/0001564590-20-048861-index.htm,https://www.sec.gov/Archives/edgar/data/912595/000156459020048861/maa-10q_20200930.htm,3.7052514533865657,0.5164600406247811,2.226220494501646,1.3827922532744974,0.1611595573299712,53.697345380682215,53.697345380682215,51.813344890383135,39.10664005043076,13243345200.0,17650532200.0,56.1272852105513,31.29342271602721,52.08378967239549,83.8520751945396,2.2378404684218918,2.2378404684218918,41.70740526324495,76.91265861395803,69.41649506430173,111.75679036577876,0.0044541616267768,0.0119257632882664,0.7478301894603723,0.3976737992132776,19.20443334727742,0.0484005656001431,2.477078761277737,4.098749113418015,0.008705277877979,1.954414457177731,0.0568314197339785,0.0,0.0,0.3788610532111535,0.2276305000720701,0.7535847551101829,0.0103544668111219,24.53750699760153,0.0094867978570624,0.005300527357004,-43.57709077537298,-542425000.0,6133096000.0,-4968019000.0,10358035000.0,0.0,0.0,0.0,0.0,0.0,0.0,0.0,0.0,0.0,0.0099677031412932,0.8434282412271485,2020-10-28,1.53,amc,397288857.0,2025-04-25,2020-09-30,0.0261437908496732,115.2321875,530353.359375
2020-06-30,MAA,USD,912595,2020-07-30,2020-07-30 20:13:19,2020,Q2,413026000.0,284661000.0,128365000.0,0.3107915724,0,22287000.0,0.0,22287000.0,14643000.0,22287000.0,306948000.0,0.0,42118000.0,127448000.0,233526000.0,0.5654026623,118380000.0,0.2866163389,-27468000.0,78610000.0,0.1903270012,1200000.0,74140000.0,0.179504438,0.65,0.65,114204000,114438000,https://www.sec.gov/Archives/edgar/data/912595/000156459020034861/0001564590-20-034861-index.htm,https://www.sec.gov/Archives/edgar/data/912595/000156459020034861/maa-10q_20200630.htm,3.6165633427900943,0.6491891702567336,2.005297537739484,1.0662761374382683,0.1722093797064901,54.15668452943855,54.15668452943855,52.25882631081223,39.53211796434451,13095772680.0,17548713680.0,44.158931346101966,31.70689661183557,57.18353403518578,107.54249858342982,2.1942704820424765,2.1942704820424765,42.48815735571127,75.14672319142194,76.62758742953457,144.11005460980678,0.0056613688868643,0.0092986494936624,0.7494106649495565,0.4018041717091236,19.06828789942019,0.075125317911755,2.8106747708818083,2.946338513791684,0.0088020770378857,1.554761262476396,0.0539602833719911,0.0,0.0,0.4682703601978927,0.2596446712797741,0.8414412152407257,0.0069293458523192,27.628462535117773,0.0107097267444494,0.0066604900967208,-43.13978494623656,-438201000.0,6184910000.0,-4910809000.0,10472963000.0,0.0,0.0,0.0,0.0,0.0,0.0,0.0,0.0,0.0,0.0124225746364,0.9390214003012154,2020-07-29,1.54,amc,328891074.0,2025-04-25,2020-06-30,0.0324675324675324,112.61984126984127,853525.5079365079
2020-03-31,MAA,USD,912595,2020-05-07,2020-05-07 16:19:06,2020,Q1,418098000.0,279560000.0,138538000.0,0.3313529364,0,27907000.0,0.0,27907000.0,-28532000.0,27907000.0,307467000.0,0.0,43482000.0,126657000.0,237288000.0,0.5675415812,80797000.0,0.1932489512,-72419000.0,38212000.0,0.0913948404,667000.0,35676000.0,0.0853292769,0.31,0.31,114111000,114494000,https://www.sec.gov/Archives/edgar/data/912595/000156459020022883/0001564590-20-022883-index.htm,https://www.sec.gov/Archives/edgar/data/912595/000156459020022883/maa-10q_20200331.htm,3.6639587769803086,0.3126429529142677,1.4074190919367984,0.6659480681091218,0.3024073051677752,54.56820113748893,54.56820113748893,52.65650112609652,39.67343200918404,11756856330.0,16206041330.0,82.38631243693239,28.119857856292064,73.20491855643142,154.71176347510263,1.956643487444676,1.956643487444676,38.76134621548058,68.29692748895856,100.90809161778807,213.25983432466572,0.0030344846444168,0.0064636326129197,0.7462019150276783,0.4019094876226439,18.750147500084285,0.1101061393820209,1.8581711972770345,4.231713743676223,0.0097978572474398,3.22883731360018,0.0667475089572301,0.0,0.0,0.5268303009925157,0.2023688226205339,0.6680246650402267,0.0126477524408153,19.24604868666335,0.0073170976653928,0.0031979269946504,-42.893647413483365,-396405000.0,6226832000.0,-4880098000.0,10543945000.0,0.0,0.0,0.0,0.0,0.0,0.0,0.0,0.0,0.0,0.005937404617249,0.7414710238276766,2020-05-06,1.6,amc,795734903.0,2025-04-25,2020-03-31,0.0125,129.97451612903225,820596.0483870967
2019-12-31,MAA,USD,912595,2020-02-20,2020-02-20 16:49:53,2019,Q4,416817000.0,275213000.0,141604000.0,0.3397270265,0,24701000.0,0.0,24701000.0,-495000.0,24701000.0,299914000.0,0.0,43698000.0,125580000.0,242483000.0,0.5817493049,194169000.0,0.4658375258,38533000.0,155498000.0,0.3730605997,882000.0,148667000.0,0.3566721127,1.3,1.3,113967000,114309000,https://www.sec.gov/Archives/edgar/data/912595/000156459020005582/0001564590-20-005582-index.htm,https://www.sec.gov/Archives/edgar/data/912595/000156459020005582/maa-10k_20191231.htm,3.657348179736239,1.3044741021523774,1.4028797809892335,0.6708520887625365,0.1805434906595769,55.31066010336325,55.28784648187633,53.37243237077399,39.47016241543605,15027688620.000002,19461810620.0,25.27072016654672,36.053444605186456,93.99237325027208,196.55599529134787,2.470563812493671,2.470563812493671,46.69149919509041,80.26051566501569,121.72608936590736,254.5524899614152,0.0098928720017623,0.0050876087423216,0.7323394100247653,0.3966535624129042,18.28632110292268,0.1493683590888108,4.443429905258822,1.0310976396233715,0.0073481692888576,0.7427741193405396,0.0592610186244802,0.0,0.000231513430005,0.5218035801403536,0.200152584947351,0.6643334925943621,0.0050477787614228,39.57924336596725,0.0179461126977963,0.0132409143335545,-43.05004080128458,-401721000.0,6300990000.0,-4856319000.0,10563585000.0,0.0,0.0,0.0,0.0,0.0,0.0,0.0,0.0,0.0,0.0244409715691857,0.7320276922266972,2020-01-29,0.59,amc,314732155.0,2025-04-25,2019-12-31,1.2033898305084747,133.816875,557512.90625
2019-09-30,MAA,USD,912595,2019-10-31,2019-10-31 16:02:50,2019,Q3,415632000.0,284223000.0,131409000.0,0.3161667052,0,25384000.0,0.0,25384000.0,20060000.0,25384000.0,309607000.0,0.0,44513000.0,124944000.0,232229000.0,0.5587370559,124649000.0,0.2999023174,-24713000.0,82572000.0,0.1986661277,1491000.0,77723000.0,0.1869995573,0.68,0.68,113877000,114137000,https://www.sec.gov/Archives/edgar/data/912595/000156459019039130/0001564590-19-039130-index.htm,https://www.sec.gov/Archives/edgar/data/912595/000156459019039130/maa-10q_20190930.htm,3.649832714244316,0.6825171017852595,2.2223188176716984,1.4643431070365394,0.2311792548100143,54.88611396506757,54.88611396506757,52.95281751363313,39.69745427083608,14805148769.999998,19255436770.0,47.621517343643454,35.62081064499365,58.501957039724026,88.78383718629125,2.455204578425461,2.455204578425461,46.32809016148901,82.9157287418884,76.08709322680197,115.47142076699348,0.0052497277269845,0.0112633113378704,0.7422941678656502,0.3979562497543954,19.163360303838022,0.1250580197708363,2.8002830633747444,3.1067285382830625,0.0074570679238098,1.420467557865754,0.0610732571120606,0.0,0.0,0.3410742439868653,0.2076740963159718,0.6908374951978487,0.007970993571236,28.516259917234827,0.0111809244199555,0.0069100906723244,-43.653784346268345,-456172000.0,6250266000.0,-4932286000.0,10516063000.0,0.0,0.0,0.0,0.0,0.0,0.0,0.0,0.0,0.0,0.0128891555507795,0.757975710635159,2019-10-30,1.55,amc,342285176.0,2025-04-25,2019-09-30,-0.0129032258064516,124.275,533839.109375
2019-06-30,MAA,USD,912595,2019-08-01,2019-08-01 16:09:13,2019,Q2,407390000.0,278086000.0,129304000.0,0.3173961069,0,24052000.0,0.0,24052000.0,4775000.0,24052000.0,302138000.0,0.0,45936000.0,124184000.0,229636000.0,0.5636760843,108535000.0,0.2664154741,-41064000.0,64388000.0,0.1580500258,682000.0,60995000.0,0.1497213972,0.53,0.53,113838000,114087000,https://www.sec.gov/Archives/edgar/data/912595/000156459019027950/0001564590-19-027950-index.htm,https://www.sec.gov/Archives/edgar/data/912595/000156459019027950/maa-10q_20190630.htm,3.57868198668283,0.5358052671339975,1.878010857534391,1.1740280047084453,0.3695778211142149,55.20677629614013,55.20677629614013,53.264893972135845,40.28465890124563,13493218140.0,17992235140.0,55.3046075088122,33.12113242838558,63.11465108120623,100.9601129825139,2.225293080692245,2.225293080692245,44.16464601487518,78.35110844989461,84.15884418749327,134.6230434945267,0.0045204190258499,0.0099049017523702,0.7487321410872045,0.4026658495072653,19.59194986848752,0.1281263049407834,2.362743817485197,3.333109867323553,0.0081786271336453,1.8092630543487167,0.0590392498588576,0.0,0.0,0.3748555819055236,0.19671567785169,0.6453327320749855,0.0084734529566263,25.34050594860128,0.0095385234574589,0.0054098376649581,-43.4664084049263,-392528000.0,6284629000.0,-4932517000.0,10626568000.0,0.0,0.0,0.0,0.0,0.0,0.0,0.0,0.0,0.0,0.0100592571800535,0.7039828528259456,2019-07-31,1.53,amc,384757222.0,2025-04-25,2019-06-30,0.0261437908496732,112.57619047619048,461708.07936507935
2019-03-31,MAA,USD,912595,2019-05-03,2019-05-02 17:55:52,2019,Q1,401178000.0,272166000.0,129012000.0,0.3215829382,0,26995000.0,0.0,26995000.0,935000.0,26995000.0,299161000.0,0.0,45700000.0,123082000.0,225915000.0,0.5631290848,110001000.0,0.2741949957,-36631000.0,66202000.0,0.165019019,641000.0,62651000.0,0.1561675865,0.55,0.55,113726000,113933000,https://www.sec.gov/Archives/edgar/data/912595/000091259519000025/0000912595-19-000025-index.htm,https://www.sec.gov/Archives/edgar/data/912595/000091259519000025/maa3311910-q.htm,3.5275838418655363,0.5508942546119621,1.3600935582012907,0.8921794488507465,0.4143555563371612,55.71587851502735,55.71587851502735,53.75346886376027,40.39355995990363,12376800580.0,16880275580.0,49.38788119902316,30.851144828480127,80.01655426111019,121.9821865883466,2.0246135235631546,2.0246135235631546,42.07677285394513,74.71958736693004,109.13171608114922,166.3671408578412,0.0050619705468341,0.008197918302405,0.7439839284613032,0.4023525973034464,19.934377974016776,0.1416269197748736,2.407024070021882,2.3450983959489373,0.0089074716270495,1.7596846020015642,0.0672893329145666,0.0,0.0,0.3440308253274544,0.1326443623528708,0.4323459157309761,0.0119273738839118,25.81241438061232,0.0097111434292462,0.0055424910750951,-43.26446898686317,-359933000.0,6336344000.0,-4908031000.0,10691969000.0,0.0,0.0,0.0,0.0,0.0,0.0,0.0,0.0,0.0,0.0102485340249988,0.4679141093505443,2019-05-01,1.5,amc,350118981.0,2025-04-25,2019-03-31,0.0533333333333333,102.81540983606556,584616.0491803279
2018-12-31,MAA,USD,912595,2019-02-21,2019-02-21 17:25:24,2018,Q4,398148000.0,268255000.0,129893000.0,0.3262430051,0,21117000.0,0.0,21117000.0,-631000.0,21117000.0,289372000.0,0.0,44454000.0,121541000.0,216477000.0,0.5437098767,106521000.0,0.2675412158,-45050000.0,63726000.0,0.1600560596,785000.0,60360000.0,0.1516019169,0.53,0.53,113690000,113880000,https://www.sec.gov/Archives/edgar/data/912595/000091259519000015/0000912595-19-000015-index.htm,https://www.sec.gov/Archives/edgar/data/912595/000091259519000015/maa12312018-10k.htm,3.5020494326677807,0.5309174069839036,1.1719236520362388,0.6248658633125165,0.3338816078810801,56.13161227900431,56.09730847040197,54.17586419210133,40.2214970533908,10880133000.0,15374202000.0,45.063506461232606,27.32685584255101,81.66060974511394,153.15286946974285,1.7664692834554314,1.7664692834554314,38.61428915880527,71.02002522207901,115.3907502476808,216.41308540138792,0.0055477263007722,0.0065294238590649,0.7352072182767588,0.399895405960253,20.76002993389598,0.1248592485199951,2.396207315427183,2.097643150652581,0.0097367375931893,1.7550861497680583,0.0530380662467223,0.0,0.0003444079322975,0.4668032663844607,0.156210755799351,0.5107495976086457,0.0064473512362237,25.43944693000631,0.0093577498792601,0.0053322115311989,-43.13676664614302,-362177000.0,6377703000.0,-4890505000.0,10690986000.0,0.0,0.0,0.0,0.0,0.0,0.0,0.0,0.0,0.0,0.0097998881033319,0.5470577887237223,2019-01-30,1.55,amc,368099094.0,2025-04-25,2018-12-31,0.0,99.17174603174604,639275.0317460317
2018-09-30,MAA,USD,912595,2018-11-01,2018-11-01 16:41:48,2018,Q3,397108000.0,279289000.0,117819000.0,0.2966925874,0,17683000.0,0.0,17683000.0,374000.0,17683000.0,296972000.0,0.0,44650000.0,124549000.0,224838000.0,0.5661885432,98258000.0,0.2474339474,-43340000.0,54918000.0,0.1382948719,616000.0,51869000.0,0.1306168599,0.46,0.46,113671000,113910000,https://www.sec.gov/Archives/edgar/data/912595/000091259518000056/0000912595-18-000056-index.htm,https://www.sec.gov/Archives/edgar/data/912595/000091259518000056/maa930201810-q.htm,3.493485585593511,0.4563081172858513,2.085413166066983,1.5031450413913838,0.498271326899561,56.66494532466504,56.66494532466504,54.69305275751951,40.01612548495218,11317084760.0,15774968760.0,54.54647650812624,28.498757919759864,47.74113907977608,66.23445992134096,1.82034088390343,1.82034088390343,39.72463098199986,70.16148853841433,66.54672943796905,92.32470713549958,0.0045832474616899,0.0150978810907129,0.7244672442429758,0.3944327986361662,19.827093284942936,0.1872086077969113,2.200627099664054,4.333339426732963,0.0093586822265701,2.041932560874511,0.0445294479083775,0.0,0.0,0.2792099590383504,0.1666725424821459,0.5307613350226941,0.0072776171721546,23.69662187905669,0.0088121764879587,0.0045423468824336,-43.29324981745564,-385103000.0,6441161000.0,-4889126000.0,10734470000.0,0.0,0.0,0.0,0.0,0.0,0.0,0.0,0.0,0.0,0.0083430727355608,0.5822681246755989,2018-10-31,1.5,amc,405732608.0,2025-04-25,2018-09-30,0.0,101.174126984127,500870.9682539682
2018-06-30,MAA,USD,912595,2018-08-02,2018-08-02 15:21:06,2018,Q2,390073000.0,271655000.0,118418000.0,0.3035790737,0,20607000.0,0.0,20607000.0,8032000.0,20607000.0,292262000.0,0.0,43585000.0,122925000.0,228940000.0,0.5869157824,94985000.0,0.2435057028,-44129000.0,62195000.0,0.1594445142,570000.0,58885000.0,0.1509589231,0.52,0.52,113646000,113853000,https://www.sec.gov/Archives/edgar/data/912595/000091259518000041/0000912595-18-000041-index.htm,https://www.sec.gov/Archives/edgar/data/912595/000091259518000041/maa630201810-q.htm,3.432351336606656,0.5181440613835947,1.859291132111997,1.2032363655562008,0.350298294704609,57.09739014131602,57.09739014131602,55.09891241222744,40.40810939232353,11440742820.0,15956767820.0,48.5723988282245,29.32974807279663,54.14429094041202,83.666021807332,1.8270778059433983,1.8270778059433983,40.90713230600426,69.69847042893335,75.51676433145134,116.69166114536029,0.0051469560085784,0.0119522833570696,0.7264135018671235,0.3973603337570495,19.72580152004892,0.1502744113827013,2.1793048066995526,3.409125377131702,0.0092554304966012,1.7982338456313154,0.0528285731132377,0.0,0.0,0.3528520925125768,0.1911385817526463,0.6053751217927898,0.0075960140794159,25.344751344993224,0.0084426353567163,0.005144084599728,-43.278505182760505,-348051000.0,6488890000.0,-4896686000.0,10829043000.0,0.0,0.0,0.0,0.0,0.0,0.0,0.0,0.0,0.0,0.0094038890914407,0.6560547665557961,2018-08-01,1.48,amc,345088461.0,2025-04-25,2018-06-30,0.0472972972972973,93.2975,683200.8125
2018-03-31,MAA,USD,912595,2018-05-03,2018-05-03 15:44:45,2018,Q1,386017000.0,265148000.0,120869000.0,0.3131183342,0,23012000.0,0.0,23012000.0,-2341000.0,23012000.0,288160000.0,0.0,40905000.0,120744000.0,213228000.0,0.5523798175,94058000.0,0.2436628439,-45083000.0,50962000.0,0.1320200924,640000.0,48097000.0,0.1245981395,0.42,0.42,113507000,113507000,https://www.sec.gov/Archives/edgar/data/912595/000091259518000026/0000912595-18-000026-index.htm,https://www.sec.gov/Archives/edgar/data/912595/000091259518000026/maa331201810-q.htm,3.400821094734245,0.4237359810408169,1.3453267199379777,0.8891874509942118,0.5709427612393949,57.51314896878607,57.51314896878607,55.49458623697217,39.9953835446272,10356378680.0,14795523680.0,53.83068944008981,26.82881500037563,67.81995677912823,102.61053493049567,1.6441243405327557,1.6441243405327557,38.32868417712173,69.38827771212036,96.8902168901928,146.59338426022254,0.0046441909364403,0.0097455880205415,0.7142139798165557,0.3940354596362597,20.81877145590635,0.2274962856703724,2.299425498105366,3.004801259346714,0.0102157330539018,2.199679813709795,0.0596139548258237,0.0,0.0,0.3390546416596814,0.1341262172391371,0.4266197542867972,0.0104244113601214,23.001927988442542,0.0081419768850445,0.0042126141768476,-42.50332578607487,-301570000.0,6528145000.0,-4800421000.0,10796759000.0,0.0,0.0,0.0,0.0,0.0,0.0,0.0,0.0,0.0,0.0076356273606831,0.4561392689437656,2018-05-02,1.46,amc,422761904.0,2025-04-25,2018-03-31,-0.0136986301369863,90.44524590163934,848155.1639344263
2017-12-31,MAA,USD,912595,2018-02-23,2018-02-22 19:05:43,2017,Q4,382738000.0,259733000.0,123005000.0,0.3213817285,0,21040000.0,0.0,21040000.0,3320000.0,21040000.0,280773000.0,,,119423000.0,224582000.0,0.5867773777,96473000.0,0.252060156,-92672000.0,128367000.0,0.3353913121,709000.0,122528000.0,0.3201354451,1.08,1.08,113453000,113719000,https://www.sec.gov/Archives/edgar/data/912595/000091259518000011/0000912595-18-000011-index.htm,https://www.sec.gov/Archives/edgar/data/912595/000091259518000011/maa12312017-10k.htm,3.373537940821309,1.0799890703639392,0.929063136276696,-1.379029201519572,0.1264840947352648,58.03550368875217,57.93678439530026,55.97313424942488,39.682132689307466,11408833680.0,15900140680.0,23.278013352050145,29.808468665248817,108.23806916180446,-72.92086337924643,1.796576185137127,1.796576185137127,41.54314617310013,70.79882038631769,150.84806868744366,-101.6275649867374,0.0107397481141998,-0.0137134964351588,0.7089496277352952,0.3917585043890407,19.998517245371403,0.1154887439305508,,0.8234315310881436,0.0087454162974527,0.8143036693653696,0.054972330941793,0.0,0.0009745978891776,2.4843223755988806,0.6841755979286092,2.189593036381728,0.0055886794621908,36.87998640897699,0.0086469359111132,0.0106725023058224,-43.130344724247045,-721372000.0,6573102000.0,-4813429000.0,10449511000.0,0.0,8637500.0,0.0,0.0,0.0,0.0,0.0,0.0,0.0,0.0192947756963428,2.308092337796268,2018-01-31,1.48,amc,382700000.0,2025-04-25,2017-12-31,0.0135135135135135,103.79984126984128,646778.5238095238
2017-09-30,MAA,USD,912595,2017-10-26,2017-10-26 15:17:45,2017,Q3,384550000.0,267107000.0,117443000.0,0.3054037186,0,18642000.0,0.0,18642000.0,192854000.0,18642000.0,285749000.0,4303000.0,39940000.0,117928000.0,277279000.0,0.7210479782,94671000.0,0.2461864517,-97465000.0,119264000.0,0.3101391237,641000.0,113787000.0,0.2958965024,1.0,1.0,113434000,113653000,https://www.sec.gov/Archives/edgar/data/912595/000091259517000021/0000912595-17-000021-index.htm,https://www.sec.gov/Archives/edgar/data/912595/000091259517000021/maa930201710q.htm,3.390077049209232,1.003111941745861,2.039247491933636,1.76472662517411,0.4398504857450147,57.84359186839925,57.83266921734224,55.78337182855228,39.9595712044008,12123825920.0,16568808920.0,26.63710687512633,31.52730703419581,52.41149022998443,60.56462144070337,1.915983141508386,1.915983141508386,43.08622785073462,59.75500820473242,71.62722168424693,82.76955200319712,0.0093854036465742,0.0165112895319433,0.7100229134266296,0.389570061947657,16.03072356723733,0.2919855472417423,2.3703304957436155,1.944551858639184,0.0082285081176751,0.8767346006134269,0.048477441164998,0.0,0.000107432704336,0.1346187100121044,0.0809777662202574,0.2637306796527631,0.0073150435574047,35.48283732625654,0.0084270053770065,0.0098674403346224,-43.38625985154363,-323518000.0,6560191000.0,-4837952000.0,10849084000.0,0.0,15603500.0,0.0,0.0,5.820701067362518,0.0,0.0,15.46205499276411,0.0,0.0179822751630876,0.2745208667595253,2017-10-25,1.47,amc,157685999.0,2025-04-25,2017-09-30,0.0204081632653061,104.93047619047618,597265.3015873015
2017-06-30,MAA,USD,912595,2017-07-27,2017-07-27 16:12:48,2017,Q2,382791000.0,272329000.0,110462000.0,0.288570003,0,20279000.0,0.0,20279000.0,197851000.0,20279000.0,292608000.0,650000.0,38481000.0,126360000.0,215899000.0,0.564012738,85976000.0,0.2246029818,-60018000.0,50444000.0,0.1317794828,618000.0,47393000.0,0.123809076,0.42,0.42,113403000,113614000,https://www.sec.gov/Archives/edgar/data/912595/000091259517000017/0000912595-17-000017-index.htm,https://www.sec.gov/Archives/edgar/data/912595/000091259517000017/maa630201710q.htm,3.3754927118330205,0.4179166335987584,1.6205215029584756,1.3115349682107176,0.3664453321340705,57.69379998765465,57.68287435076673,55.63123550523355,40.66500004409055,11950408140.0,16483801140.0,63.0388883379402,31.21914606142777,65.0284490564395,80.34860110803324,1.8942595655652177,1.8942595655652177,43.062143937553394,76.34959467158255,89.69702207082689,110.82888107468467,0.0039658059745564,0.012445767396192,0.7248746146026732,0.39648004630432,20.99774894742449,0.250235345324979,2.2342454717912736,3.6640813478217527,0.008345572706105,2.104382503745279,0.0529766896295889,0.0,0.0001074203349034,0.19067104890843,0.0915382023088317,0.2763624891552961,0.0067922182078471,22.871541705118087,0.0074480325023273,0.0041093776148042,-43.64895990405898,-296280000.0,6541411000.0,-4892595000.0,10908339000.0,0.0,13639000.0,0.0,0.0,4.604283789093339,0.0,0.0,19.547014068331897,0.0,0.0075122659024792,0.308986534747758,2017-07-26,1.45,amc,300771428.0,2025-04-25,2017-06-30,0.0206896551724138,102.96555555555555,671776.8412698413
2017-03-31,MAA,USD,912595,2017-04-27,2017-04-27 17:26:24,2017,Q1,378908000.0,271270000.0,107638000.0,0.2840742344,0,23821000.0,0.0,23821000.0,193762000.0,23821000.0,295091000.0,2679000.0,36584000.0,129997000.0,210376000.0,0.5552165697,77656000.0,0.2049468473,-42457000.0,43710000.0,0.1153578177,651000.0,40983000.0,0.10816082,0.36,0.36,113338000,117864000,https://www.sec.gov/Archives/edgar/data/912595/000091259517000010/0000912595-17-000010-index.htm,https://www.sec.gov/Archives/edgar/data/912595/000091259517000010/maa331201710q.htm,3.3431682224849566,0.361599816478145,1.2177380931373414,1.0778909103742786,0.3366655490656267,58.197285994106124,58.18635409130212,56.11704812154794,40.53157811148953,11531008120.0,16054233120.0,70.34019056682038,30.432210774119312,83.54834309065615,94.38803038488614,1.8129962891069045,1.8129962891069045,42.369739145122296,76.31209415522683,116.32153605379088,131.41326653897156,0.0035541558529402,0.010594563695442,0.7165165087731601,0.3942303341981482,21.50067022854318,0.1530862452928446,2.1226765799256504,3.178920213746085,0.0086473792197797,2.433033208891492,0.0628675034573036,0.0,0.0001071827216262,0.1148417574773939,0.0418307346374317,0.121846220076567,0.0079649941410579,21.367453563680836,0.0065119368771983,0.0035457145675115,-43.45919285676472,-323632000.0,6594725000.0,-4905236000.0,10932662000.0,0.0,12658000.0,0.0,0.0,4.427839421978103,0.0,0.0,20.32594035666117,0.0,0.0064436713722883,0.1398471827630627,2017-04-26,1.44,amc,568350000.0,2025-04-25,2017-03-31,0.0138888888888889,98.86048387096774,768067.4032258064
2016-12-31,MAA,USD,912595,2017-02-24,2017-02-24 16:35:48,2016,Q4,307198000.0,208003000.0,99195000.0,0.3229024929,0,17654000.0,0.0,17654000.0,360223000.0,17654000.0,225657000.0,565000.0,33529000.0,95129000.0,175921000.0,0.5726632335,43857000.0,0.1427646013,-38449000.0,42343000.0,0.1378361838,499000.0,39386000.0,0.1282104701,0.44,0.44,88109000,88392000,https://www.sec.gov/Archives/edgar/data/912595/000091259517000005/0000912595-17-000005-index.htm,https://www.sec.gov/Archives/edgar/data/912595/000091259517000005/maa12312016-10k.htm,3.486567774007196,0.4470144934115697,1.076132971660103,0.905423963499756,0.4078584480586546,75.49937009840085,75.48530797080889,72.79496986686945,51.45037396860707,8627633280.0,13093809280.0,54.763325039354086,28.084926594574185,90.99247265785672,108.1482310469314,1.345147888364818,1.345147888364818,42.62335457913137,74.43005258041963,138.09558707826656,164.1321861211392,0.0045650989931737,0.0092465682546952,0.7015571824408643,0.3877560851225616,25.38739547865235,0.2857719361635235,1.3080318530227564,2.2544343525607493,0.0072872823820346,1.5963032549636926,0.0574678220561331,0.0,0.0001067690086536,0.1586318909056392,0.048961907304084,0.1579771032454574,0.0179330594600225,27.05843949683454,0.0038771769520638,0.0033943932270022,-55.79885142266965,-304414000.0,6650935000.0,-4830517000.0,10922730000.0,0.0,10525000.0,0.0,0.0,5.179252222323717,0.0,0.0,17.37702589807853,0.0,0.0061407332708439,0.1707090081603468,2017-02-01,1.49,amc,340591304.0,2025-04-25,2016-12-31,0.0067114093959731,91.97936507936508,1420728.7777777778
2016-09-30,MAA,USD,912595,2016-10-28,2016-10-28 15:03:52,2016,Q3,276898000.0,183605000.0,93293000.0,0.336921899,0,14569000.0,0.0,14569000.0,135622000.0,14569000.0,198174000.0,64000.0,32168000.0,76959000.0,154650000.0,0.5585089094,73790000.0,0.2664880209,-3933000.0,89360000.0,0.3227181128,454000.0,84279000.0,0.3043683956,1.12,1.12,75302000,75302000,https://www.sec.gov/Archives/edgar/data/912595/000091259516000052/0000912595-16-000052-index.htm,https://www.sec.gov/Archives/edgar/data/912595/000091259516000052/maa930201610q.htm,3.677166609120608,1.1192133011075402,2.005338503625402,1.727337919311572,0.3694058590741281,41.92372048551167,41.90237975086984,39.74250351916284,46.03230989880747,7077634980.0,10483974980.0,20.994657565941697,25.560440956597738,46.86989245460445,54.4132094532259,2.3649743140786383,2.3649743140786383,37.86222717390519,67.79162612350468,69.42753917062898,80.6013206531767,0.0119077912661723,0.0183778904065493,1.147515111822474,0.4990554854865633,22.026123504688005,0.218751509970451,2.293894553593633,1.69849054057094,0.0087500980447567,0.734821248472336,0.0526150423621694,0.0,0.0002335310136306,0.1386302531025257,0.0756018461671807,0.2720149690094726,0.0072914936185887,31.635543579241787,0.0109701381536182,0.0122503781411589,-49.08974529228971,-210191000.0,3155333000.0,-3665519000.0,6510703000.0,0.0,8272000.0,0.0,0.0,4.450859181394843,0.0,0.0,20.220814977973568,0.0,0.0281616204819075,0.2780005843138296,2016-10-27,0.7,amc,173062499.0,2025-04-25,2016-09-30,0.6714285714285715,99.7565625,725251.953125
2016-06-30,MAA,USD,912595,2016-07-29,2016-07-29 16:53:58,2016,Q2,272236000.0,178697000.0,93539000.0,0.3435952629,0,15324000.0,0.0,15324000.0,130183000.0,15324000.0,194021000.0,62000.0,32039000.0,75742000.0,153760000.0,0.5648040671,77794000.0,0.2857594146,-45351000.0,48188000.0,0.1770081841,457000.0,45144000.0,0.1658267092,0.6,0.6,75277000,75277000,https://www.sec.gov/Archives/edgar/data/912595/000091259516000047/0000912595-16-000047-index.htm,https://www.sec.gov/Archives/edgar/data/912595/000091259516000047/maa630201610q.htm,3.616456553794652,0.5997050892038737,1.7818324322170118,1.4068573402234414,0.3491106181170875,41.57562070752022,41.55427288547631,39.40264622660308,46.78007890856437,8009472800.0,11472618800.0,44.35513468013468,29.42106407675693,59.71380814278579,75.6295588457471,2.700326251899371,2.700326251899371,42.1421810487959,74.61380593132154,85.53294018534119,108.33036334793776,0.0056363260263521,0.0132223434231526,1.1764302304059218,0.5079678940504246,22.523061914672216,0.2273551445679766,2.42810324916508,2.8161032962418644,0.0077304713488757,1.3715443912812333,0.0562893959652654,0.0,0.0002339366530987,0.2104435216318375,0.103685772638446,0.3715741252665666,0.0076147166429127,23.05806297327158,0.0112931703027636,0.0065733089062045,-49.32998126917917,-174712000.0,3128081000.0,-3688283000.0,6546121000.0,0.0,7843000.0,0.0,0.0,3.759212521754702,0.0,0.0,23.941184351554128,0.0,0.0152199191332225,0.3749750919935704,2016-07-27,1.46,amc,294883333.0,2025-04-25,2016-06-30,0.0205479452054794,100.4515625,507153.828125
2016-03-31,MAA,USD,912595,2016-05-06,2016-05-06 16:55:47,2016,Q1,269016000.0,176008000.0,93008000.0,0.3457340827,0,15586000.0,0.0,15586000.0,127298000.0,15586000.0,191594000.0,32000.0,32211000.0,75127000.0,151857000.0,0.5644905879,76709000.0,0.2851466084,-47040000.0,45968000.0,0.1708745948,288000.0,43413000.0,0.1613770185,0.58,0.58,75249000,75489000,https://www.sec.gov/Archives/edgar/data/912595/000091259516000037/0000912595-16-000037-index.htm,https://www.sec.gov/Archives/edgar/data/912595/000091259516000037/maa331201610q.htm,3.575010963600845,0.5769246102938245,1.3832077502691065,1.1680553894403911,0.3745697617244083,41.78987096174036,41.76851519621523,39.60374224242182,46.19561721750455,7691200290.0,11106979290.0,44.29088228180499,28.59012211169596,73.89345525291829,87.50441196882645,2.580816716116212,2.580816716116212,41.28743007850834,73.14104249392521,106.71066234327714,126.36645190283862,0.005644502595576,0.0114279952004734,1.1556372146025256,0.5043940900897945,22.493391809399636,0.2317363013539346,2.3814535407159045,2.2722013622074746,0.0080425678265622,1.4248496993987976,0.0579370743747583,0.0,0.0002353571460478,0.1555459480232502,0.0601822939899485,0.2154415287166657,0.0070070181699229,22.67351770427764,0.0113049573829197,0.0063596547126311,-48.57325678746562,-165179000.0,3143039000.0,-3633451000.0,6507234000.0,0.0,7072000.0,0.0,0.0,4.204240716331076,0.0,0.0,21.40695694478229,0.0,0.0145674266528239,0.2151523608287153,2016-05-04,1.42,amc,273637931.0,2025-04-25,2016-03-31,0.0140845070422535,92.8044262295082,710591.5409836066
2015-12-31,MAA,USD,912595,2016-02-26,2016-02-25 21:27:24,2015,Q4,263337000.0,171455000.0,91882000.0,0.348914129,0,14497000.0,0.0,14497000.0,-8000.0,14497000.0,185952000.0,0.0,30833000.0,73914000.0,150416000.0,0.5711920467,76763000.0,0.2915010044,-31145000.0,45618000.0,0.1732304993,254000.0,42987000.0,0.1632394992,0.57,0.57,75203000,75400000,https://www.sec.gov/Archives/edgar/data/912595/000091259516000032/0000912595-16-000032-index.htm,https://www.sec.gov/Archives/edgar/data/912595/000091259516000032/maa12312015-10k.htm,3.501682113745462,0.5716128345943646,1.358788878103267,1.1500206108798852,0.4995146470220603,42.1003550390277,42.07898621065649,39.89663976171163,45.9875403906759,6829184430.0,10219193430.0,39.71656797403866,25.93325066359835,66.8315743993737,78.96380216222467,2.276131537452168,2.276131537452168,38.80652331423234,67.93953721678545,100.0067860253462,118.16145493438168,0.0062946022970417,0.0126640305129378,1.1423905301620112,0.5005370352819403,22.53755584512286,0.2741267837990342,2.489637725813252,2.2524081380739305,0.0084992579414054,1.350245423034871,0.055051132199425,0.0,0.0002346745610001,0.1536429025786563,0.0596194230206921,0.2203632484630716,0.0064897830536536,22.65220089223341,0.0114093406172281,0.0062789815158072,-48.45741526268899,-168518000.0,3164466000.0,-3618067000.0,6497865000.0,0.0,8215500.0,0.0,0.0,3.108570762007524,0.0,0.0,28.952212090509963,0.0,0.0143273428040156,0.208768267223382,2016-02-03,1.39,amc,286396491.0,2025-04-25,2015-12-31,0.0431654676258993,86.903125,427957.21875
2015-09-30,MAA,USD,912595,2015-10-30,2015-10-30 15:29:29,2015,Q3,261998000.0,174697000.0,87301000.0,0.3332124673,0,13507000.0,0.0,13507000.0,-179000.0,13507000.0,188204000.0,0.0,29342000.0,73098000.0,146314000.0,0.5584546447,73138000.0,0.2791548027,513000.0,97341000.0,0.3715333705,512000.0,91734000.0,0.3501324438,1.22,1.22,75189000,75189000,https://www.sec.gov/Archives/edgar/data/912595/000091259515000026/0000912595-15-000026-index.htm,https://www.sec.gov/Archives/edgar/data/912595/000091259515000026/maa930201510q.htm,3.484525661998431,1.2200454853768503,1.7955552008937476,1.467222599050393,0.5969224221628163,42.27462793759725,42.25325513040471,40.04638976446023,45.94391466836905,6155723430.0,9535982430.0,16.776013882529924,23.49530694890801,45.59592484778455,55.79930410899301,2.0443790434426816,2.0443790434426816,36.39715734471256,65.17477773828888,70.63376761032843,86.44007315149702,0.0149022289651502,0.0179213704537729,1.137522550288139,0.4973087581985558,23.102772120234565,0.5278774289985052,2.49260445777384,1.3942867765522369,0.0094724853484848,0.6356421828329736,0.0515538286551805,0.0,0.0002333266205346,0.1828585396204613,0.0942259101214513,0.3333198314970836,0.0063931785738822,33.155910232564224,0.0106721450864021,0.0133223270024662,-48.72883001502879,-120023000.0,3176980000.0,-3574557000.0,6503573000.0,0.0,11196500.0,0.0,0.0,5.414002530094964,0.0,0.0,16.623560757445997,0.0,0.0304658045969376,0.3283326018433547,2015-10-28,0.68,amc,200255088.0,2025-04-25,2015-09-30,0.7941176470588234,78.9146875,628176.25
2015-06-30,MAA,USD,912595,2015-07-31,2015-07-31 14:31:52,2015,Q2,258891000.0,175252000.0,83639000.0,0.3230664643,0,13643000.0,0.0,13643000.0,168595000.0,13643000.0,188895000.0,29000.0,29528000.0,74396000.0,143485000.0,0.5542293861,68837000.0,0.2658918232,1061000.0,144294000.0,0.5573542533,398000.0,136299000.0,0.5264725309,1.81,1.81,75168000,75168000,https://www.sec.gov/Archives/edgar/data/912595/000091259515000020/0000912595-15-000020-index.htm,https://www.sec.gov/Archives/edgar/data/912595/000091259515000020/maa630201510q.htm,3.4441650702426565,1.813258301404853,1.6718949553001277,1.2515032992762878,0.4293183269476373,41.887279161345255,41.86590038314176,39.68329608343976,46.18683482332908,5472982080.0,8885196080.0,10.038558756850747,21.140101741659617,43.54938674178225,58.17803280431154,1.834777026759739,1.834777026759739,34.320220015373266,61.92421563229606,70.70091491410247,94.45001307495244,0.0249039733746031,0.0171886183117193,1.1539870073357796,0.5030010610202833,23.780980590305607,0.6506136077315455,2.3312449200758603,0.8734995447373726,0.0105766836349663,0.4246986404889251,0.0526978535368166,0.0,0.0002348243486108,0.2514462135860527,0.1220590905052705,0.418249440789909,0.0056935158039483,40.23694180891593,0.0101318269757185,0.0199214944124402,-48.72497605363985,-79317000.0,3146976000.0,-3547129000.0,6487044000.0,0.0,9782000.0,0.0,0.0,6.10298313286011,0.0,0.0,14.746886570178392,0.0,0.045693238222758,0.4203916560238399,2015-07-29,1.3,amc,95835911.0,2025-04-25,2015-06-30,0.0461538461538461,75.5863492063492,426072.0476190476
2015-03-31,MAA,USD,912595,2015-05-01,2015-05-01 14:19:27,2015,Q1,257811000.0,173506000.0,84305000.0,0.3270031147,0,15059000.0,0.0,15059000.0,-157000.0,15059000.0,188565000.0,0.0,29931000.0,73112000.0,142510000.0,0.5527692767,68907000.0,0.2672771914,-4225000.0,64735000.0,0.2510947942,510000.0,61267000.0,0.2376430796,0.81,0.81,75145000,75145000,https://www.sec.gov/Archives/edgar/data/912595/000091259515000014/0000912595-15-000014-index.htm,https://www.sec.gov/Archives/edgar/data/912595/000091259515000014/maa331201510q.htm,3.4308470290771176,0.8153170536961873,1.3421651473817289,1.122602967595981,0.2443941712688801,40.71735977110919,40.686472819216185,38.57240002661521,46.70202940980771,5806454150.0,9267616150.0,23.693236775099155,22.522135013634017,57.57115668719077,68.83110256288674,2.003245842796486,2.003245842796486,35.94732633595929,65.03133920426637,91.88867555053194,109.86054849569692,0.0105515342784546,0.0145283158741553,1.200436567175765,0.5117140772171405,24.28715177882254,1.0870962336497425,2.3021950486118072,1.5593951481979684,0.0099613289807859,0.9440645045456773,0.0584110065125227,0.0,0.0003413394920527,0.1635880504080034,0.0639964935553564,0.2228570656725288,0.0049997866654254,26.600687016185123,0.0100894851729564,0.0090133509166277,-49.52573025484064,17672000.0,3057385000.0,-3519402000.0,6483235000.0,0.0,8037500.0,0.0,0.0,3.983723905801528,0.0,0.0,22.59192708333333,0.0,0.0211373171784388,0.2195621797857475,2015-04-29,1.29,amc,199400694.0,2025-04-25,2015-03-31,0.0232558139534883,76.72475409836066,558234.8524590164
2014-12-31,MAA,USD,912595,2015-02-25,2015-02-25 07:03:34,2014,Q4,252474000.0,168656000.0,83818000.0,0.33198666,0,12920000.0,0.0,12920000.0,-258000.0,12920000.0,181576000.0,0.0,31685000.0,71945000.0,140100000.0,0.5549086243,68276000.0,0.270427846,-31986000.0,36805000.0,0.145777387,815000.0,34525000.0,0.1367467541,0.46,0.46,75114000,75114000,https://www.sec.gov/Archives/edgar/data/912595/000091259515000007/0000912595-15-000007-index.htm,https://www.sec.gov/Archives/edgar/data/912595/000091259515000007/maa12312014-10k.htm,3.3612109593418005,0.4596346886066512,0.8126447799344996,0.5588838299118672,0.3392044092978672,40.707750885320976,40.67685118619698,38.56052134089517,47.34403706366323,5609513520.000001,9108627520.0,40.61921448225923,22.218182941609832,91.89747088022806,133.6234759409243,1.936695807086988,1.936695807086988,36.07748726601551,65.0151857244825,149.2214662276175,216.9754054311577,0.0061547226647917,0.0074837149157989,1.2168458812298566,0.5159567491159457,24.975831548893648,0.4003771017418721,2.154836673504813,1.6750178365622084,0.009779814203924,1.5889934829833454,0.0511735861910533,0.0,0.000339773164449,0.3122655264494356,0.0754968828473427,0.2613924658191742,0.0041430008634552,19.969588063558817,0.0100168885282239,0.0050558619662551,-49.89518598397103,-134839000.0,3055401000.0,-3683272000.0,6507202000.0,0.0,9242000.0,0.0,0.0,4.479828763874395,0.0,0.0,20.09005360333532,0.0,0.0119198255786855,0.2537609500226322,2015-02-04,1.27,amc,247695652.0,2025-04-25,2014-12-31,0.0393700787401575,71.30625,407063.25
2014-09-30,MAA,USD,912595,2014-10-31,2014-10-31 16:15:33,2014,Q3,248781000.0,170855000.0,77926000.0,0.3132313159,0,13940000.0,0.0,13940000.0,164344000.0,13940000.0,184795000.0,85000.0,28251000.0,70222000.0,167609000.0,0.6737210639,63495000.0,0.2552244745,3610000.0,67649000.0,0.2719218911,442000.0,66976000.0,0.2692167006,0.89,0.89,75058000,75058000,https://www.sec.gov/Archives/edgar/data/912595/000091259514000027/0000912595-14-000027-index.htm,https://www.sec.gov/Archives/edgar/data/912595/000091259514000027/maa930201410q.htm,3.314516773695009,0.8923232700045298,1.314716619147859,0.942151402915079,1.1710543846092356,41.04772309414053,41.016800341069576,38.87661541741053,46.07456899997335,4927557700.0,8269805700.0,18.392997864906835,19.806808799707373,49.93471524118363,69.6809449063861,1.6886758092269334,1.6886758092269334,33.24130741495532,49.33986659427596,83.80427340899878,116.94391226879348,0.0135921290175861,0.0143511257108161,1.175467040621302,0.505676974866925,19.940743038858297,0.7362716821055845,2.2475310608474035,1.3933523481404084,0.011138175003004,0.8194577161968466,0.0560332179708257,0.0,0.0003421782706035,0.2833806242399675,0.1124040823053207,0.3926811115947931,0.0045622455091023,27.938082314457024,0.0096540262304802,0.0098774564782685,-48.15152282235072,-65652000.0,3078639000.0,-3518768000.0,6392708000.0,0.0,12693000.0,0.0,0.0,5.314506452840127,0.0,0.0,16.934780453959757,0.0,0.0229526994678891,0.37256521623278,2014-10-29,1.22,amc,176683146.0,2025-04-25,2014-09-30,0.0491803278688525,71.21046875,414129.109375
2014-06-30,MAA,USD,912595,2014-08-01,2014-08-01 15:28:10,2014,Q2,244554000.0,167253000.0,77301000.0,0.316089698,0,14791000.0,0.0,14791000.0,162041000.0,14791000.0,182044000.0,921000.0,30163000.0,69631000.0,131788000.0,0.538891206,57617000.0,0.2356003173,-24178000.0,26906000.0,0.1100206907,523000.0,31613000.0,0.1292679735,0.42,0.42,74948000,74948000,https://www.sec.gov/Archives/edgar/data/912595/000091259514000020/0000912595-14-000020-index.htm,https://www.sec.gov/Archives/edgar/data/912595/000091259514000020/maa630201410q.htm,3.2629823344185303,0.4217991140524096,1.4753295618295352,1.0393739659497252,0.3532315738912313,40.86311842877728,40.80833377808614,38.698057319741686,46.77344292042483,5474951400.0,8924046400.0,43.29667699996837,22.38749478642754,49.51436064862127,70.28269169052234,1.8876916584320056,1.8876916584320056,36.49110789437098,67.71516678301515,80.70728297143064,114.5591907469929,0.0057741151821,0.0142282541540003,1.1982769618203646,0.5123619348674452,26.17154065620542,0.5758833653943505,1.9101879786493383,3.311957107769724,0.0100006367179807,1.7319773510897416,0.0604815296417151,0.0,0.0006053260733517,0.2954970924185832,0.1336064836396051,0.4626079569587993,0.0044857168559909,19.164110769687937,0.0085590848304701,0.0046633618600932,-49.28801302236217,-92158000.0,3058503000.0,-3595376000.0,6433286000.0,0.0,15235500.0,0.0,0.0,8.231421857903893,0.0,0.0,10.933712492645617,0.0,0.0108997490640758,0.43595559587981,2014-07-30,1.24,amc,52564285.0,2025-04-25,2014-06-30,-0.0483870967741935,70.73222222222222,460382.9682539682
2014-03-31,MAA,USD,912595,2014-05-02,2014-05-02 16:22:10,2014,Q1,243487000.0,187376000.0,56111000.0,0.2304476214,0,11353000.0,0.0,11353000.0,183034000.0,11353000.0,198729000.0,160000.0,30676000.0,90013000.0,132258000.0,0.5431830036,38829000.0,0.1594705261,-28740000.0,6992000.0,0.0287161122,270000.0,14866000.0,0.0610545943,0.2,0.2,74803000,74803000,https://www.sec.gov/Archives/edgar/data/912595/000091259514000013/0000912595-14-000013-index.htm,https://www.sec.gov/Archives/edgar/data/912595/000091259514000013/maa0331201410q.htm,3.255043246928599,0.1987353448391107,1.5217571487774555,1.3813617100918412,1.6366322206328623,41.20120850768017,41.14631766105637,39.01227223507079,46.70581393794367,5106800810.0,8447958810.0,85.88054638100363,20.9736076669391,44.86261165577341,49.42224726604084,1.7499621552068283,1.7499621552068283,34.695728355107256,63.8748416730935,74.21427024035421,81.75707742185232,0.0029110201382614,0.0202338026965261,1.1866964106728897,0.5103493940091042,25.262426469476328,0.9096546903659504,1.265777806754466,11.12401055408971,0.0107035700105953,3.676913762949011,0.0466267192909683,0.0,0.0006050993101189,0.0922587673062056,0.0431316661669822,0.1148148553061693,0.0038934316821842,13.20776820476746,0.0056796716368587,0.0021921219566539,-47.87594080451319,-19259000.0,3077868000.0,-3509777000.0,6436659000.0,0.0,15120500.0,0.0,0.0,7.288340022201349,0.0,0.0,12.348490839594042,0.0,0.0050941750750025,0.1403954386856142,2014-04-30,1.21,amc,,2025-04-25,2014-03-31,0.0,65.55,503699.7213114754
2013-12-31,MAA,USD,912595,2014-02-21,2014-02-21 16:12:53,2013,Q4,239607000.0,184075000.0,55532000.0,0.231762845,0,12747000.0,0.0,12747000.0,214662000.0,12747000.0,196822000.0,402000.0,30258000.0,89796000.0,105025000.0,0.4383219188,15719000.0,0.0656032587,-33354000.0,-15410000.0,-0.0643136469,224000.0,-9272000.0,-0.0386966992,-0.12,-0.12,74693243,74830726,https://www.sec.gov/Archives/edgar/data/912595/000091259514000003/0000912595-14-000003-index.htm,https://www.sec.gov/Archives/edgar/data/912595/000091259514000003/maa12312013-10k.htm,3.2078805307730445,-0.1241343878990499,1.2827800233549909,1.0414328910581645,1.2019561126834457,41.75192928763315,41.69695778237932,39.51978628106963,46.89816453678414,4536867579.82,7920252579.82,-122.32710256201467,18.934620356750845,47.35028523529719,58.32348922481616,1.536951631469097,1.536951631469097,33.05518027361471,75.41302146936444,82.66192746250587,101.81843703167584,-0.0020437008215187,0.0171457505936477,1.176450381640599,0.5075644646791656,32.215044037134014,0.7794329670925666,0.5194989754775596,-6.49813496100373,0.0114358638613954,-5.595664365832614,0.0531996143685284,0.0,0.0006001235032538,0.1881438188175129,0.075235698456222,0.1990218375322926,0.0022495169172853,,0.0024087435933673,-0.0013559879253896,-48.646435126668685,-48802000.0,3114481000.0,-3550883000.0,6442258000.0,0.0,11015000.0,0.0,0.0,7.366725519489338,0.0,0.0,12.217096966881265,0.0,-0.003141069311868,0.2413471322968263,2014-02-05,0.71,amc,140233333.0,2025-04-25,2013-12-31,0.3380281690140845,62.5125,779147.75
2013-09-30,MAA,USD,912595,2013-11-07,2013-11-07 15:39:10,2013,Q3,136440000.0,89153000.0,47287000.0,0.3465772501,0,9169000.0,0.0,9169000.0,85177000.0,9169000.0,98322000.0,16000.0,14941000.0,33000000.0,65305000.0,0.4786352976,32522000.0,0.2383611844,-15945000.0,16559000.0,0.1213647024,-27725000.0,44284000.0,0.3245675755,1.04,1.04,42702000,42702000,https://www.sec.gov/Archives/edgar/data/912595/000091259513000027/0000912595-13-000027-index.htm,https://www.sec.gov/Archives/edgar/data/912595/000091259513000027/maa930201310q.htm,3.1951665027399185,1.0370474450845393,1.390918458151843,1.0884033534729052,4.492599878225844,24.23914570746101,24.142990960610742,23.31075827830078,43.9122991897335,2668875000.0,4347972000.0,15.066813070183365,19.56079595426561,44.934337907231246,57.42356434365385,2.6811654624800085,2.6811654624800085,31.867282321899737,66.57946558456473,73.20434379998316,93.5510467543086,0.0165927591213526,0.0174144536555664,1.8687684345037647,0.6142814166697212,25.711614730878185,2.061886532754097,2.1766950003346497,3.4395992587444986,0.0111279096997798,0.6706485412338542,0.0672017003811199,0.0,0.0013558954870739,0.2174930549709571,0.094678979771328,0.3808148104474972,0.0040897097625329,23.322160107902523,0.0266627184741178,0.0146434486902274,-42.18430050114749,123439000.0,1030954000.0,-1753513000.0,2842666000.0,0.0,8524000.0,0.0,0.0,7.029152131728601,0.0,0.0,12.803820192445786,0.0,0.0444879326834208,0.3025151046789378,2013-11-06,0.51,amc,99320292.0,2025-04-25,2013-09-30,1.2941176470588234,64.59171875,381104.734375
2013-06-30,MAA,USD,912595,2013-08-02,2013-08-02 15:36:56,2013,Q2,134112000.0,86482000.0,47630000.0,0.3551509186,0,8835000.0,0.0,8835000.0,83093000.0,8835000.0,95317000.0,23000.0,15271000.0,32730000.0,65578000.0,0.4889793605,32569000.0,0.2428492603,-21220000.0,16957000.0,0.1264390957,-42132000.0,59089000.0,0.4405944285,1.38,1.37,42690000,42690000,https://www.sec.gov/Archives/edgar/data/912595/000091259513000021/0000912595-13-000021-index.htm,https://www.sec.gov/Archives/edgar/data/912595/000091259513000021/maa630201310q.htm,3.1415319747013357,1.384141485125322,1.575661747481846,1.2525650035137037,0.4563129538533614,23.83035839775123,23.73417662215976,23.092480674631062,39.98154134457718,2876025300.0,4558774300.0,12.168192472372183,21.44495123478883,42.7566386679551,53.78563173249551,2.917399864883782,2.917399864883782,33.99229226318301,69.51682423983652,67.77334869545827,85.25535420406942,0.0205453686377515,0.0185923260132656,1.7158755470076628,0.5968283303642593,25.660267162768,0.2600569714860533,2.13273524981992,3.756352264477578,0.0103257088871923,0.5025808526121613,0.0658777738010021,0.0,0.001448724638939,0.2050546346539805,0.1028468742543545,0.4056884026000765,0.0040339417800047,26.817407800993028,0.0397817067053007,0.0208786863836789,-42.10398219723589,-78707000.0,1013212000.0,-1789237000.0,2663668000.0,0.0,7878500.0,0.0,0.0,10.495247565967484,0.0,0.0,8.575309866137829,0.0,0.0599390556877638,0.3230967439681424,2013-07-31,0.49,amc,42488157.0,2025-04-25,2013-06-30,2.1020408163265305,68.8065625,464472.9375
2013-03-31,MAA,USD,912595,2013-05-03,2013-05-03 17:19:36,2013,Q1,133367000.0,86210000.0,47157000.0,0.353588219,0,8570000.0,0.0,8570000.0,82971000.0,8570000.0,94780000.0,47000.0,15716000.0,33433000.0,70174000.0,0.5261721415,38577000.0,0.2892544632,-16401000.0,21951000.0,0.1645909408,771000.0,21180000.0,0.1588099005,0.5,0.5,42354000,44149000,https://www.sec.gov/Archives/edgar/data/912595/000091259513000011/0000912595-13-000011-index.htm,https://www.sec.gov/Archives/edgar/data/912595/000091259513000011/maa331201310q.htm,3.148864333947207,0.5000708315625443,0.9944043065590028,0.7889691646597724,0.200642206167068,22.84327336261038,22.74632856400812,22.13191197997828,40.30242716154319,2931320339.9999995,4614349340.0,34.60009844192634,21.97935276342723,69.59945722629816,87.72205949245868,3.127158650486732,3.127158650486732,34.59888383183246,65.75582608943483,109.56025690338818,138.08802190567394,0.0072254129686829,0.0113996411596557,1.8042437658354449,0.6094587835422457,23.98365491492575,0.0963325661180353,2.4546322219394248,1.913974096796183,0.0100357506474369,1.3889518413597737,0.0642587746593985,0.0,0.0014796353740241,0.2065911627133936,0.0652410266407732,0.2541402576160294,0.0047238072386722,15.780344787984747,0.013294058223628,0.0076437203481032,-42.47546866883883,-83235000.0,963398000.0,-1798631000.0,2635187000.0,0.0,5129000.0,0.0,0.0,5.921354831226076,0.0,0.0,15.19922425952045,0.0,0.0225950126683557,0.2054351418992303,2013-05-01,1.19,amc,109994000.0,2025-04-25,2013-03-31,0.0504201680672269,67.4945,287905.7
2012-12-31,MAA,USD,912595,2013-02-22,2013-02-22 16:36:58,2012,Q4,132422000.0,178891000.0,-46469000.0,-0.3509160109,0,3326000.0,5600000.0,8926000.0,-92687000.0,-83761000.0,95130000.0,87000.0,15773000.0,34504000.0,66478000.0,0.5020162813,37285000.0,0.2815619761,-13032000.0,22307000.0,0.1684538823,-22307000.0,22307000.0,0.1684538823,1.05,1.05,42254000,42683322,https://www.sec.gov/Archives/edgar/data/912595/000091259513000003/0000912595-13-000003-index.htm,https://www.sec.gov/Archives/edgar/data/912595/000091259513000003/maa12312012-10k.htm,3.133951815212761,0.5279263501680315,1.2530411322005015,1.2530411322005015,0.2215884886637951,22.478889572584844,22.3438491030435,21.74385856960288,39.98724381123681,2735946500.0,4400719500.0,30.66242098892724,20.66081542341907,51.674281343255394,51.674281343255394,2.9778523343836563,2.9778523343836563,33.23254066544834,66.19813321700413,83.11712877271182,83.11712877271182,0.0081533027052977,0.0193519865976911,1.821845629731215,0.6084357056968421,25.04246517644935,0.0808061812681411,2.363849616433145,-2.8731278489255483,0.0101953747999092,1.250459497018873,0.0251166724562383,0.0,0.0020741035844988,0.0,0.0,0.0,0.0037984624911268,16.071123408071298,0.0281209142747673,0.0081253401190808,-42.40739338287499,-112422000.0,944117000.0,-1791362000.0,2581313000.0,0.0,5111500.0,0.0,0.0,2.3072150080216445,0.0,0.0,39.00806803314436,0.0,0.0242793314939075,0.0,2013-02-06,1.15,amc,103782222.0,2025-04-25,2012-12-31,-0.0173913043478261,63.37903225806452,239494.5322580645
2012-09-30,MAA,USD,912595,2012-11-02,2012-11-02 15:14:22,2012,Q3,127110000.0,52832000.0,74278000.0,0.5843600031,0,3527000.0,5460000.0,8987000.0,31984000.0,40971000.0,93803000.0,89000.0,14698000.0,33350000.0,63086000.0,0.4963102824,31964000.0,0.2514672331,-29380000.0,30866000.0,0.2428290457,-30866000.0,30866000.0,0.2428290457,0.74,0.74,41405000,43221000,https://www.sec.gov/Archives/edgar/data/912595/000091259512000012/0000912595-12-000012-index.htm,https://www.sec.gov/Archives/edgar/data/912595/000091259512000012/maa2012930-10q.htm,3.069919091897114,0.7454655234875015,1.38043714527231,-4.247941069919092,0.3241637483395725,22.349281487743028,22.25011472044439,21.595821760656925,41.56396570462505,2655716700.0,4348552700.0,21.510049083133545,20.893058767996223,46.46354252322551,-15.099079517414689,2.970018956020913,2.970018956020913,34.21094091731571,68.93055035982627,76.08084224154521,-24.7237000102339,0.0116224746412145,-0.0662292028362814,1.908192467917354,0.6146827891427264,26.8337824556954,0.1379507459329784,2.1747176486596818,1.7818130806159984,0.0102130622592387,0.8787338819412946,0.0277476201715049,0.0,0.0014791945486673,4.07724338226289,1.8333962709464244,6.987796101949026,0.0039257336165525,19.032240091851907,0.0239509381920578,0.0111360093284733,-44.36761260717304,-91991000.0,921266000.0,-1835742000.0,2605067000.0,0.0,5609500.0,0.0,0.0,9.602702907328892,0.0,0.0,9.372361185027495,0.0,0.0345189700002795,5.628378215191402,2012-11-01,1.1,amc,123200000.0,2025-04-25,2012-09-30,0.009090909090909,68.01333333333334,213059.03174603172
2012-06-30,MAA,USD,912595,2012-08-03,2012-08-03 12:49:20,2012,Q2,123922000.0,50908000.0,73014000.0,0.5891932022,0,3462000.0,5570000.0,9032000.0,31549000.0,40581000.0,91489000.0,112000.0,14270000.0,32792000.0,62160000.0,0.5016058488,31568000.0,0.2547408854,-14846000.0,16458000.0,0.1328093478,-11702000.0,28160000.0,0.2272397153,0.69,0.69,40983000,41028000,https://www.sec.gov/Archives/edgar/data/912595/000091259512000008/0000912595-12-000008-index.htm,https://www.sec.gov/Archives/edgar/data/912595/000091259512000008/maa2012630-10q.htm,3.02374155137496,0.6871141692897055,1.5378083595637215,-1.3251104116340922,0.545128467901325,21.129809921186837,21.029622038406167,20.481345923919672,39.13063953346509,2796679920.0,4363759920.0,24.82847940340909,22.568066364325947,44.374840060929166,-51.49759552175594,3.331812286823599,3.331812286823599,35.21376285082552,70.20205791505792,69.23965346534654,-80.35354411033569,0.0100690821994388,-0.0194183823510271,1.8935496975769224,0.6115302752350055,25.21042471042471,0.2447473383373637,2.2121934127540293,2.1384364820846904,0.0096575227672103,0.9591264204545454,0.0279369280676554,0.0,0.0015797849091681,1.8616876110687992,0.9468133180549057,3.578037326177117,0.0033650199318926,17.794465917388646,0.0215746514870693,0.0108517130369305,-41.74374740746163,-72144000.0,861857000.0,-1709746000.0,2445466000.0,0.0,4791500.0,0.0,0.0,9.868390036929362,0.0,0.0,9.120028663561447,0.0,0.033548291789127,2.8629187711978137,2012-08-02,0.39,amc,106167790.0,2025-04-25,2012-06-30,1.8974358974358967,67.2984126984127,349760.34920634923
2012-03-31,MAA,USD,912595,2012-05-04,2012-05-04 12:57:14,2012,Q1,119631000.0,49842000.0,69789000.0,0.5833688592,0,3447000.0,5454000.0,8901000.0,30643000.0,38910000.0,88752000.0,108000.0,14350000.0,30643000.0,60899000.0,0.509057017,30879000.0,0.258118715,-14723000.0,15851000.0,0.1324991014,-8039000.0,23890000.0,0.1996974028,0.6,0.6,39505000,41543000,https://www.sec.gov/Archives/edgar/data/912595/000091259512000003/0000912595-12-000003-index.htm,https://www.sec.gov/Archives/edgar/data/912595/000091259512000003/maa2012331-10q.htm,3.028249588659663,0.6047335780280977,0.9578534362738894,0.5742311099860777,1.0587520567016833,21.86351094798127,21.75957473737501,21.12456651056828,39.34706999114036,2648020150.0,4146250150.0,27.710549916282964,22.13489939898521,69.97939085623679,116.73000440819924,3.173082863805322,3.173082863805322,34.658659962718694,68.08404325194174,109.57320692389008,182.77496804055545,0.0090218346714619,0.0085667777112647,1.8454260262712008,0.6093415789286265,24.60188180429892,0.7738200819770369,2.1518466898954705,1.5094941758417106,0.0097140499478449,1.0767266638760988,0.0288136018256137,0.0,0.0016245880169818,0.4005021141649049,0.1266812113916961,0.4803638784113601,0.0068042564218304,16.95380578307245,0.0190426105392616,0.0094677454638838,-41.054701936463736,-18872000.0,859612000.0,-1599126000.0,2385932000.0,0.0,3046000.0,0.0,0.0,7.224629830263633,0.0,0.0,12.457385653586604,0.0,0.0286270289961007,0.3836223262878117,2012-05-03,0.34,amc,104501194.0,2025-04-25,2012-03-31,2.294117647058824,63.24145161290323,387556.2903225807
2011-12-31,MAA,USD,912595,2012-02-24,2012-02-24 16:25:42,2011,Q4,115826000.0,47871000.0,67955000.0,0.586699014,0,38823000.0,-29287000.0,9536000.0,30633000.0,40169000.0,88040000.0,117000.0,14997000.0,31854000.0,59640000.0,0.5149102965,26798000.0,0.2313642878,-1462000.0,18758000.0,0.1619498213,-18758000.0,18758000.0,0.1619498213,0.95,0.95,38144000,39505000,https://www.sec.gov/Archives/edgar/data/912595/000114420412010851/0001144204-12-010851-index.htm,https://www.sec.gov/Archives/edgar/data/912595/000114420412010851/v300889_10k.htm,3.03654572147651,0.4917680369127516,1.1293257130872485,-1.9535444630872485,1.502647860738255,19.490929110738257,19.383284395973156,18.832083682885905,43.64387583892618,2385907200.0,3978345200.0,31.79852862778548,20.599064113411497,55.38703252315621,-32.0187234956251,3.321459327246074,3.321459327246074,34.34760071141194,66.70598926894702,92.35427722450495,-53.38914058725643,0.0078619989914108,-0.0312317260285731,2.2966501515318147,0.6519564760352631,26.70083836351442,0.6255156754682386,1.7868907114756285,2.1597894209074955,0.0099320711216261,1.263300991576927,0.3351838101980557,0.0,0.0016226247476751,2.729832625298884,1.0152556420838157,3.691624285803981,0.0092725294838809,14.435126550656316,0.021995691641711,0.0074249058527637,-45.34629299496644,-35130000.0,739356000.0,-1728327000.0,2375778000.0,0.0,2589500.0,0.0,0.0,3.931190073322053,0.0,0.0,22.893830703012917,0.0,0.0261133098808209,3.0828701761744965,2012-02-02,0.32,amc,73795918.0,2025-04-25,2011-12-31,2.34375,59.42841269841269,428162.4603174603
2011-09-30,MAA,USD,912595,2011-11-04,2011-11-04 12:38:13,2011,Q3,115827000.0,50918000.0,64909000.0,0.560396108,0,3996000.0,4904000.0,8900000.0,29343000.0,38243000.0,89161000.0,108000.0,15487000.0,30157000.0,55544000.0,0.4795427664,26074000.0,0.2251115888,-24795000.0,13791000.0,0.1190655029,-13791000.0,13791000.0,0.1190655029,0.37,0.37,37274000,39300000,https://www.sec.gov/Archives/edgar/data/912595/000114420411061338/0001144204-11-061338-index.htm,https://www.sec.gov/Archives/edgar/data/912595/000114420411061338/v237491_10q.htm,3.107447550571444,0.369989805226163,1.2249825615710683,-1.250791436389977,0.6506948543220475,18.19764447067661,18.087487256532704,17.559183344958953,43.01593604120835,2244640280.0,3808275280.0,40.69031034732797,19.37924905246618,49.15988348664038,-48.1455167088499,3.429544462116941,3.429544462116941,32.87899436228168,68.5632161889673,83.4050652650022,-81.68408219295611,0.0061439688679203,-0.0207703659314177,2.426106300830709,0.6583214035332109,28.151285467377217,0.3856240994329667,1.6836056047007166,3.159642931285032,0.010365580715677,1.6871147850047132,0.0344997280426843,0.0,0.0017023026690828,2.021068769163381,0.7967226985072565,3.060052392479358,0.0238200074248663,12.090333890301237,0.0225206861407175,0.0057273473672931,-45.86237055320062,-59267000.0,674193000.0,-1696528000.0,2257430000.0,0.0,2957000.0,0.0,0.0,5.458187674299855,0.0,0.0,16.4889896373057,0.0,0.0210710144063951,2.475773997961045,2011-11-03,0.3,amc,139250000.0,2025-04-25,2011-09-30,2.333333333333333,67.785625,385458.3125
2011-06-30,MAA,USD,912595,2011-08-09,2011-08-09 13:46:21,2011,Q2,110489000.0,47413000.0,63076000.0,0.5708803591,0,5439000.0,5194000.0,10633000.0,28021000.0,38654000.0,86067000.0,114000.0,14149000.0,28862000.0,49846000.0,0.4511399325,22902000.0,0.2072785526,-15007000.0,7669000.0,0.0694096245,241000.0,7428000.0,0.0672284119,0.2,0.2,36836000,38923000,https://www.sec.gov/Archives/edgar/data/912595/000114420411044820/0001144204-11-044820-index.htm,https://www.sec.gov/Archives/edgar/data/912595/000114420411044820/v229577_10q.htm,2.999484200238897,0.2016505592355304,1.4184221956781409,-3.331713541101097,0.3485177543707243,17.38245194918015,17.270984906070147,16.767292865674882,42.08065479422304,2485324920.0,4008420920.0,83.64717689822294,22.493867443817937,47.566937549044006,-20.250840646312547,4.023905381775792,4.023905381775792,36.27891391903266,80.41609998796292,76.71765813699784,-32.661280076918686,0.0029887440230551,-0.0493806660901303,2.486778706042355,0.6638945572570986,30.55603258034747,0.1696236968936524,1.61863029189342,6.803255208333334,0.0092494948306396,3.094776521270867,0.0492266198445094,0.0,0.0017747839764583,3.3488870600394267,1.5836508611717004,6.062504330954196,0.0076206681208084,8.722127872409253,0.0099550586237114,0.0032163989581777,-45.07500814420676,-70812000.0,636194000.0,-1658756000.0,2169116000.0,0.0,2720500.0,0.0,0.0,5.364351549153186,0.0,0.0,16.777423920736023,0.0,0.0120264231591218,4.750135736779238,2011-08-04,0.27,amc,138915000.0,2025-04-25,2011-06-30,2.444444444444444,65.93793650793651,252329.68253968252
2011-03-31,MAA,USD,912595,2011-05-05,2011-05-05 16:17:21,2011,Q1,107338000.0,45600000.0,61738000.0,0.5751737502,0,4610000.0,5144000.0,9754000.0,27741000.0,37495000.0,83095000.0,235000.0,13990000.0,28456000.0,51011000.0,0.4752371015,24024000.0,0.2238163558,-14583000.0,9155000.0,0.0852913227,311000.0,8844000.0,0.0823939332,0.25,0.24,35706000,37904000,https://www.sec.gov/Archives/edgar/data/912595/000114420411026463/0001144204-11-026463-index.htm,https://www.sec.gov/Archives/edgar/data/912595/000114420411026463/v219516_10q.htm,3.006161429451633,0.2476894639556377,0.8766593849773148,-0.3195261300621744,1.3225228252954686,17.455553688455723,17.34055900969025,16.80403853694057,41.05113986444855,2292325200.0,3696885200.0,64.79888059701493,21.35613855298217,73.23254744105807,-200.92253484091503,3.8205101624153137,3.8205101624153137,34.441532355736086,72.47231381466743,118.10380167401443,-324.0323604172145,0.0038580913388728,-0.0049770425243329,2.419616503195807,0.6593773035684845,27.53445335319833,0.6484449010634181,1.71722659042173,3.419115237575096,0.0096303962456984,2.4961555857078244,0.0429484432353872,0.0,0.0018648827499254,1.364481502779375,0.3979112709385306,1.500948833286477,0.0078630121671728,9.677247759247228,0.0109121179790059,0.0040243151633956,-42.88514535372207,-26348000.0,619162000.0,-1529880000.0,2068691000.0,0.0,2215000.0,0.0,0.0,5.161184210526316,0.0,0.0,17.437858508604208,0.0,0.0147398771676902,1.1961855150394891,2011-05-05,0.21,amc,90650000.0,2025-04-25,2011-03-31,3.666666666666667,62.20887096774193,289713.6129032258
2010-12-31,MAA,USD,912595,2011-02-24,2011-02-24 17:05:01,2010,Q4,104480000.0,-31212000.0,135692000.0,1.2987366003,0,28540000.0,-20332000.0,8208000.0,104064000.0,112272000.0,81060000.0,219000.0,14514000.0,28285000.0,51705000.0,0.4948794028,66076000.0,0.6324272588,-59136000.0,6940000.0,0.066424196,-6940000.0,6940000.0,0.066424196,0.2,0.19,34307000,35706334,https://www.sec.gov/Archives/edgar/data/912595/000114420411010787/0001144204-11-010787-index.htm,https://www.sec.gov/Archives/edgar/data/912595/000114420411010787/v207790_10k.htm,3.045442621039438,0.2022910776226426,0.7906841169440639,-1.2923893083044278,1.339143615005684,15.758533243944385,15.638849214446031,15.113621126883729,44.151543416795406,2178151430.0,3632402430.0,78.4636682276657,20.847544314701377,80.29755326992553,-49.12606409851595,4.200846340329757,4.200846340329757,34.766485738897394,70.25244038294169,133.90851692103516,-81.92526568631874,0.0031861880236673,-0.0203557931690727,2.8933159499559307,0.6894117225355323,28.125925925925927,0.6259529902128894,4.552569932478986,3.786960770626832,0.0076574106695602,2.403314121037464,0.2731623277182236,0.0,0.0018869069064652,2.634520386345204,0.6839969372128637,2.526568852748807,0.0105091883614088,8.293997278278855,0.0629225124438515,0.0031952971119854,-46.33101116390241,-28358000.0,536522000.0,-1587964000.0,2043883000.0,0.0,1957000.0,0.0,0.0,-5.23356401384083,0.0,0.0,-17.196694214876032,0.0,0.0133846862988256,2.083073425248492,2011-02-03,0.22,amc,113739999.0,2025-04-25,2010-12-31,3.318181818181818,61.5996875,238726.28125
2010-09-30,MAA,USD,912595,2010-11-04,2010-11-04 17:14:52,2010,Q3,101384000.0,71606000.0,29778000.0,0.2937149846,0,2957000.0,4547000.0,7504000.0,68649000.0,7504000.0,79110000.0,217000.0,13598000.0,27141000.0,49304000.0,0.4863094768,7255000.0,0.0715596149,-224000.0,6749000.0,0.0665686893,-6749000.0,6749000.0,0.0665686893,0.2,0.2,33312000,33413000,https://www.sec.gov/Archives/edgar/data/912595/000114420410057679/0001144204-10-057679-index.htm,https://www.sec.gov/Archives/edgar/data/912595/000114420410057679/v200803_10q.htm,3.0434678194044187,0.2025996637848222,1.1933237271853987,-3.501140730067243,3.00465297790586,14.573817243035542,14.450558357348704,13.972442363112393,46.974093419788666,1941423360.0,3392535360.0,71.91522299599941,19.149208553617928,48.83838196820286,-16.646003258166854,4.171067483080889,4.171067483080889,33.4622362502959,68.80852182378712,85.3425075467901,-29.088016462316727,0.0034763154389983,-0.0600744806119979,3.3326952411644646,0.708360066506808,29.431932500405647,1.2482436167492603,0.5335343432857773,5.70084612075147,0.0115822238792882,3.331752852274411,0.0291663378836897,0.0,0.0018750134141546,3.933940430670155,1.5424721849601517,5.7618363361703695,0.0077329756174544,7.980806526469365,0.0068842095874123,0.0030877343880461,-48.1591318443804,20388000.0,481377000.0,-1601851000.0,2036510000.0,0.0,1791000.0,0.0,0.0,2.638186744127587,0.0,0.0,34.11434016198189,0.0,0.0144999462885379,4.694464457252642,2010-11-04,0.12,amc,108218181.0,2025-04-25,2010-09-30,6.666666666666667,55.88328125,369681.90625
2010-06-30,MAA,USD,912595,2010-08-05,2010-08-05 17:06:33,2010,Q2,98901000.0,67595000.0,31306000.0,0.316538761,0,3110000.0,4479000.0,7589000.0,64485000.0,7589000.0,75184000.0,86000.0,13993000.0,25591000.0,46378000.0,0.46893358,23231000.0,0.2348914571,-16330000.0,6660000.0,0.0673400673,-6660000.0,6660000.0,0.0673400673,0.22,0.22,30628000,30736000,https://www.sec.gov/Archives/edgar/data/912595/000114420410041637/0001144204-10-041637-index.htm,https://www.sec.gov/Archives/edgar/data/912595/000114420410041637/v191856_10q.htm,3.229104087762831,0.2174480867180357,1.3642092203212746,-1.4240564189630402,0.8242457881676897,16.256497322711244,16.12243698576466,15.539343084759045,44.964999347002745,1576423160.0,2914373160.0,59.175043543543545,15.939405668294556,37.72881698298351,-36.1432309244314,3.312237828797388,3.312237828797388,29.467580307580302,62.839560998749405,69.75021324462102,-66.81890040352164,0.00422475396771,-0.0276676980564025,2.864222095688733,0.6822647549303219,28.848807624304627,0.3759534526928254,1.6601872364753805,6.064296081277213,0.0146045811709591,3.456906906906907,0.0314455870011425,0.0,0.0020550097995839,2.043869516310461,0.863479641257419,3.337071626743777,0.0079170079170079,8.719375522897835,0.0240866418207182,0.0033401239155881,-48.15511949849811,-43116000.0,493798000.0,-1474165000.0,1884949000.0,0.0,1320500.0,0.0,0.0,1.9745543309416376,0.0,0.0,45.57990559676332,0.0,0.013993389909211,2.788265639284315,2010-08-05,0.11,amc,270600000.0,2025-04-25,2010-06-30,6.272727272727273,53.29666666666667,465650.38095238095
2010-03-31,MAA,USD,912595,2010-05-06,2010-05-06 17:10:36,2010,Q1,97464000.0,66631000.0,30833000.0,0.3163527046,0,2811000.0,4277000.0,7088000.0,63820000.0,7088000.0,73719000.0,315000.0,13891000.0,25675000.0,49415000.0,0.5070077157,23769000.0,0.2438746614,0.0,9412000.0,0.0965689896,-9412000.0,9412000.0,0.0965689896,0.32,0.32,29129793,29203673,https://www.sec.gov/Archives/edgar/data/912595/000114420410025042/0001144204-10-025042-index.htm,https://www.sec.gov/Archives/edgar/data/912595/000114420410025042/v183466_10q.htm,3.345852818109624,0.3231056259136479,0.8627936353684353,0.5273295282256211,1.1098259434936597,16.011339318477134,15.870383974235589,15.225305583187632,47.12096649639769,1508631979.47,2835035979.4700003,40.072035153793024,15.478863780164984,60.0259411717662,98.2118338304798,3.4015737626434577,3.4015737626434577,29.088032293667407,57.37197165779622,112.8013360709028,184.56063924679384,0.0062387647405608,0.0101820723735397,3.063590448918852,0.6946519692575273,26.84213295558029,0.4987446063175619,1.7111079115974372,2.5518326733678545,0.0149599109041349,2.397896302592436,0.0288414183698596,0.0,0.0020991916629473,0.38881152269924,0.1002626610851186,0.380603700097371,0.003570549125831,10.520745816200671,0.0251593297196368,0.004822005394785,-50.02627378780206,-33340000.0,462301000.0,-1456411000.0,1839890000.0,0.0,1430000.0,0.0,0.0,1.5641368131950593,0.0,0.0,57.53972366148532,0.0,0.021221618452797,0.3354641071428142,2010-05-06,0.12,amc,90458775.0,2025-04-25,2010-03-31,7.25,50.02344262295082,352839.95081967214
2009-12-31,MAA,USD,912595,2010-02-25,2010-02-25 17:21:49,2009,Q4,95987000.0,137038000.0,-41051000.0,-0.4276724973,0,28726000.0,-21243000.0,7483000.0,-71316000.0,-63833000.0,73205000.0,76000.0,14022000.0,25296000.0,48078000.0,0.5008803275,21971000.0,0.2288955796,-1281000.0,9306000.0,0.0969506287,-9306000.0,9306000.0,0.0969506287,0.33,0.33,28364000,28364000,https://www.sec.gov/Archives/edgar/data/912595/000114420410009958/0001144204-10-009958-index.htm,https://www.sec.gov/Archives/edgar/data/912595/000114420410009958/v174978_10k.htm,3.3841136652094206,0.3280919475391341,1.0294387251445494,-3.066951064729939,0.4872020871527288,15.978916936962346,15.834155972359328,15.180016922859965,49.83845719926668,1369413920.0,2755190920.0,36.788467655276165,14.266660276912498,46.89934312818932,-15.742018369716408,3.1804971131022888,3.1804971131022888,28.703792388552618,57.30668746620075,94.35908490016782,-31.672137577450545,0.0067956078612082,-0.0635242556903467,3.250595727484288,0.7044381339885828,28.823515953242648,0.2018812298188965,1.5668948794751103,2.985582822085889,0.0163639347261783,2.4080163335482485,0.299269692770896,0.0,0.0020666127783711,3.979245864584404,1.2104764186816963,4.593216318785578,0.00507360371717,10.585836273422526,0.0229390748362389,0.0046935522918011,-53.58133549569877,-56850000.0,449120000.0,-1519220000.0,1872552000.0,0.0,1438500.0,0.0,0.0,1.1177921452443846,0.0,0.0,80.51586368977674,0.0,0.021613411184348,4.096389789874489,2010-02-04,0.12,amc,89087934.0,2025-04-25,2009-12-31,6.666666666666667,45.555625,409299.25
2009-09-30,MAA,USD,912595,2009-09-30,2009-09-29 20:00:00,2009,Q3,94524000.0,41662000.0,52862000.0,0.5592442131,0,0.0,0.0,7170000.0,23913000.0,31083000.0,72745000.0,161000.0,14371000.0,23913000.0,46279000.0,0.4896005247,21749000.0,0.2300897127,-1015000.0,20734000.0,0.219351699,14873000.0,6618000.0,0.0700139647,0.23,0.23,28364000,28441000,,,3.332534198279509,0.2333239317444648,1.3098293611620364,0.7953039063601749,0.5813354956987731,15.937032858553096,15.792271893950078,15.089655901847411,46.83852771118319,1280067320.0,2577735320.0,48.355519794499855,13.542246625195718,34.45486972437554,56.74560333362887,2.990790531842067,2.990790531842067,27.27069654267699,55.699892391797576,69.38348729543497,114.2714478233886,0.0051700405881778,0.0176225106660796,3.070438758606832,0.6873666228701503,28.040104583072235,0.0121245791895625,1.513395031660984,5.401570223902297,0.017187377301375,3.324418253248715,0.0,0.0,0.0021476333143641,0.392818690783807,0.154394651093902,0.5956734693877551,0.0060196352249164,8.900421421653437,0.0133331510196897,0.0034689788999279,-50.886511070370894,-1433182000.0,447932000.0,-1442244000.0,414653000.0,0.0,1545500.0,0.0,0.0,2.538284287840238,0.0,0.0,35.457021276595746,0.0,0.0154625084403614,0.5145254548018615,2009-11-05,0.1,amc,75833333.0,2025-04-25,2009-09-30,7.9,41.565625,389785.34375
2009-06-30,MAA,USD,912595,2009-06-30,2009-06-29 20:00:00,2009,Q2,94433000.0,62611000.0,31822000.0,0.3369796575,0,0.0,0.0,7189000.0,0.0,7189000.0,69800000.0,68000.0,14472000.0,24406000.0,49039000.0,0.5192993975,24526000.0,0.2597185306,-992000.0,23534000.0,0.2492137283,14329000.0,10148000.0,0.1074624337,0.36,0.36,28105000,28184000,,,3.3600071161715,0.3610745418964597,1.492510229496531,0.3267390144102473,0.2163316135918875,15.8559686888454,15.70987368795588,14.98242305639566,47.61145703611457,1031734550.0,2349302550.0,25.41718934765471,10.925572098736671,24.596146327508524,112.35266797342916,2.450204473723583,2.450204473723583,24.877982802621965,47.90682008197557,56.0064498057072,255.8317053250572,0.0098358633041803,0.0089005452032211,3.1434522099073576,0.695144354336407,26.86775831481066,0.0973893270393184,1.6947208402432283,3.913696585183803,0.0213659608471965,2.172250689791092,0.0,0.0,0.0021563608443523,0.7810808877869693,0.3469549839568794,1.3424567729246906,0.00338864591827,11.032672372807411,0.0052287941234611,0.0053409739224895,-51.67842020992706,-62717000.0,441526000.0,-1451735000.0,1785972000.0,0.0,1682000.0,0.0,0.0,2.754148632029516,0.0,0.0,32.67797494780793,0.0,0.0240998762708362,1.1657712150862836,2009-08-06,0.17,amc,64328000.0,2025-04-25,2009-06-30,4.76470588235294,35.68222222222222,803966.7619047619
2009-03-31,MAA,USD,912595,2009-03-31,2009-03-31 00:00:00,2009,Q1,93600000.0,61816000.0,31784000.0,0.3395726496,0,0.0,0.0,6700000.0,0.0,6700000.0,68516000.0,80000.0,14229000.0,24191000.0,49277000.0,0.5264636752,25084000.0,0.267991453,-25084000.0,11139000.0,0.1190064103,-11139000.0,11139000.0,0.1190064103,0.4,0.4,28085000,28165000,,,3.332739896742033,0.3966174114295887,1.0173402171977923,0.7500801139398255,1.697204913654976,15.615310664055546,15.469111625422824,14.731564892291258,48.72618835677408,865860550.0,2172440550.0,19.433085330819644,9.250646901709402,30.304513159736807,41.10227617962594,2.0927851335150915,2.0927851335150915,23.20983493589744,44.08629888183128,76.03389857202856,103.12544146966675,0.0128646581715727,0.0243295528361928,3.2732128700427325,0.6981315228514059,26.5150070012379,0.7470383167767014,1.7628786281537705,2.4121570282819755,0.0254590649729913,1.9789927282520872,0.0,0.0,0.0021166966953034,0.2627047459050819,0.0801923076923076,0.3102806828985986,0.0032371794871794,11.465726776461675,0.0267564521780684,0.0057544806579914,-51.7569165034716,-16399000.0,434450000.0,-1452830000.0,1825089000.0,0.0,1341000.0,0.0,0.0,2.108192053837194,0.0,0.0,42.69060773480663,0.0,0.0269229653692209,0.2672601032579669,2009-05-07,0.16,amc,86872496.0,2025-04-25,2009-03-31,0.7500000000000001,28.88688524590164,856588.1803278689
2008-12-31,MAA,USD,912595,2009-02-25,2009-02-25 10:32:19,2008,Q4,94838000.0,130024000.0,-35186000.0,-0.3710116198,0,25806000.0,-18792000.0,7014000.0,-66373000.0,-59359000.0,70665000.0,170000.0,15826000.0,25108000.0,49281000.0,0.5196334803,24173000.0,0.2548872815,-16440000.0,7733000.0,0.0815390455,-7733000.0,7733000.0,0.0815390455,0.28,0.28,28062000,28085000,https://www.sec.gov/Archives/edgar/data/912595/000120677409000321/0001206774-09-000321-index.htm,https://www.sec.gov/Archives/edgar/data/912595/000120677409000321/mid-america_10k.htm,3.3795880550210247,0.275568384291925,1.1544080963580643,0.593400327845485,0.3358990806072268,15.772824460124012,15.626505594754471,14.686978832584993,47.711567243959806,1042783920.0,2356413920.0,33.71214017845596,10.995422931736222,32.18965642846118,62.62214268556329,2.5301323317465165,2.5301323317465165,24.846727261224405,47.81587061950853,72.74005000771724,141.50936343982704,0.0074157261650141,0.015968792460858,3.2101633887020617,0.6883907271502194,26.655912014772422,0.1442476838278409,1.5274232276001516,3.721424468696151,0.0211242229358504,2.8485710590973747,0.2721061178008815,0.0,0.0021363663561321,0.4859700571075783,0.1659988612159683,0.6270113111358929,0.0034058077985617,9.542720162933934,0.0260802626475463,0.0040321214026756,-52.38087092865797,-58376000.0,438511000.0,-1469498000.0,1790237000.0,0.0,1814500.0,0.0,0.0,0.8541500030763552,0.0,0.0,105.3679092382496,0.0,0.0187627685334808,0.5610077685125793,2009-02-05,0.28,bmo,164500000.0,2025-04-25,2008-12-31,-0.4285714285714286,35.9715625,638446.375
2008-09-30,MAA,USD,912595,2008-11-06,2008-11-06 17:05:25,2008,Q3,93415000.0,40802000.0,52613000.0,0.5632178986,0,8747000.0,-1521000.0,7226000.0,22558000.0,29726000.0,70528000.0,115000.0,15004000.0,22558000.0,46019000.0,0.4926296633,22887000.0,0.2450034791,-1720000.0,6193000.0,0.0662955628,-6193000.0,6193000.0,0.0662955628,0.23,0.22,27474000,27597000,https://www.sec.gov/Archives/edgar/data/912595/000091259508000107/0000912595-08-000107-index.htm,https://www.sec.gov/Archives/edgar/data/912595/000091259508000107/form10-q.htm,3.4001237533668194,0.2254131178568828,1.246232801921817,-2.8905510664628378,1.5894664046007134,18.565734876610613,18.41628448715149,17.415228943728618,49.90915046953483,1350072360.0,2662603360.0,54.49993379622154,14.45241513675534,39.43083501270481,-17.000218598501544,2.82166833171009,2.82166833171009,28.50295305893058,57.85878354592669,77.76521977861503,-33.52771340426872,0.0045871615355491,-0.0588227730252917,2.834475176919572,0.6866713754439795,28.521501988309176,0.483657163609951,1.5253932284724074,6.557939092127945,0.0160006238480432,3.4881317616663976,0.0936359257078627,0.0,0.0020789504996113,3.319431058150063,1.2166568538243323,5.038301267842894,0.0069260825349247,9.398216518251704,0.0244009704095454,0.0031421730564622,-51.73221955303196,-51183000.0,505969000.0,-1417017000.0,1806770000.0,0.0,1973500.0,0.0,0.0,5.282829273074849,0.0,0.0,17.03632567849687,0.0,0.0129434484372975,4.136783868384654,2008-11-06,0.25,bmo,213181818.0,2025-04-25,2008-09-30,-0.56,52.3378125,408967.140625
2008-06-30,MAA,USD,912595,2008-07-31,2008-07-31 17:18:45,2008,Q2,92834000.0,38680000.0,54154000.0,0.5833423099,0,5751000.0,1467000.0,7218000.0,22420000.0,29638000.0,68318000.0,116000.0,15145000.0,22906000.0,46462000.0,0.5004847362,24516000.0,0.2640842795,-70000.0,8644000.0,0.0931124373,-8644000.0,8644000.0,0.0931124373,0.32,0.32,26599000,26761000,https://www.sec.gov/Archives/edgar/data/912595/000091259508000101/0000912595-08-000101-index.htm,https://www.sec.gov/Archives/edgar/data/912595/000091259508000101/form10-q.htm,3.490131207940148,0.3249746231061318,1.5078386405503967,-0.3384337757058536,0.3750892890710177,18.774991541035376,18.62062483552013,17.591450806421292,47.3315538178127,1357612960.0,2591462960.0,39.26460434983804,14.624092035245708,33.84977584960231,-150.8123705843146,2.9014093585373413,2.9014093585373413,27.91501992804361,55.77596659635832,64.61373226618795,-287.8763563652521,0.0063670576627376,-0.0066307557936099,2.65823279869207,0.6754925563291975,26.55611036976454,0.1586426347773144,1.6187520633872563,4.576335006846189,0.0153504721993814,2.410920869967608,0.0619492858220048,0.0,0.0022298699387355,1.22444959732715,0.528997996423724,2.1439360866148607,0.0018204537130792,11.34140377790172,0.0279494183474775,0.0047048398781444,-50.07669461257942,-73241000.0,495290000.0,-1328157000.0,1711315000.0,0.0,1560500.0,0.0,0.0,3.6111685625646337,0.0,0.0,24.922680412371133,0.0,0.018473440689014,1.8462724162562505,2008-07-31,0.17,bmo,77690000.0,2025-04-25,2008-06-30,0.1764705882352941,54.13734375,323208.625
2008-03-31,MAA,USD,912595,2008-05-01,2008-05-01 17:06:06,2008,Q1,92144000.0,107792000.0,-15648000.0,-0.1698211495,0,2920000.0,0.0,2920000.0,56964000.0,59884000.0,59884000.0,108000.0,7679000.0,22896000.0,47649000.0,0.5171145164,25082000.0,0.2722043758,-17074000.0,7679000.0,0.0833369509,-7679000.0,7679000.0,0.0833369509,0.3,0.3,25628000,25797000,https://www.sec.gov/Archives/edgar/data/912595/000091259508000066/0000912595-08-000066-index.htm,https://www.sec.gov/Archives/edgar/data/912595/000091259508000066/form10-q.htm,3.595442484782269,0.2996332136725456,1.2169502107070391,-0.197089121273607,0.2754409239893866,16.123692835960668,15.963477446542845,14.998439207117215,49.9239893866084,1277299520.0,2542013520.0,41.58417502278943,13.861993401632228,40.954839040656665,-252.88052266877847,3.323012435610594,3.323012435610594,27.58740145858656,53.34872757035824,81.50614082339361,-503.2693565630568,0.0060119023610061,-0.0039544366226646,3.308634684426869,0.7065860911036489,26.54229889399568,4.499043977055449,3.2663107175413466,4.061466336762599,0.0160627947311841,2.6718322698268,0.031689529432193,0.0,0.0022812581255236,1.1619533153777093,0.393286594894947,1.5827655485674357,0.0022898940788331,10.055629624407857,0.0277859324439146,0.0042761410374779,-53.83201966599032,5490000.0,409112000.0,-1379607000.0,1760140000.0,0.0,1334000.0,0.0,0.0,1.3100230072732668,0.0,0.0,68.70108349267049,0.0,0.0199776263073,1.414039331980646,2008-05-01,0.14,bmo,74694117.0,2025-04-25,2008-03-31,0.2142857142857142,47.005901639344266,394718.37704918033
2007-12-31,MAA,USD,912595,2008-02-27,2008-02-27 17:23:17,2007,Q4,91023000.0,0.0,91023000.0,1.0,0,3179000.0,0.0,3179000.0,55003000.0,58182000.0,58182000.0,0.0,7604000.0,22476000.0,55317000.0,0.6077255199,24894000.0,0.2734913154,-5109000.0,7604000.0,0.0835393252,-7604000.0,7604000.0,0.0835393252,0.3,0.3,25443000,25628000,https://www.sec.gov/Archives/edgar/data/912595/000120677408000381/0001206774-08-000381-index.htm,https://www.sec.gov/Archives/edgar/data/912595/000120677408000381/midamerica_10k.htm,3.577526235113784,0.298864127657902,1.0548677435836968,0.7120229532680895,0.6757064811539519,16.893605313838776,16.73222497347011,15.758990685060724,50.00290846205243,1087688250.0,2335116250.0,35.760397488164124,11.949597903826506,40.52640746674616,60.04019927136233,2.712737183132314,2.712737183132314,25.654134119947702,42.21335665347,87.00459219792094,128.8980045263855,0.0069909737463836,0.0166555076787857,3.15401191153144,0.7089384478944648,22.55053600159083,15.643312101910828,3.273803261441347,1.601276773462204,0.0186413708155806,2.6664913203577063,0.034925238675939,0.0,0.002301799170545,0.3250121092440106,0.095832921349549,0.3881028652785193,0.0,10.294194120320576,0.0276613062283496,0.0042725918067826,-52.54120976299965,16093000.0,425718000.0,-1336806000.0,1740752000.0,0.0,1515000.0,0.0,0.0,0.0,0.0,0.0,0.0,0.0,0.0189646744281168,0.3428447903156074,2008-02-07,0.13,bmo,77653333.0,2025-04-25,2007-12-31,0.1538461538461537,48.574375,276004.890625
2007-09-30,MAA,USD,912595,2007-11-01,2007-11-01 17:05:05,2007,Q3,90164000.0,307130000.0,-216966000.0,-2.4063484317,0,2401000.0,0.0,2401000.0,56714000.0,59115000.0,59115000.0,4000.0,11900000.0,22573000.0,45260000.0,0.5019741804,24220000.0,0.2686216228,-40000.0,11900000.0,0.1319817222,-11900000.0,11900000.0,0.1319817222,0.47,0.47,25362000,25514000,https://www.sec.gov/Archives/edgar/data/912595/000091259507000119/0000912595-07-000119-index.htm,https://www.sec.gov/Archives/edgar/data/912595/000091259507000119/form10-q.htm,3.555082406750256,0.4692058985884394,1.2697736771547985,-1.2322372052677233,0.1613437426070499,17.98513524170018,17.823239492153615,16.795915148647584,49.658741424177904,1283824440.0,2527328440.0,26.971101680672263,14.23876979725833,39.86537200347783,-41.07975297580955,3.013828038067693,3.013828038067693,28.0303495852003,55.84022182942996,78.47871196124704,-80.86933444259567,0.0092691801380568,-0.0243428922415591,2.9286606350562705,0.6969536820452772,27.474679628811312,2.1191092698083893,2.0352941176470587,5.20594891690915,0.0159071593932266,1.7161344537815126,0.026629253360543,0.0,0.002293858593059,1.970438454850329,0.7037842154296615,2.811146059451558,0.0,13.316031891992765,0.0270288668744608,0.0066633405958146,-52.43143285229871,2161000.0,452033000.0,-1329766000.0,1736163000.0,0.0,1289000.0,0.0,0.0,0.5658515937876469,0.0,0.0,159.0523045054376,0.0,0.027935714989976,2.502010882422522,2007-11-01,0.16,bmo,70607921.0,2025-04-25,2007-09-30,1.0625,49.76476190476191,252422.12698412695
2007-06-30,MAA,USD,912595,2007-08-02,2007-08-02 17:05:35,2007,Q2,86779000.0,202339000.0,-115560000.0,-1.331658581,0,2882000.0,0.0,2882000.0,61583000.0,64465000.0,64465000.0,51000.0,9118000.0,21682000.0,43948000.0,0.5064358889,22262000.0,0.2565367197,404000.0,9118000.0,0.1050715035,-9118000.0,9118000.0,0.1050715035,0.36,0.36,25288000,25464000,https://www.sec.gov/Archives/edgar/data/912595/000091259507000089/0000912595-07-000089-index.htm,https://www.sec.gov/Archives/edgar/data/912595/000091259507000089/form10-q.htm,3.431627649478014,0.3605662764947801,1.5319519139512812,-0.2880022144890857,0.1717415374881366,19.35811452072129,19.19578456184752,18.089291363492567,47.63872192344195,1327114240.0,2518392240.0,36.38720772099144,15.293034489911154,34.25694992256066,-182.22082109021008,2.9011639508396687,2.9011639508396687,29.02075663466968,57.30391007554383,65.00754362416107,-345.7905039132225,0.0068705464271109,-0.0054878470748682,2.6135991010882256,0.6788737544772949,27.10653499590425,6.712519319938176,2.4415441982890984,6.826431718061674,0.0153611493159775,2.235797323974556,0.0332107998478894,0.0,0.0023309189442101,1.1879969024264323,0.5303472038165916,2.1226362881652983,0.0,12.114195792774822,0.0252288639418315,0.0051895187429958,-50.11218759886112,3696000.0,485423000.0,-1267237000.0,1693170000.0,0.0,1168500.0,0.0,0.0,0.2877843618877231,0.0,0.0,312.7341576506955,0.0,0.0199325816169044,1.819954128440367,2007-08-02,0.08,bmo,30290909.0,2025-04-25,2007-06-30,1.7500000000000002,55.25174603174603,219085.7142857143
2007-03-31,MAA,USD,912595,2007-05-03,2007-05-03 17:04:48,2007,Q1,84991000.0,99808000.0,-14817000.0,-0.1743361062,0,2930000.0,0.0,2930000.0,60392000.0,63322000.0,63322000.0,0.0,11324000.0,21849000.0,50606000.0,0.5954277512,21669000.0,0.2549564071,-10345000.0,11324000.0,0.1332376369,-11324000.0,11324000.0,0.1332376369,0.45,0.45,25087000,25289000,https://www.sec.gov/Archives/edgar/data/912595/000091259507000046/0000912595-07-000046-index.htm,https://www.sec.gov/Archives/edgar/data/912595/000091259507000046/for10-q.htm,3.387850281022043,0.4513891657033523,0.8014908119743294,0.673296926695101,0.2541156774425001,19.248654681707656,19.085024116076056,17.94152349822617,47.634711205006575,1411394620.0,2588707620.0,31.159365506888022,16.606400913037852,70.19419207241259,83.55897341779647,3.1357426255112766,3.1357426255112766,30.458608793872298,51.15416393313046,128.74658676082956,153.25958320999348,0.0080232699200738,0.0119675955687006,2.6298392131508845,0.6829837408178232,23.26429672370865,3.772189349112426,1.913546450017661,1.7756093253267398,0.0142929551481498,1.7814376545390322,0.0344742384487769,0.0,0.0023685703124954,0.1599442980056696,0.0378393006318316,0.1471920911712206,0.0,13.498841053012908,0.0249384565985229,0.0065494202455974,-49.58133694742297,4685000.0,478786000.0,-1243847000.0,1660832000.0,0.0,2231500.0,0.0,0.0,1.5239259378005772,0.0,0.0,59.05798816568047,0.0,0.0251589094843578,0.1281938852792283,2007-05-03,0.23,bmo,63064516.0,2025-04-25,2007-03-31,0.3478260869565217,57.46426229508197,208460.6557377049
2006-12-31,MAA,USD,912595,2007-02-28,2007-02-28 17:29:45,2006,Q4,84888000.0,75831000.0,9057000.0,0.1066935256,0,3178000.0,0.0,3178000.0,35358000.0,38536000.0,38536000.0,0.0,4297000.0,22017000.0,68369000.0,0.8054024126,21389000.0,0.2519672981,-18000.0,4297000.0,0.05061964,-4297000.0,4297000.0,0.05061964,0.17,0.17,24599000,25087000,https://www.sec.gov/Archives/edgar/data/912595/000120677407000529/0001206774-07-000529-index.htm,https://www.sec.gov/Archives/edgar/data/912595/000120677407000529/midamerica_10-k.htm,3.4508719866661246,0.1746818976381153,0.9823976584414,-0.2302939143867637,0.376560022765153,19.580714663197693,19.375381113053376,18.255457538924347,48.80873206227896,1408046760.0,2598850760.0,81.92033744472889,16.587111959287533,58.26561118927419,-248.5519435127979,3.135500705909599,3.135500705909599,30.615054660258224,38.01212186809811,107.54161880327732,-458.7556504854369,0.003051745241756,-0.0040233038851635,2.664082785158529,0.6849407378484249,17.417309014319354,3.3404255319148937,4.977658831743077,5.623923667675122,0.0010546524747516,0.3455899464742843,0.0374375647912543,0.0,0.0028918281094165,1.2344202598692378,0.3514159834134389,1.3549075714220828,0.0,8.47054922752387,0.0244008451141269,0.0024672785578736,-51.04748160494329,6490000.0,476615000.0,-1255717000.0,1681080000.0,0.0,1725500.0,0.0,0.0,3.291134232701665,0.0,0.0,27.34619545618464,0.0,0.0095687493597823,1.2126915728281638,2007-02-01,0.09,bmo,252900000.0,2025-04-25,2006-12-31,-0.6666666666666666,61.13793650793651,135188.88888888888
2006-09-30,MAA,USD,912595,2006-11-02,2006-11-02 17:04:26,2006,Q3,82749000.0,281959000.0,-199210000.0,-2.4074006937,0,2665000.0,0.0,2665000.0,58340000.0,61005000.0,61005000.0,0.0,5630000.0,20132000.0,47521000.0,0.5742788432,21744000.0,0.2627705471,-21599000.0,5630000.0,0.068037076,-5630000.0,5630000.0,0.068037076,0.23,0.23,23990000,24215000,https://www.sec.gov/Archives/edgar/data/912595/000091259506000167/0000912595-06-000167-index.htm,https://www.sec.gov/Archives/edgar/data/912595/000091259506000167/form10-q.htm,3.44931221342226,0.2346811171321383,0.6929137140475198,-3.305418924551897,0.4805335556481867,19.26010837849104,19.049562317632347,17.917590662776156,50.34793664026678,1468667800.0,2663195800.0,65.21615452930729,17.748465842487523,88.35154905853337,-18.52110168102198,3.416754024143699,3.416754024143699,32.18402397612056,56.04250331432419,160.21150213559525,-33.585076358500324,0.0038334060296004,-0.0539924685487078,2.796874672845667,0.697550831658914,25.136844763367773,17.002949852507374,3.8621669626998223,2.952575488454707,0.021909651726551,5.715452930728241,0.0322058272607524,0.0,0.0029306932531391,5.770318233772484,1.159168086623403,4.7645539439698,0.0,9.726803398022152,0.0250747693781989,0.0032762425280721,-52.10108378491038,10850000.0,456999000.0,-1249905000.0,1659578000.0,0.0,3332000.0,0.0,0.0,0.2164144432346546,0.0,0.0,415.8687315634218,0.0,0.0130978054778139,3.998332638599417,2006-11-02,0.08,bmo,73066666.0,2025-04-25,2006-09-30,0.1249999999999999,58.48,215144.44444444444
2006-06-30,MAA,USD,912595,2006-08-03,2006-08-03 17:07:23,2006,Q2,80364000.0,93943000.0,-13579000.0,-0.1689686924,0,2682000.0,0.0,2682000.0,49500000.0,52182000.0,52182000.0,0.0,5892000.0,19860000.0,41776000.0,0.5198347519,28181000.0,0.3506669653,-15994000.0,5892000.0,0.0733164103,-5892000.0,5892000.0,0.0733164103,0.25,0.25,23152000,23374000,https://www.sec.gov/Archives/edgar/data/912595/000091259506000123/0000912595-06-000123-index.htm,https://www.sec.gov/Archives/edgar/data/912595/000091259506000123/form10-q.htm,3.471147201105736,0.2544920525224602,1.6846060815480304,0.006003800967519,0.6605044920525225,20.00634934346925,19.788182446440917,18.626986869384936,48.856556668970285,1290724000.0,2404593000.0,54.76595383570944,16.060972574784728,33.0937900620481,9285.78417266187,2.9929693079684268,2.9929693079684268,29.921270718232044,57.55919666794332,61.653069073380856,17299.230215827338,0.0045648798658737,0.0001076914971752,2.609228478940388,0.6899392305810405,26.66289256989659,2.55462746408286,4.782926001357773,6.619484046164291,0.0143043749089658,3.13357094365241,0.0333731521576825,0.0,0.0030970268909737,0.9964360802010154,0.4835871783385596,1.956847935548842,0.0,10.327606340082898,0.0343623588227224,0.0036239104281528,-49.77712508638562,9306000.0,458136000.0,-1152440000.0,1578365000.0,0.0,4324500.0,0.0,0.0,5.734754052989579,0.0,0.0,15.69378549949883,0.0,0.013662545333123,1.6786022805805114,2006-08-03,0.08,bmo,63839999.0,2025-04-25,2006-06-30,0.25,53.09015873015873,170603.17460317462
2006-03-31,MAA,USD,912595,2006-05-04,2006-05-04 17:07:11,2006,Q1,78646000.0,0.0,78646000.0,1.0,0,3361000.0,0.0,3361000.0,47069000.0,50430000.0,50430000.0,0.0,5126000.0,19415000.0,47631000.0,0.6056379218,28216000.0,0.3587722198,-23090000.0,5126000.0,0.06517814,-5126000.0,5126000.0,0.06517814,0.23,0.23,22134000,22366000,https://www.sec.gov/Archives/edgar/data/912595/000091259506000078/0000912595-06-000078-index.htm,https://www.sec.gov/Archives/edgar/data/912595/000091259506000078/form10-q.htm,3.553176109153339,0.2315894099575314,0.9729375621216227,-1.7898707870244872,0.5002710761724044,17.995482063793258,17.767281105990783,16.71437607300985,53.59049426222101,1211836500.0,2381809500.0,59.10244342567304,15.408749332451746,56.2728813559322,-30.58880026251357,3.275623317367471,3.275623317367471,30.28519568700252,50.00544813251874,110.60178778732296,-60.1208950702981,0.0042299435608681,-0.0326917038725933,3.192395852479754,0.7302831236350236,24.563267619827425,4.1580923770184,5.504486929379634,4.201131486539212,0.0149582885149935,3.536285602809208,0.0427358034737939,0.0,0.003123214555132,2.8396563733457163,0.7775602064949266,3.149729590522792,0.0,9.3324504328994,0.0347134138014608,0.0031795200698675,-54.57029908737689,8410000.0,393261000.0,-1207859000.0,1565090000.0,0.0,2970500.0,0.0,0.0,0.0,0.0,0.0,0.0,0.0,0.0138557017591281,2.76280834914611,2006-05-04,,amc,,2025-04-25,2006-03-31,,53.32177419354839,117187.09677419356
2005-12-31,MAA,USD,912595,2006-03-01,2006-03-01 16:33:26,2005,Q4,77997000.0,0.0,77997000.0,1.0,0,3206000.0,0.0,3206000.0,47987000.0,51193000.0,51193000.0,0.0,3610000.0,20021000.0,46825000.0,0.600343603,4579000.0,0.0587073862,-16387000.0,3610000.0,0.0462838314,-3610000.0,3610000.0,0.0462838314,0.17,0.16,21786000,22134000,https://www.sec.gov/Archives/edgar/data/912595/000120677406000351/0001206774-06-000351-index.htm,https://www.sec.gov/Archives/edgar/data/912595/000120677406000351/d18659_10k.htm,3.580143211236574,0.1657027448820343,1.018176810795924,0.5536583126778665,0.6455521894794822,18.008078582575965,17.776232442853207,16.64031947122005,52.49499678692739,1056621000.0,2182603000.0,73.17319944598337,13.546944113235124,47.63416283473087,87.59915436909301,2.9146075040135053,2.9146075040135053,27.983166019205868,46.61191671115857,98.3952303669642,180.948681810645,0.0034165514408666,0.0114156353129457,3.144728929787105,0.7259326425365356,24.046599038974907,4.290420988407566,1.268421052631579,6.144598337950138,0.0015066897212907,0.4409972299168975,0.0411041450312191,0.0,0.0032162612538897,0.4562257686412406,0.1297485800735925,0.5054692572798561,0.0,7.876566432916078,0.0057916461922677,0.002306111002513,-53.431974662627375,10786000.0,387273000.0,-1164069000.0,1526126000.0,0.0,2935000.0,0.0,0.0,0.0,0.0,0.0,0.0,0.0,0.0099579064673982,0.4645184981180574,2006-05-04,0.02,bmo,22114285.0,2025-04-25,2005-12-31,2.5,47.43301587301588,94828.57142857143
2005-09-30,MAA,USD,912595,2005-10-31,2005-10-31 17:13:58,2005,Q3,75155000.0,258573000.0,-183418000.0,-2.4405295722,0,2329000.0,0.0,2329000.0,49152000.0,51481000.0,51481000.0,0.0,3615000.0,19638000.0,37941000.0,0.5048366709,23674000.0,0.3150023285,-18462000.0,3615000.0,0.0481005921,-3615000.0,3615000.0,0.0481005921,0.17,0.17,21548000,21844000,https://www.sec.gov/Archives/edgar/data/912595/000091259505000176/0000912595-05-000176-index.htm,https://www.sec.gov/Archives/edgar/data/912595/000091259505000176/mac3q05q.htm,3.487794690922592,0.1677649897902357,1.0207907926489697,-1.9708557638759976,0.4683961388527937,17.410154074624096,17.17574716911082,16.080100241321702,53.13773900129942,1002197480.0,2133501480.0,69.30826279391425,13.33507391391125,45.562715039098016,-23.59888574927004,2.8923949043850685,2.8923949043850685,28.388017829818377,56.23208349806279,96.99497545008184,-50.23786097767731,0.0036070735280635,-0.0423748820442054,3.294132077323128,0.7246192152202178,29.81745341451201,2.660954389665173,6.548824343015214,5.900214592274678,0.0304939900667082,8.453941908713693,0.0309892888031401,0.0,0.0032066420851617,2.9307146753955267,0.8577473222007851,3.2826153376107547,0.0,7.79087618232085,0.0299165523555462,0.0023023761923474,-55.22187674030072,6300000.0,370103000.0,-1189921000.0,1530990000.0,0.0,2515500.0,0.0,0.0,0.9021823624276316,0.0,0.0,99.75810185185183,0.0,0.0104330810923132,2.991646556524968,2005-10-31,,bmo,,2025-04-25,2005-09-30,,46.0965625,100323.4375
2005-06-30,MAA,USD,912595,2005-08-04,2005-08-04 16:54:31,2005,Q2,72862000.0,170209000.0,-97347000.0,-1.3360462244,0,2163000.0,0.0,2163000.0,46506000.0,48669000.0,48669000.0,0.0,8193000.0,18893000.0,42867000.0,0.5883313661,24193000.0,0.3320386484,-11674000.0,8193000.0,0.1124454448,-8193000.0,8193000.0,0.1124454448,0.38,0.38,21351000,21625000,https://www.sec.gov/Archives/edgar/data/912595/000091259505000125/0000912595-05-000125-index.htm,https://www.sec.gov/Archives/edgar/data/912595/000091259505000125/mac2q05q.htm,3.412580207016065,0.3837290993396093,1.6718186501803194,1.3464474731862677,0.309868390239333,17.833778277364058,17.597208561659876,16.367570605592245,51.27816027352349,969762420.0,2049793420.0,29.591188209447093,13.309577283083089,27.168018489984597,33.733213440935025,2.7749994849254858,2.7749994849254858,28.132543987263595,47.81751510485922,57.42522538170612,71.30212258244052,0.0084484610158434,0.02964437413444,3.1094676418744136,0.7146496848798216,25.194928499778385,2.712587125871259,2.9528866105211766,4.356767972659587,0.0182188953042746,2.156475039668009,0.0296862562103702,0.0,0.0033218658481806,0.1946210953915114,0.0953446240838846,0.3677023236119197,0.0,11.88764254822549,0.0317346009858936,0.0054062079341198,-53.07226827783242,4177000.0,375718000.0,-1133146000.0,1484075000.0,0.0,2433000.0,0.0,0.0,1.28964978350146,0.0,0.0,69.78638786387864,0.0,0.0234444749673786,0.3253711769940518,2005-08-04,,amc,,2025-04-25,2005-06-30,,40.3290625,79339.0625
2005-03-31,MAA,USD,912595,2005-05-05,2005-05-05 17:26:05,2005,Q1,71441000.0,0.0,71441000.0,1.0,0,2672000.0,0.0,2672000.0,44751000.0,47423000.0,47423000.0,0.0,4326000.0,18509000.0,42527000.0,0.5952744223,24018000.0,0.3361935023,-19692000.0,4326000.0,0.0605534637,-4326000.0,4326000.0,0.0605534637,0.21,0.2,20928000,21212000,https://www.sec.gov/Archives/edgar/data/912595/000091259505000075/0000912595-05-000075-index.htm,https://www.sec.gov/Archives/edgar/data/912595/000091259505000075/mac1q05q.htm,3.41365634556575,0.2067087155963302,0.946769877675841,-1.5098910550458715,0.2871272935779816,18.746559633027523,18.49302370030581,17.242306957186543,53.5455370795107,763872000.0,1874138000.0,44.14424410540915,10.692347531529514,38.55213485414353,-24.173929554732744,2.116886104082894,2.116886104082894,26.233367394073436,44.06936769581677,94.5865549611386,-59.31004145700813,0.0056632524820912,-0.0413668782204348,3.09348560470227,0.7180247348755056,26.10732005549416,2.4758961681087763,5.552011095700416,4.580212667591308,0.0228729420635918,4.038834951456311,0.0374014921403675,0.0,0.0034129934319495,2.594781467649137,0.7196567797203287,2.77772975309309,0.0,8.955056689566417,0.0308273045874515,0.0027921548580977,-55.25181574923547,3582000.0,387022000.0,-1156310000.0,1504550000.0,0.0,1597000.0,0.0,0.0,0.0,0.0,0.0,0.0,0.0,0.0119884604832519,2.4566609327217126,2005-08-04,0.21,bmo,72500000.0,2025-04-25,2005-03-31,0.0,38.28032786885246,96159.01639344262
2004-12-31,MAA,USD,912595,2005-03-15,2005-03-15 12:24:44,2004,Q4,68690000.0,0.0,68690000.0,1.0,0,2401000.0,0.0,2401000.0,44282000.0,46683000.0,46683000.0,0.0,12020000.0,18044000.0,40051000.0,0.5830688601,2410000.0,0.0350851652,-3568000.0,12020000.0,0.1749890814,-12020000.0,12020000.0,0.1749890814,0.58,0.57,20614000,20928000,https://www.sec.gov/Archives/edgar/data/912595/000120677405000343/0001206774-05-000343-index.htm,https://www.sec.gov/Archives/edgar/data/912595/000120677405000343/d16501_10-k.htm,3.33220141651305,0.5830988648491316,0.8087222276123023,-3.408460269719608,0.4430484136994276,18.856165712622488,18.594207819928204,17.334093334626953,53.14315513728534,849709080.0,1924049080.0,17.672817803660564,12.370200611442714,50.96929278387619,-12.093437135293616,2.377972657944448,2.377972657944448,28.010614063182413,48.03997603056104,115.41293743626656,-27.38392132304802,0.0141460180700905,-0.0826894776739351,3.032177989225495,0.7117309452035627,26.82429901875109,11.907431551499348,0.2004991680532445,1.3484591118660518,0.0208424276224046,1.473377703826955,0.0349541417964769,0.0,0.0035472476970808,5.214624197708596,1.265584510117921,4.817834183107959,0.0,15.0804021265589,0.0031489416746751,0.0079240190730216,-54.548995828078006,8366000.0,383301000.0,-1124473000.0,1473718000.0,0.0,1579000.0,0.0,0.0,0.0,0.0,0.0,0.0,0.0,0.0336388441894633,4.21718249733191,2005-03-15,,amc,,2025-04-25,2004-12-31,,39.94,61510.9375
2004-09-30,MAA,USD,912595,2004-11-04,2004-11-04 17:12:30,2004,Q3,67527000.0,0.0,67527000.0,1.0,0,1953000.0,0.0,1953000.0,44647000.0,46600000.0,46600000.0,0.0,3131000.0,17162000.0,38544000.0,0.5707939047,20927000.0,0.3099056674,-17796000.0,3131000.0,0.0463666385,-3131000.0,3131000.0,0.0463666385,0.15,0.15,20338000,20338000,https://www.sec.gov/Archives/edgar/data/912595/000091259504000130/0000912595-04-000130-index.htm,https://www.sec.gov/Archives/edgar/data/912595/000091259504000130/mac3q04q.txt,3.3202379781689446,0.1539482741665847,0.8043563772248992,-0.8995476448028321,0.4624840200609696,18.595437112793785,18.312125086045825,17.194709410954864,50.14834300324516,792165100.0,1799545100.0,63.25176461194507,11.731086824529449,48.42380952380953,-43.29954085815797,2.2652316517303106,2.2652316517303106,26.649267700327275,46.68807337069323,110.00336817653891,-98.36267286143756,0.0039524589002974,-0.0230949331143217,2.907545195106747,0.6978143587850122,26.13584474885845,3.93391886240067,6.683807090386458,5.867647058823529,0.021711383144751,5.493133184286171,0.0289217646274823,0.0,0.0039544273183533,2.1183446420930374,0.5131873176655264,2.019228528143573,0.0,7.717490289516389,0.0285865327610653,0.0021573181730801,-52.58634083980726,7015000.0,372432000.0,-1069501000.0,1401622000.0,0.0,2024500.0,0.0,0.0,0.0,0.0,0.0,0.0,0.0,0.0089532350031169,1.7039040220277313,2004-11-04,,amc,,2025-04-25,2004-09-30,,38.19640625,57293.75
2004-06-30,MAA,USD,912595,2004-06-30,2004-06-30 00:00:00,2004,Q2,66876000.0,0.0,66876000.0,1.0,0,2515000.0,0.0,2515000.0,42207000.0,44722000.0,44722000.0,0.0,4992000.0,17504000.0,39264000.0,0.5871164543,22154000.0,0.3312698128,-16993000.0,4992000.0,0.0746456128,-4992000.0,4992000.0,0.0746456128,0.25,0.24,20275000,20585000,,,3.298446362515413,0.2462145499383477,1.6929223181257709,0.4134155363748458,1.918964241676942,19.34278668310727,19.058594327990136,17.876892725030824,50.43501849568434,768219750.0,1746890750.0,38.47254356971154,11.487226359232013,22.38141679291457,91.6511274158912,2.1194958532668977,2.1194958532668977,26.12134024164125,44.49090133455583,50.89414840927631,208.40977690288716,0.0064981406687344,0.0109109405219014,2.807467982143941,0.6975421663621937,24.92540240423798,23.466224366706875,4.437900641025641,6.875801282051282,0.0221147659898095,3.4032451923076925,0.0376069142891321,0.0,0.0039498082334513,0.7557976925766228,0.3879119564567259,1.4820612431444242,0.0,9.95162799110104,0.0296165780112215,0.0034355487070926,-50.6891738594328,37249000.0,386413000.0,-1027723000.0,1427987000.0,0.0,1697000.0,0.0,0.0,0.0,0.0,0.0,0.0,0.0,0.0137727822013276,1.2795067817509247,2004-06-30,,amc,,2025-04-25,2004-06-30,,34.62032258064516,87004.83870967742
2004-03-31,MAA,USD,912595,2004-05-07,2004-05-06 18:01:17,2004,Q1,66488000.0,0.0,66488000.0,1.0,0,2371000.0,0.0,2371000.0,42329000.0,44700000.0,44700000.0,0.0,5055000.0,17696000.0,38930000.0,0.5855191914,21788000.0,0.3276982313,-16409000.0,5055000.0,0.0760287571,-5055000.0,5055000.0,0.0760287571,0.25,0.25,20038000,20365000,https://www.sec.gov/Archives/edgar/data/912595/000091259504000049/0000912595-04-000049-index.htm,https://www.sec.gov/Archives/edgar/data/912595/000091259504000049/mac1q04q.txt,3.318095618325182,0.2522706856971753,1.0417706357919951,-1.1138337159397145,0.4142129953089131,19.236251122866552,18.94869747479789,17.701716738197426,49.134145124263895,744010940.0,1715205940.0,36.79579327398616,11.19015371194802,35.641242634730546,-33.335316994489,2.09753667111165,2.09753667111165,25.797225664781617,44.05871923966093,82.16555401197604,-76.84958734710337,0.0067942549339395,-0.0299982148111961,2.7614199888922406,0.6874527132588162,24.947212946313897,4.78110599078341,4.310187932739861,4.129574678536103,0.0225856893985994,3.3242334322453018,0.0356605703284803,0.0,0.0040440252719996,2.069173652694611,0.6496510648538082,2.440890596745027,0.0,10.02379892755986,0.0304433058400902,0.0035622272834898,-51.45533486375886,6564000.0,379694000.0,-1031062000.0,1389871000.0,0.0,1716000.0,0.0,0.0,0.0,0.0,0.0,0.0,0.0,0.0142511988768194,2.15560435173171,2004-05-06,,amc,,2025-04-25,2004-03-31,,35.33854838709677,66895.16129032258
2003-12-31,MAA,USD,912595,2004-03-12,2004-03-12 10:08:07,2003,Q4,64477000.0,0.0,64477000.0,1.0,0,1902000.0,0.0,1902000.0,45732000.0,47634000.0,47634000.0,17709000.0,4305000.0,16803000.0,33646000.0,0.5218294896,16843000.0,0.2612249329,260000.0,4305000.0,0.0667679948,-4305000.0,4305000.0,0.0667679948,0.22,0.21,19613000,20038000,https://www.sec.gov/Archives/edgar/data/912595/000120677404000135/0001206774-04-000135-index.htm,https://www.sec.gov/Archives/edgar/data/912595/000120677404000135/d14130.htm,3.2874623973894868,0.2194972722174068,0.8159893947891704,-1.9737928924692805,0.5176158670269719,20.053688879824605,19.75990414520981,18.421149237750477,48.75572324478662,658604540.0,1600393540.0,38.24648896631823,10.214565503978164,41.15249562609347,-17.012929840876215,1.822904725791184,1.822904725791184,24.82115389984025,47.56564049218332,99.99959635091228,-41.341019322174006,0.0065365477134427,-0.058778823480324,2.634809877828029,0.6767996200586833,27.991113356714024,5.985849056603773,3.9124274099883856,3.7175377468060393,0.0617988451765,9.454355400696864,0.0294988910774384,0.0,0.0040965978046729,3.4188952761809546,0.8486126835925989,3.2563232756055465,0.0,9.538150774542716,0.0238065454925798,0.0030733074856632,-51.14301738642737,8456000.0,387551000.0,-1003068000.0,1366067000.0,0.0,1785500.0,0.0,0.0,0.0,0.0,0.0,0.0,0.0,0.0119155037171943,2.789782287258451,2004-03-12,,amc,,2025-04-25,2003-12-31,,32.4584375,54425.203125
2003-09-30,MAA,USD,912595,2003-11-10,2003-11-10 09:53:00,2003,Q3,60337000.0,0.0,60337000.0,1.0,0,1733000.0,0.0,1733000.0,43636000.0,45369000.0,45369000.0,0.0,6470000.0,15211000.0,34047000.0,0.5642806238,14968000.0,0.2480733215,-18987000.0,6470000.0,0.1072310523,-6470000.0,6470000.0,0.1072310523,0.35,0.35,18302000,18302000,https://www.sec.gov/Archives/edgar/data/912595/000091259503000186/0000912595-03-000186-index.htm,https://www.sec.gov/Archives/edgar/data/912595/000091259503000186/mac3q03q.txt,3.296743525297781,0.3535132772374604,0.968582668560813,-0.9394055294503332,0.3046661567041853,21.15768768440607,21.15768768440607,19.36788329144356,50.16752267511748,552354360.0,1458474360.0,21.342904173106646,9.15448829076686,31.15893044508377,-32.12670040132612,1.5582497863012772,1.5582497863012772,24.172139151764256,42.837088730284606,82.27417837197495,-84.82954458209737,0.0117134949382856,-0.0311267571057101,2.571990374388878,0.6671965036612907,26.61379857256146,2.973866666666667,2.3134466769706337,2.7398763523956724,0.0273664898743625,2.336321483771252,0.0287220113694747,0.0,0.0,1.9698764596378409,0.578749357773837,2.295707054105581,0.0,12.41181242401747,0.0218485591818175,0.0047348692751625,-53.199322478417656,3701000.0,387228000.0,-973654000.0,1302807000.0,0.0,2632500.0,0.0,0.0,0.0,0.0,0.0,0.0,0.0,0.0182525509844246,1.9079881980111464,2003-11-10,,amc,,2025-04-25,2003-09-30,,29.45171875,50162.5
2003-06-30,MAA,USD,912595,2003-08-08,2003-08-08 09:24:51,2003,Q2,58159000.0,0.0,58159000.0,1.0,0,1788000.0,0.0,1788000.0,40816000.0,42604000.0,42604000.0,0.0,5105000.0,14527000.0,34865000.0,0.599477295,15555000.0,0.2674564556,-15233000.0,5105000.0,0.0877766124,-5105000.0,5105000.0,0.0877766124,0.29,0.28,17824000,18047000,https://www.sec.gov/Archives/edgar/data/912595/000091259503000127/0000912595-03-000127-index.htm,https://www.sec.gov/Archives/edgar/data/912595/000091259503000127/mac2q03q.txt,3.262960053859964,0.28641157989228,1.658886894075404,-0.1572037701974865,0.9968020646319568,19.421229802513466,19.421229802513466,17.709380610412925,47.033045332136446,481426240.0,1296871240.0,23.57621155729677,8.277759933974105,16.282002164502163,-171.81521770164167,1.52518038852914,1.52518038852914,22.298719716638868,37.19693790334146,43.86063446969697,-462.8377016416845,0.0106039089186331,-0.0058202062272301,2.639653795952505,0.6646712987707108,23.388641904488743,5.241002949852508,3.0470127326150838,5.791968658178257,0.0332179650199374,3.132615083251714,0.0307433071407692,0.0,0.0,1.0947646103896105,0.5565776578001685,2.228264610724857,0.0,10.68287708389911,0.0245357258623586,0.0040723693132413,-49.91242145421903,14377000.0,346164000.0,-889639000.0,1214102000.0,0.0,2213500.0,0.0,0.0,0.0,0.0,0.0,0.0,0.0,0.0161728739244484,1.8160906642728905,2003-08-08,,amc,,2025-04-25,2003-06-30,,26.138412698412697,44028.57142857143
2003-03-31,MAA,USD,912595,2003-05-15,2003-05-15 09:43:35,2003,Q1,57759000.0,0.0,57759000.0,1.0,0,1843000.0,0.0,1843000.0,39901000.0,41744000.0,41744000.0,0.0,4326000.0,14539000.0,35381000.0,0.6125625444,16015000.0,0.277272806,-16516000.0,4326000.0,0.0748974186,-4326000.0,4326000.0,0.0748974186,0.24,0.24,17752000,17921000,https://www.sec.gov/Archives/edgar/data/912595/000091259503000066/0000912595-03-000066-index.htm,https://www.sec.gov/Archives/edgar/data/912595/000091259503000066/mac1q03q.txt,3.2536615592609284,0.2436908517350157,0.8980396575033799,-0.3844637223974763,0.3244141505182514,20.246958089229384,20.246958089229384,18.449639477242,46.761041009463725,420722400.0,1240739400.0,24.313592233009707,7.284101179037033,26.39081671057584,-61.64430769230769,1.2845779468609355,1.2845779468609355,21.4813171973199,35.067957378253865,77.82834023334588,-181.79331868131868,0.0102823144191989,-0.0162220979914546,2.5213148590306487,0.6628155147323819,23.176761538678956,5.553519768563163,3.7020342117429497,3.6851595006934814,0.0379561440037421,3.691400832177531,0.0319084471684066,0.0,0.0,1.4281144147534814,0.3941723367786838,1.5659261297200633,0.0,10.057842117685787,0.0256120545377635,0.0034722974713872,-49.6100721045516,4722000.0,359424000.0,-880678000.0,1207822000.0,0.0,750500.0,0.0,0.0,0.0,0.0,0.0,0.0,0.0,0.0132084343455932,1.2825033799008565,2003-05-15,,amc,,2025-04-25,2003-03-31,,23.79065573770492,39006.55737704918
2002-12-31,MAA,USD,912595,2003-03-31,2003-03-31 15:33:37,2002,Q4,62126000.0,0.0,62126000.0,1.0,0,2022000.0,0.0,2022000.0,43484000.0,45506000.0,45506000.0,0.0,3074000.0,14556000.0,31176000.0,0.5018188842,16620000.0,0.2675208447,-16620000.0,3074000.0,0.0494800889,-3074000.0,3074000.0,0.0494800889,0.17,0.17,17711000,17752000,https://www.sec.gov/Archives/edgar/data/912595/000120677403000218/0001206774-03-000218-index.htm,https://www.sec.gov/Archives/edgar/data/912595/000120677403000218/d12309-10k.htm,3.507763536785049,0.1735644514708373,1.3231889786008697,-0.4155044887358139,0.598159336005872,20.979955959573147,20.979955959573147,19.0938399864491,45.5523121224098,433033950.0,1226142950.0,35.21746502927782,6.970253195119596,18.478086195860893,-58.844129637178966,1.2805176966682534,1.2805176966682534,19.73638975630171,39.32970714652296,52.32101344143376,-166.61814784617476,0.0070987505714043,-0.0169940486190516,2.376617155226202,0.648426299369003,25.43972927893251,22.83189655172414,5.406636304489265,5.3431372549019605,0.0368446861960823,5.190305790500976,0.0325467598107072,0.0,0.0,1.314017495199488,0.4956700898174677,2.115553723550426,0.0,8.635118235073536,0.0266005760257106,0.0024800983003177,-48.404776692451016,10130000.0,371576000.0,-857297000.0,1202353000.0,0.0,751000.0,0.0,0.0,0.0,0.0,0.0,0.0,0.0,0.0090900757309171,1.7386934673366834,2003-03-31,,amc,,2025-04-25,2002-12-31,,24.29359375,37701.5625
2002-09-30,MAA,USD,912595,2002-11-14,2002-11-14 14:55:07,2002,Q3,58194000.0,0.0,58194000.0,1.0,0,1686000.0,0.0,1686000.0,39899000.0,41585000.0,41585000.0,0.0,3797000.0,14942000.0,31551000.0,0.5421692958,16609000.0,0.2854074303,-16609000.0,3797000.0,0.0652472764,-3797000.0,3797000.0,0.0652472764,0.22,0.22,17579000,17579000,https://www.sec.gov/Archives/edgar/data/912595/000091259502000087/0000912595-02-000087-index.htm,https://www.sec.gov/Archives/edgar/data/912595/000091259502000087/mac3q02q.txt,3.3104272142897777,0.2159963592923374,1.152568405483816,-0.3529210990386256,0.8065305193697024,22.326298424256212,22.326298424256212,20.099266169861767,47.01797599408385,437892890.0,1246446890.0,28.831504477218857,7.524708561020036,21.612600069098267,-70.58234848484848,1.2393487299228756,1.2393487299228756,21.41882135615355,39.50578079934075,61.519514831449584,-200.91020148291423,0.0086710702245017,-0.0141678482151194,2.328541710889408,0.643517015736496,25.62688979747076,13.658959537572256,4.374242823281538,5.337460484720759,0.0366322458444118,4.22465104029497,0.028972058975152,0.0,0.0,1.3062040373130646,0.454771969618861,1.7711819033596574,0.0,9.88335910182364,0.0257178316131594,0.0029699028465544,-49.59559701917061,13140000.0,392474000.0,-871841000.0,1238473000.0,0.0,1292000.0,0.0,0.0,0.0,0.0,0.0,0.0,0.0,0.0107464798698082,1.5054895045224417,2002-11-14,,amc,,2025-04-25,2002-09-30,,25.18828125,42810.9375
2002-06-30,MAA,USD,912595,2002-08-14,2002-08-14 12:08:35,2002,Q2,56863000.0,0.0,56863000.0,1.0,0,1511000.0,0.0,1511000.0,38242000.0,39753000.0,39753000.0,0.0,4970000.0,14311000.0,31421000.0,0.5525737298,17110000.0,0.3008986511,-17110000.0,4970000.0,0.0874030565,-4970000.0,4970000.0,0.0874030565,0.28,0.28,17498000,17749000,https://www.sec.gov/Archives/edgar/data/912595/000091259502000047/0000912595-02-000047-index.htm,https://www.sec.gov/Archives/edgar/data/912595/000091259502000047/mac2q02q.txt,3.249685678363241,0.2840324608526688,1.2592296262429992,0.9179906275002856,0.9202766030403474,23.79186192707738,23.79186192707738,21.328380386329865,45.32552291690479,468421460.0,1240454460.0,23.562447686116705,8.237719782635457,21.259029681401472,29.1615177737658,1.2551351539640518,1.2551351539640518,21.81479098886798,39.47851627892174,56.29728873559045,77.22433293905249,0.0106101031323372,0.0342917679305299,2.111810162806401,0.6300239335807163,24.570605645905605,10.415912031047863,3.442655935613682,4.408563425370148,0.0340932287773493,3.2132796780684103,0.0265726395019608,0.0,0.0,0.2709902877371335,0.1050067706593039,0.4172315002445671,0.0,11.674927334268467,0.0270402893990528,0.0039729424235108,-46.77957480854955,14557000.0,416310000.0,-818549000.0,1213495000.0,0.0,1451000.0,0.0,0.0,0.0,0.0,0.0,0.0,0.0,0.0133171134285806,0.3412389987427134,2002-08-14,,amc,,2025-04-25,2002-06-30,,26.1834375,51134.375
2002-03-31,MAA,USD,912595,2002-05-15,2002-05-15 09:07:06,2002,Q1,55956000.0,0.0,55956000.0,1.0,0,1446000.0,0.0,1446000.0,37825000.0,39271000.0,39271000.0,0.0,4300000.0,14166000.0,30787000.0,0.5502001573,16685000.0,0.2981807134,-16685000.0,4300000.0,0.0768460934,-4300000.0,4300000.0,0.0768460934,0.25,0.24,17455000,17596000,https://www.sec.gov/Archives/edgar/data/912595/000091259502000018/0000912595-02-000018-index.htm,https://www.sec.gov/Archives/edgar/data/912595/000091259502000018/mac1q02q.txt,3.205729017473504,0.2463477513606416,0.8791750214838155,0.6838155256373531,0.7173302778573475,24.931881982240046,24.931881982240046,22.367573761099973,45.1393297049556,452084500.0,1223170500.0,26.28398255813953,8.079285510043606,29.459435683565747,37.875712131367294,1.1579262139304245,1.1579262139304245,21.859505683036677,39.73009711891383,79.70614492375863,102.4774212466488,0.0095114961915305,0.026402143847002,2.007056394809772,0.625586382201444,25.04583103257869,9.23377581120944,3.880232558139535,3.568837209302325,0.0352544712327009,3.706511627906977,0.0258417327900493,0.0,0.0,0.2222077414309917,0.060940739152191,0.2407172102216574,0.0,11.134609725419478,0.0264053092317297,0.0034328706143082,-46.11223145230593,11165000.0,435186000.0,-804889000.0,1207246000.0,0.0,1287500.0,0.0,0.0,0.0,0.0,0.0,0.0,0.0,0.0110136107738726,0.1953594958464623,2002-05-15,,amc,,2025-04-25,2002-03-31,,25.828,36160.0
2001-12-31,MAA,USD,912595,2002-04-01,2002-04-01 00:00:00,2001,Q4,56144000.0,0.0,56144000.0,1.0,0,1452000.0,0.0,1452000.0,37268000.0,38720000.0,38720000.0,0.0,6145000.0,13701000.0,31125000.0,0.5543780279,17424000.0,0.3103448276,-11279000.0,6145000.0,0.1094506982,-6145000.0,6145000.0,0.1094506982,0.35,0.35,17427000,17455000,https://www.sec.gov/Archives/edgar/data/912595/000091205702012966/0000912057-02-012966-index.htm,https://www.sec.gov/Archives/edgar/data/912595/000091205702012966/a2074950z10-k405.txt,3.2216675274000117,0.3526137602570723,1.1267573305789866,0.76203592127159,0.6996040626613875,25.37786193837149,25.37786193837149,22.713547942847303,45.091467263441785,458330100.0,1225802100.0,18.64646460537022,8.163474280421772,23.34131696883276,34.51280873493976,1.1578992443706753,1.1578992443706753,21.83318074950128,39.3832,62.4262629863516,92.304375,0.0134073673101548,0.0289747498582353,1.969699036705244,0.6170727383243846,24.657734939759035,10.001640689089417,2.8354759967453216,2.996947496947497,0.0347544269948668,2.5921887713588285,0.0258620689655172,0.0,0.0,0.3236911794662864,0.1132088914220575,0.4639077439602949,0.0,13.424044280707667,0.0273433239620514,0.0048635206665991,-46.42428415676823,10973000.0,442260000.0,-809036000.0,1227906000.0,0.0,1608000.0,0.0,0.0,0.0,0.0,0.0,0.0,0.0,0.0155243804774283,0.3647214093073965,2002-04-01,,amc,,2025-04-25,2001-12-31,,25.7084375,24498.4375
2001-09-30,MAA,USD,912595,2001-11-14,2001-11-14 00:00:00,2001,Q3,57177000.0,0.0,57177000.0,1.0,0,1514000.0,0.0,1514000.0,37413000.0,38927000.0,38927000.0,0.0,13090000.0,13446000.0,31696000.0,0.5543487766,18250000.0,0.3191842874,-5160000.0,13090000.0,0.2289382094,-13090000.0,13090000.0,0.2289382094,0.75,0.75,17406000,17569000,https://www.sec.gov/Archives/edgar/data/912595/000091259501500035/0000912595-01-500035-index.htm,https://www.sec.gov/Archives/edgar/data/912595/000091259501500035/mac3q10q.txt,3.284901758014478,0.7520395266000229,1.6316212800183845,1.155406181776399,0.6116281741928071,25.85252211880961,25.85252211880961,23.09910375732506,45.30374583476962,449074800.0,1213895800.0,8.576676852559206,7.854116165591059,15.81249295774648,22.32980955695888,1.116926451824714,1.116926451824714,21.23049128145933,38.29807546693589,42.74280985915493,60.35979314802845,0.029148818860466,0.0447831853401705,1.9287201259504108,0.6089157540393916,24.129890206966177,5.330996494742113,1.3941940412528648,2.139682061327507,0.0354840663515298,1.2173414820473645,0.0264791786907322,0.0,0.0,0.2918661971830986,0.1449708798992602,0.6164658634538153,0.0,19.770113270470404,0.0284673639221008,0.0102785898308704,-46.70148224750086,8649000.0,449989000.0,-812886000.0,1230801000.0,0.0,1637000.0,0.0,0.0,0.0,0.0,0.0,0.0,0.0,0.0325570868247016,0.4762150982419855,2001-11-14,,amc,,2025-04-25,2001-09-30,,25.76491525423729,27420.33898305085
2001-06-30,MAA,USD,912595,2001-08-14,2001-08-14 00:00:00,2001,Q2,58107000.0,0.0,58107000.0,1.0,0,1472000.0,0.0,1472000.0,37593000.0,39065000.0,39065000.0,0.0,4602000.0,13730000.0,32772000.0,0.563994011,19042000.0,0.3277057842,-19042000.0,4602000.0,0.0791987196,-4602000.0,4602000.0,0.0791987196,0.26,0.26,17397000,17480000,https://www.sec.gov/Archives/edgar/data/912595/000091259501500027/0000912595-01-500027-index.htm,https://www.sec.gov/Archives/edgar/data/912595/000091259501500027/mac10q.txt,3.340058630798413,0.2645283669598207,1.358107719721791,0.6478703224693912,0.6180950738633098,26.374547335747543,26.374547335747543,23.622578605506696,45.71535322181985,445189230.0,1225144230.0,24.184551825293347,7.661542154989933,18.842393448173706,39.498645195634815,1.0832856322482372,1.0832856322482372,21.08427951881873,37.38387129256682,51.85356710543023,108.69880489752462,0.0103371772942485,0.025317324051168,1.9240416388863204,0.6144986644678505,23.79943244232882,8.42051683633516,4.137766188613647,4.683250743310208,0.0358229690327414,3.465449804432855,0.0253325761095909,0.0,0.0,0.5229610191729801,0.2126421945720825,0.8999271667880554,0.0,11.857442734107147,0.0293806109877189,0.003576443963993,-46.97143185606714,9476000.0,458838000.0,-817162000.0,1249042000.0,0.0,1163000.0,0.0,0.0,0.0,0.0,0.0,0.0,0.0,0.0111981156408621,0.7102373972523999,2001-08-14,,amc,,2025-04-25,2001-06-30,,23.747619047619047,30617.46031746032
2001-03-31,MAA,USD,912595,2001-05-15,2001-05-15 00:00:00,2001,Q1,56611000.0,0.0,56611000.0,1.0,0,1441000.0,0.0,1441000.0,36917000.0,38358000.0,38358000.0,0.0,4861000.0,13526000.0,31779000.0,0.5613573334,18253000.0,0.3224285033,-18253000.0,4861000.0,0.0858667044,-4861000.0,4861000.0,0.0858667044,0.28,0.28,17479000,17510000,https://www.sec.gov/Archives/edgar/data/912595/000091259501500019/0000912595-01-500019-index.htm,https://www.sec.gov/Archives/edgar/data/912595/000091259501500019/mac10q.txt,3.238800846730362,0.2781051547571371,1.0857600549230506,0.5644487670919389,1.07918073116311,26.79712798215001,26.79712798215001,23.95880771211168,45.5464271411408,392927920.0,1165309920.0,20.20818350133717,6.940840472699652,20.70439034671725,39.82646665315224,0.9382770741398744,0.9382770741398744,20.5845139637173,36.66918153497593,61.40319949415112,118.11371579160756,0.0123712257454242,0.0251089309204599,1.8894229850803288,0.6112138068374497,24.30479247301677,17.98188751191611,3.754988685455668,3.904134951656038,0.0407046666472568,3.2902694918741,0.0254544169860981,0.0,0.0,0.4801348930340394,0.1609581176803095,0.6736655330474641,0.0,12.244142613833745,0.0278170411952199,0.0037549814722833,-46.18668116024944,17814000.0,468387000.0,-807297000.0,1246182000.0,0.0,1394500.0,0.0,0.0,0.0,0.0,0.0,0.0,0.0,0.0116076374959405,0.5213112878311116,2001-05-15,,amc,,2025-04-25,2001-03-31,,22.56677419354839,39696.77419354839
2000-12-31,MAA,USD,912595,2001-04-02,2001-04-02 00:00:00,2000,Q4,56694000.0,0.0,56694000.0,1.0,0,3600000.0,0.0,3600000.0,34439000.0,38039000.0,38039000.0,0.0,6200000.0,13595000.0,32250000.0,0.5688432638,18655000.0,0.3290471655,-12455000.0,6200000.0,0.1093590151,-6200000.0,6200000.0,0.1093590151,0.35,0.35,17479000,17479000,https://www.sec.gov/Archives/edgar/data/912595/000091205701506011/0000912057-01-506011-index.htm,https://www.sec.gov/Archives/edgar/data/912595/000091205701506011/a2043423z10-k405.txt,3.2435494021397107,0.3547113679272269,0.8980490874764002,0.0508610332398878,0.92081926883689,27.769094341781567,27.769094341781567,24.82939527432919,45.04199324904171,394326240.0,1159320240.0,15.900251612903224,6.9553434225844,25.121121233356693,443.5615748031496,0.9086004612977628,0.9086004612977628,20.448728966028156,35.947914418604654,73.8561661463974,1304.0722609673792,0.0157230216279799,0.0022544784237538,1.799773268232437,0.5990998419200918,23.720744186046517,9.25,3.0088709677419354,2.531774193548387,0.0402661511950105,2.560967741935484,0.0634987829399936,0.0,0.0,0.9433649741988916,0.2611916604931739,1.089223979404193,0.0,14.077057475114268,0.028305336515629,0.0047554363457999,-45.90079524000229,14355000.0,485376000.0,-802300000.0,1258830000.0,0.0,1944000.0,0.0,0.0,0.0,0.0,0.0,0.0,0.0,0.0142859447041772,0.8471880542365123,2001-04-02,,amc,,2025-04-25,2000-12-31,,22.13126984126984,27092.06349206349
2000-09-30,MAA,USD,912595,2000-11-14,2000-11-14 00:00:00,2000,Q3,56937000.0,0.0,56937000.0,1.0,0,3700000.0,0.0,3700000.0,35386000.0,39086000.0,39086000.0,0.0,5627000.0,13357000.0,31208000.0,0.5481145828,17851000.0,0.3135219629,-17851000.0,5627000.0,0.0988285298,-5627000.0,5627000.0,0.0988285298,0.32,0.32,17483000,17568000,https://www.sec.gov/Archives/edgar/data/912595/000091259500000017/0000912595-00-000017-index.htm,https://www.sec.gov/Archives/edgar/data/912595/000091259500000017/0000912595-00-000017-0001.txt,3.2567065149001886,0.3218555167877366,1.1167419779214094,0.6428530572556197,1.0509065949779786,28.26923296917005,28.26923296917005,25.24423725905165,44.737116055596864,418543020.0,1176682020.0,18.59530033765772,7.350984772643448,21.43736017209588,37.24023667586084,0.9483352479352888,0.9483352479352888,20.66638600558512,37.70449948731095,60.26849108789183,104.69632707536256,0.0134442571757617,0.0268526757416716,1.759421767551462,0.5923308641184247,24.29309792360933,8.553538175046555,3.172383152656833,3.4696996623422782,0.0379339739078673,2.82157455127066,0.0649841052391239,0.0,0.0,0.4243495185412825,0.1455117059205788,0.6202740136258141,0.0,13.520814810905328,0.0269008897140377,0.0042923300250277,-45.663730481038726,16225000.0,494231000.0,-798339000.0,1265571000.0,0.0,1824500.0,0.0,0.0,0.0,0.0,0.0,0.0,0.0,0.0127496629620818,0.4738889206657896,2000-11-14,,amc,,2025-04-25,2000-09-30,,23.99984126984127,19777.777777777777
2000-06-30,MAA,USD,912595,2000-08-14,2000-08-14 00:00:00,2000,Q2,55601000.0,0.0,55601000.0,1.0,0,3746000.0,0.0,3746000.0,33736000.0,37482000.0,37482000.0,0.0,10644000.0,13340000.0,31596000.0,0.5682631607,18119000.0,0.3258754339,-7475000.0,10644000.0,0.1914354058,-10644000.0,10644000.0,0.1914354058,0.61,0.6,17584000,17654000,https://www.sec.gov/Archives/edgar/data/912595/000091259500000009/0000912595-00-000009-index.htm,https://www.sec.gov/Archives/edgar/data/912595/000091259500000009/0000912595-00-000009-0001.txt,3.1620222929936306,0.6053230209281165,1.101853958143767,-1.2407870791628757,0.9106574158325752,28.77934485896269,28.77934485896269,25.68744313011829,44.13785259326661,422016000.0,1171479000.0,9.912063134160087,7.590079315120232,21.78147096774194,-19.3425611880099,0.9343086378207968,0.9343086378207968,21.06938724123667,37.07681352069882,60.46343225806452,-53.69323494362453,0.0252217925386715,-0.0516994616317864,1.6947007669010468,0.5862540370848897,23.720186099506268,10.668221185876083,1.7022735813603909,1.7953113417346185,0.0378942978465271,1.5024426907177753,0.0673728889768169,0.0,0.0,2.1260903225806453,0.7408679700005396,3.087931034482758,0.0,18.704465113909404,0.027448476351272,0.0081519054427984,-44.56540036396724,14512000.0,506056000.0,-783638000.0,1266075000.0,0.0,1451000.0,0.0,0.0,0.0,0.0,0.0,0.0,0.0,0.0235649386302049,2.342641037306642,2000-08-14,,amc,,2025-04-25,2000-06-30,,23.61285714285714,29100.0
2000-03-31,MAA,USD,912595,2000-05-15,2000-05-15 00:00:00,2000,Q1,55408000.0,0.0,55408000.0,1.0,0,3780000.0,0.0,3780000.0,46707000.0,50487000.0,50487000.0,0.0,7316000.0,14310000.0,19231000.0,0.3470798441,4921000.0,0.0888138897,2395000.0,7316000.0,0.1320386948,-7316000.0,7316000.0,0.1320386948,0.41,0.41,17630000,17655000,https://www.sec.gov/Archives/edgar/data/912595/000091259500000006/0000912595-00-000006-index.html,https://www.sec.gov/Archives/edgar/data/912595/000091259500000006/,3.142824730572887,0.4149744753261486,0.9397617697107205,-0.2724333522404991,1.036301758366421,29.04787294384572,29.04787294384572,25.939251276233698,43.20992626205332,401082500.0,1137287500.0,13.70566224712958,7.238711016459717,24.208262916465475,-83.50666250260254,0.8770492161754961,0.8770492161754961,20.52569123592261,59.1382403411159,68.64362023177209,-236.78690401832188,0.0182406362780724,-0.0119750924061757,1.6498144580578995,0.5810165701097306,38.28220061359264,13.0406852248394,0.6726353198469108,2.247422680412371,0.0397873255502296,2.181246582832149,0.0682211954952353,0.0,0.0,1.2898961854176727,0.3857024256425065,1.4934311670160727,0.0,15.56254676285134,0.0074820664552246,0.0056340067290802,-43.57112875779921,16869000.0,512114000.0,-768159000.0,1247507000.0,0.0,1761500.0,0.0,0.0,0.0,0.0,0.0,0.0,0.0,0.0159979357502257,1.2121951219512197,2000-05-15,,amc,,2025-04-25,2000-03-31,,22.41809523809524,34553.968253968254
1999-12-31,MAA,USD,912595,2000-03-30,2000-03-30 00:00:00,1999,Q4,55822000.0,0.0,55822000.0,1.0,0,-4621000.0,0.0,-4621000.0,251342000.0,246721000.0,246721000.0,0.0,9472000.0,12957000.0,-177942000.0,-3.1876679445,9472000.0,0.1696822041,190899000.0,9472000.0,0.1696822041,-9472000.0,9472000.0,0.1696822041,0.54,0.54,17630000,17630000,https://www.sec.gov/Archives/edgar/data/912595/000089056600000439/0000890566-00-000439-index.html,https://www.sec.gov/Archives/edgar/data/912595/000089056600000439/,3.1663074305161656,0.5372660238230289,0.4979013045944413,-1.154963131026659,0.7993193420306296,29.4920022688599,29.4920022688599,26.31219512195122,42.751559841179805,398966900.0,1129112900.0,10.530165223817567,7.147126580917917,45.45077466393256,-19.59369904724487,0.8600574712643678,0.8600574712643678,20.22702339579377,-6.345398500635039,128.62985873775347,-55.45196444357136,0.0237413178887772,-0.0510368153348059,1.6043622974709195,0.5730095632738256,-4.103280844320059,6.640904806786051,1.0,0.9299713952749232,0.0416701235114993,1.755173141891892,-0.0827809824083694,0.0,0.0,3.319662793347004,0.5220164093009925,2.248977386740758,0.0,17.834645781528565,0.0144523200841017,0.0072927565957794,-43.379863868406126,11970000.0,519944000.0,-764787000.0,1260021000.0,0.0,1061000.0,0.0,0.0,0.0,0.0,0.0,0.0,0.0,0.0204188978279052,1.6528644356211004,2000-03-30,,amc,,2025-04-25,1999-12-31,,22.38828125,51867.1875
1999-09-30,MAA,USD,912595,1999-11-12,1999-11-12 00:00:00,1999,Q3,57000000.0,0.0,57000000.0,1.0,0,6300000.0,0.0,6300000.0,-38600000.0,-32300000.0,-32300000.0,0.0,10500000.0,13300000.0,102600000.0,1.8,10500000.0,0.1842105263,-89300000.0,10500000.0,0.1842105263,-10500000.0,10500000.0,0.1842105263,0.55,0.55,19117647,19117647,https://www.sec.gov/Archives/edgar/data/912595/000091259599000017/0000912595-99-000017-index.html,https://www.sec.gov/Archives/edgar/data/912595/000091259599000017/,2.981538470712426,0.54923077092071,1.4227692351469825,0.1883076928871006,0.7323076945609468,29.140615474278817,29.140615474278817,26.11200008034461,38.13753857888474,411029410.5,1115629410.5,9.786414535714286,7.211042289473684,15.111375386029412,114.17483625,0.8233762229567309,0.8233762229567309,19.572445798245617,10.87358099902534,41.01578715073529,309.8970584722222,0.025545617252126,0.008758497343586,1.439503205128205,0.5461316309469524,6.867446393762183,0.1428571428571428,1.0,2.5904761904761906,0.0486583185754781,1.9047619047619049,0.1105263157894736,0.0,0.0,0.8676470588235294,0.4140350877192982,1.7744360902255638,0.0,17.96340901733882,0.0170482221139795,0.0079799361605107,-38.95353858139551,-84000000.0,557100000.0,-744700000.0,1174400000.0,0.0,0.0,0.0,0.0,0.0,0.0,0.0,0.0,0.0,0.0210336538461538,1.2344615422598817,1999-11-12,,amc,,2025-04-25,1999-09-30,,21.9921875,40726.5625
1999-06-30,MAA,USD,912595,1999-08-16,1999-08-16 00:00:00,1999,Q2,52000000.0,0.0,52000000.0,1.0,0,6300000.0,0.0,6300000.0,-37500000.0,-31200000.0,-31200000.0,0.0,2700000.0,13300000.0,96496000.0,1.8556923077,2700000.0,0.0519230769,-83196000.0,2700000.0,0.0519230769,-2700000.0,2700000.0,0.0519230769,0.15,0.15,18571429,18571429,https://www.sec.gov/Archives/edgar/data/912595/000091259599000013/0000912595-99-000013-index.html,https://www.sec.gov/Archives/edgar/data/912595/000091259599000013/,2.799999935384617,0.1453846120295858,1.2223076641005923,-0.3069230698402369,0.7538461364497046,30.35307622262132,30.35307622262132,27.197691680053268,39.40461447527813,429557152.77,1144657152.77,39.77381044166666,8.260714476346154,18.923222588986786,-75.36090399473684,0.8504398193823005,0.8504398193823005,22.01263755326923,11.862223851454983,50.42542523215859,-200.817044345614,0.0062855431054728,-0.0132694798893314,1.4434765392991489,0.5510126964933495,7.410669872326314,0.1573033707865168,1.0,8.407407407407407,0.0307293218489781,4.888888888888889,0.1211538461538461,0.0,0.0,1.251101321585903,0.5461538461538461,2.1353383458646618,0.0,9.432276061089864,0.00432622977087,0.0020405078597339,-40.14230676594676,-75000000.0,563700000.0,-745500000.0,1195600000.0,0.0,0.0,0.0,0.0,0.0,0.0,0.0,0.0,0.0,0.0053454761433379,1.529230733940829,1999-08-16,,amc,,2025-04-25,1999-06-30,,23.194444444444443,41004.76190476191
1999-03-31,MAA,USD,912595,1999-05-17,1999-05-17 00:00:00,1999,Q1,61800000.0,0.0,61800000.0,1.0,0,6500000.0,0.0,6500000.0,-37600000.0,-31100000.0,-31100000.0,0.0,10900000.0,13200000.0,106108000.0,1.7169579288,10900000.0,0.1763754045,-92908000.0,10900000.0,0.1763754045,-10900000.0,10900000.0,0.1763754045,0.58,0.58,18648649,18648649,https://www.sec.gov/Archives/edgar/data/912595/000091259599000010/0000912595-99-000010-index.html,https://www.sec.gov/Archives/edgar/data/912595/,3.313912981042219,0.5844927426110063,0.8740579545467342,-0.4557970928617939,0.7507246235370723,30.849419708634123,30.849419708634123,27.583767596247856,40.34608619637809,398708115.62,1126208115.62,9.144681550917433,6.451587631391586,24.46062059018405,-46.9068371317647,0.7750935373639191,0.7750935373639191,18.22343229158576,10.613790813322275,69.09252243067483,-132.49507242588234,0.0273382947900377,-0.0213188537353505,1.4414852255054431,0.5486496485386607,6.856221962528744,0.1473684210526315,1.0,1.481818181818182,0.0416344672949198,1.5229357798165135,0.105177993527508,0.0,0.0,1.521472392638037,0.401294498381877,1.878787878787879,0.0,19.0461681031172,0.0171585989767807,0.0080651128375878,-40.871593432854034,-81000000.0,575300000.0,-762200000.0,1195100000.0,0.0,5192000.0,0.0,0.0,0.0,0.0,0.0,0.0,0.0,0.0211897356143079,1.329855047408528,1999-05-17,,amc,,2025-04-25,1999-03-31,,22.72114754098361,42409.83606557377
1998-12-31,MAA,USD,912595,1999-03-31,1999-03-31 00:00:00,1998,Q4,55843000.0,0.0,55843000.0,1.0,0,-5840000.0,0.0,-5840000.0,230986000.0,225146000.0,225146000.0,0.0,6857000.0,12869000.0,-156434000.0,-2.8013179808,6857000.0,0.122790681,0.0,6857000.0,0.122790681,-6857000.0,6857000.0,0.122790681,0.37,0.37,18648649,18648649,https://www.sec.gov/Archives/edgar/data/912595/000089056699000456/0000890566-99-000456-index.html,https://www.sec.gov/Archives/edgar/data/912595/,2.9944796537271947,0.3676941959709789,1.0191086764515758,-1.8138579368403576,0.3880710071812708,31.03388347327466,31.03388347327466,27.739221216507428,40.76885140580425,423137845.81,1169327845.81,15.42722202894852,7.577276396504486,22.264553844251516,-12.509248678826935,0.8179753794420634,0.8179753794420634,20.939559941442973,-7.474895775918278,61.527379416469344,-34.56890692987643,0.0162051210211978,-0.0799408522186142,1.4564632833235711,0.5513847428366097,-4.769998849355,0.696937596302003,1.0,2.775668175843435,0.0365058340986499,2.252734431967333,-0.1045789087262503,0.0,0.0,2.7798474085766904,0.9460630696774888,4.105291786463595,0.0,15.148923705876216,0.0100595622322633,0.0050181970935878,-41.85021660282201,-3147000.0,578740000.0,-780450000.0,1312221000.0,0.0,5192000.0,0.0,0.0,0.0,0.0,0.0,0.0,0.0,0.0132553900162188,2.8329666132919336,1999-03-31,,amc,,2025-04-25,1998-12-31,,24.0865625,43325.0
1998-09-30,MAA,USD,912595,1998-11-16,1998-11-16 00:00:00,1998,Q3,56100000.0,0.0,56100000.0,1.0,0,6300000.0,0.0,6300000.0,-36700000.0,-30400000.0,-30400000.0,0.0,7200000.0,12100000.0,98600000.0,1.7575757576,7200000.0,0.128342246,0.0,7200000.0,0.128342246,-7200000.0,7200000.0,0.128342246,0.38,0.38,19000000,19000000,https://www.sec.gov/Archives/edgar/data/912595/000091259598000035/0000912595-98-000035-index.html,https://www.sec.gov/Archives/edgar/data/912595/,2.9526315789473685,0.3789473684210526,1.236842105263158,-3.1157894736842104,0.631578947368421,29.46315789473684,29.46315789473684,26.221052631578942,38.42631578947368,491720000.0,1202620000.0,17.07361111111111,8.7650623885918,20.924255319148937,-8.30608108108108,0.9869931754315536,0.9869931754315536,21.437076648841355,12.196957403651115,51.17531914893617,-20.314527027027022,0.0146424794598552,-0.1203937200032538,1.4510236852669611,0.546864361903321,7.209939148073023,0.1188118811881188,1.0,3.309859154929577,0.0378264052712926,2.583333333333333,0.1122994652406417,0.0,0.0,3.519148936170213,1.4741532976827094,6.8347107438016526,0.0,14.952223081175992,0.011679779381945,0.0054467054996595,-39.47894736842105,-89000000.0,559800000.0,-750100000.0,1176600000.0,0.0,0.0,0.0,0.0,0.0,0.0,0.0,0.0,0.0,0.0144520272982737,4.352631578947369,1998-11-16,,amc,,2025-04-25,1998-09-30,,25.759375,42023.4375
1998-06-30,MAA,USD,912595,1998-08-14,1998-08-14 00:00:00,1998,Q2,52600000.0,0.0,52600000.0,1.0,0,6000000.0,0.0,6000000.0,-33500000.0,-27500000.0,-27500000.0,0.0,6100000.0,11900000.0,92000000.0,1.7490494297,6100000.0,0.1159695817,-80100000.0,6100000.0,0.1159695817,-6100000.0,6100000.0,0.1159695817,0.32,0.32,19000000,19000000,https://www.sec.gov/Archives/edgar/data/912595/000091259598000026/0000912595-98-000026-index.html,https://www.sec.gov/Archives/edgar/data/912595/,2.768421052631579,0.3210526315789473,1.2105263157894737,-0.4421052631578947,0.6842105263157895,29.86842105263158,29.86842105263158,26.55263157894737,34.473684210526315,499890000.0,1135790000.0,20.48729508196721,9.50361216730038,21.73434782608696,-59.510714285714286,0.9908622398414272,0.9908622398414272,21.59296577946768,12.34554347826087,49.38217391304348,-135.21309523809524,0.0122026845906099,-0.0168036968132989,1.2862239841427157,0.5183735420993769,6.91195652173913,0.1326530612244898,1.0,3.3823529411764706,0.0250055012102662,2.0491803278688523,0.1140684410646387,0.0,0.0,1.3652173913043475,0.596958174904943,2.638655462184874,0.0,13.849470223974798,0.0104559478916695,0.0048729829046173,-35.33157894736842,-85000000.0,567500000.0,-671300000.0,1109100000.0,0.0,0.0,0.0,0.0,0.0,0.0,0.0,0.0,0.0,0.0120911793855302,1.6526315789473685,1998-08-14,,amc,,2025-04-25,1998-06-30,,27.14333333333333,46663.49206349206
1998-03-31,MAA,USD,912595,1998-05-15,1998-05-15 00:00:00,1998,Q1,51000000.0,0.0,51000000.0,1.0,0,5500000.0,0.0,5500000.0,-32500000.0,-27000000.0,-27000000.0,0.0,6600000.0,11500000.0,89500000.0,1.7549019608,6600000.0,0.1294117647,0.0,6600000.0,0.1294117647,-6600000.0,6600000.0,0.1294117647,0.37,0.37,17916667,17916667,https://www.sec.gov/Archives/edgar/data/912595/000091259598000012/0000912595-98-000012-index.html,https://www.sec.gov/Archives/edgar/data/912595/,2.846511574948622,0.3683720861698216,0.8316278915045974,-1.2390697443894,0.6697674293996757,29.14604596937589,29.14604596937589,25.540464641107636,37.546045813096825,505070842.73,1159170842.73,19.131471315530305,9.90334985745098,33.89737199530202,-22.750938861711717,1.103738729742133,1.103738729742133,22.728840053529417,12.951629527709498,77.79670085436241,-52.21490282567568,0.0130674737910543,-0.0439542300244554,1.455638111888112,0.5448670756646217,7.308379888268156,0.1212121212121212,1.0,2.128571428571429,0.0237590432564624,1.818181818181818,0.1078431372549019,0.0,0.0,2.48993288590604,0.7274509803921568,3.226086956521739,0.0,14.549531622557687,0.0116248348745046,0.0053987730061349,-38.4167434713164,-87000000.0,522200000.0,-688300000.0,1074400000.0,0.0,5049000.0,0.0,0.0,0.0,0.0,0.0,0.0,0.0,0.0144230769230769,2.070697635893997,1998-05-15,,amc,,2025-04-25,1998-03-31,,28.614262295081968,42031.147540983606
1997-12-31,MAA,USD,912595,1998-03-31,1998-03-31 00:00:00,1997,Q4,42116000.0,0.0,42116000.0,1.0,0,-8398000.0,0.0,-8398000.0,142429000.0,134031000.0,134031000.0,0.0,0.0,8846000.0,-83069000.0,-1.9723857916,-1473000.0,-0.0349748314,90442000.0,-1473000.0,-0.0349748314,1473000.0,-1473000.0,-0.0349748314,-0.0822,-0.0822,17916667,17916667,https://www.sec.gov/Archives/edgar/data/912595/000091259598000005/0000912595-98-000005-index.html,https://www.sec.gov/Archives/edgar/data/912595/,2.3506604213830617,-0.0822139519588101,0.4407627824974366,-0.4514232474153814,0.8263255660218499,29.26688317643008,29.26688317643008,25.75813905566253,35.286306320254766,511700009.52,1129108009.52,-86.84657323828921,12.149777032956596,64.79675946815246,-63.26656893175074,1.1087757519393282,1.1087757519393282,26.809478809003704,-13.59241124270185,142.9793604558693,-139.6028696241345,-0.0028786397744681,-0.0158061361139839,1.3699089924160346,0.5294605843878499,-7.432471800551349,1.4661319073083778,0.0,1.1046300181843614,0.0235899936983061,-8.194840461642906,-0.1994016525785924,0.0,0.0,2.024186399898696,0.3795469655237914,1.8070314266335064,0.0,,-0.0024575046067784,-0.0012335960203338,-36.5525574594873,4707000.0,524365000.0,-654900000.0,1139411000.0,0.0,5049000.0,0.0,0.0,0.0,0.0,0.0,0.0,0.0,-0.0031917659804983,0.892186029912818,1998-03-31,,amc,,2025-04-25,1997-12-31,,28.29421875,62268.75
1997-09-30,MAA,USD,912595,1997-11-13,1997-11-13 00:00:00,1997,Q3,34400000.0,0.0,34400000.0,1.0,0,5400000.0,0.0,5400000.0,-22100000.0,-16700000.0,-16700000.0,0.0,4300000.0,7000000.0,58100000.0,1.6889534884,4300000.0,0.125,0.0,4300000.0,0.125,-4300000.0,4300000.0,0.125,0.38,0.38,11320755,11320755,https://www.sec.gov/Archives/edgar/data/912595/000091259597000029/0000912595-97-000029-index.html,https://www.sec.gov/Archives/edgar/data/912595/,3.038666590700002,0.3798333238375002,1.1836666370750006,-0.3533333245000002,0.5299999867500004,29.67116592488752,29.67116592488752,25.66083269181252,34.13199914670002,336113215.95,712213215.95,19.54146604360465,9.770733021802323,25.083075817164183,-84.0283039875,1.1570162339070569,1.1570162339070569,20.703872556686047,12.258403028399313,53.15023999626866,-178.05330398750002,0.0127933083138262,-0.0119007519198383,1.315318416523236,0.5182422351824224,6.473321858864027,0.0923076923076923,1.0,3.116279069767442,0.0365948121535028,2.86046511627907,0.1569767441860465,0.0,0.0,1.2985074626865671,0.5058139534883721,2.4857142857142858,0.0,14.808912381056402,0.0126787557128114,0.0058320900583209,-34.926999126825024,-59000000.0,335900000.0,-395400000.0,655900000.0,0.0,0.0,0.0,0.0,0.0,0.0,0.0,0.0,0.0,0.014802065404475,1.536999961575001,1997-11-13,,amc,,2025-04-25,1997-09-30,,28.20796875,22962.5
1997-06-30,MAA,USD,912595,1997-08-14,1997-08-14 00:00:00,1997,Q2,32700000.0,0.0,32700000.0,1.0,0,5100000.0,0.0,5100000.0,-20700000.0,-15600000.0,-15600000.0,0.0,4600000.0,6700000.0,55000000.0,1.6819571865,4600000.0,0.1406727829,0.0,4600000.0,0.1406727829,-4600000.0,4600000.0,0.1406727829,0.37,0.37,12592593,12592593,https://www.sec.gov/Archives/edgar/data/912595/000091259597000020/0000912595-97-000020-index.html,https://www.sec.gov/Archives/edgar/data/912595/,2.59676462186938,0.3652941058287201,1.2388234893321812,-2.032941110698964,0.3970588106833914,26.95235206918861,26.95235206918861,23.378822773038088,27.99264615317909,353348159.58,696248159.5799999,19.203704325,10.80575411559633,22.65052305,-13.80266248359375,1.2002315203124998,1.2002315203124998,21.29199264770642,12.65905744690909,44.63129228076922,-27.197193733593743,0.0130183216617505,-0.0724497901175682,1.181725543478261,0.4947383390216154,6.234545454545454,0.081967213114754,1.0,3.466666666666667,0.023772587382327,1.826086956521739,0.1559633027522936,0.0,0.0,2.641025641025641,1.2599388379204892,6.149253731343284,0.0,13.861936683040144,0.0142150803461063,0.0065415244596131,-28.492940254640168,-56000000.0,339400000.0,-358800000.0,627300000.0,0.0,0.0,0.0,0.0,0.0,0.0,0.0,0.0,0.0,0.015625,3.2717646000311453,1997-08-14,,amc,,2025-04-25,1997-06-30,,27.085,31642.1875
1997-03-31,MAA,USD,912595,1997-05-15,1997-05-15 00:00:00,1997,Q1,29800000.0,0.0,29800000.0,1.0,0,4500000.0,0.0,4500000.0,-18600000.0,-14100000.0,-14100000.0,0.0,3900000.0,6200000.0,50100000.0,1.6812080537,3900000.0,0.1308724832,0.0,3900000.0,0.1308724832,-3900000.0,3900000.0,0.1308724832,0.38,0.38,10384615,10384615,https://www.sec.gov/Archives/edgar/data/912595/000091259597000015/0000912595-97-000015-index.html,https://www.sec.gov/Archives/edgar/data/912595/,2.8696297359122123,0.3755555694650211,0.7607407689163248,-2.89851862587106,0.2888888995884777,32.6925938034294,32.6925938034294,28.590371429273016,29.668889987736662,290769220.0,591969220.0,18.639052564102563,9.757356375838926,36.80623037974683,-9.660106976744189,0.9793506904681712,0.9793506904681712,19.864738926174496,11.815752894211576,74.93281265822785,-19.66675149501661,0.013412698909465,-0.1035185223525378,1.0245874031660491,0.4635075422824927,6.011976047904192,0.0545454545454545,1.0,2.025641025641025,0.0240740749657064,1.794871794871795,0.1510067114093959,0.0,0.0,4.810126582278481,1.2751677852348993,6.129032258064516,0.0,15.543122193596906,0.0129074962766837,0.005942404388237,-30.217778896954773,-52000000.0,339500000.0,-313800000.0,586300000.0,0.0,372000.0,0.0,0.0,0.0,0.0,0.0,0.0,0.0,0.0131357359380262,3.659259394787385,1997-05-15,,amc,,2025-04-25,1997-03-31,,28.76983606557377,35908.19672131148
1996-12-31,MAA,USD,912595,1997-03-31,1997-03-31 00:00:00,1996,Q4,27282000.0,0.0,27282000.0,1.0,0,-6946000.0,0.0,-6946000.0,142940000.0,135994000.0,135994000.0,0.0,3860000.0,5943000.0,-102769000.0,-3.7669159153,3860000.0,0.1414852284,108712000.0,3860000.0,0.1414852284,-3860000.0,3860000.0,0.1414852284,0.74,0.74,10384615,10384615,https://www.sec.gov/Archives/edgar/data/912595/000091259597000011/0000912595-97-000011-index.html,https://www.sec.gov/Archives/edgar/data/912595/,2.627155652857617,0.371703717470508,1.1476593017651593,-2.7939408442200317,0.3902889033440334,27.022860260105936,27.022860260105936,23.244386046088373,30.72805298992789,299907681.2,611093681.2,19.42407261658031,10.992877399017669,25.16426256083236,-10.336654070448748,1.2424505402180757,1.2424505402180757,22.399152598783083,-5.946284202434587,51.27485158583655,-21.062028027848623,0.0128706273362364,-0.0967431040242393,1.3059647698273291,0.5157714590501621,-3.0280142844632136,5.44758064516129,1.0,3.087564766839378,0.0353842220964095,2.749222797927461,-0.2546001026317718,0.0,0.0,3.4344688706158752,1.500329887838135,6.887430590610802,0.0,13.942759979004862,0.0125628958451313,0.0063154553590565,-31.44305301640937,3309000.0,280622000.0,-326524000.0,595644000.0,0.0,372000.0,0.0,0.0,0.0,0.0,0.0,0.0,0.0,0.0159911178868524,3.9416001459851904,1997-03-31,,amc,,2025-04-25,1996-12-31,,26.0103125,60943.75
1996-09-30,MAA,USD,912595,1996-11-14,1996-11-14 00:00:00,1996,Q3,28300000.0,0.0,28300000.0,1.0,0,4500000.0,0.0,4500000.0,-18100000.0,-13600000.0,-13600000.0,0.0,2800000.0,5600000.0,47500000.0,1.6784452297,2800000.0,0.0989399293,0.0,2800000.0,0.0989399293,-2800000.0,2800000.0,0.0989399293,0.26,0.26,10769231,10769231,https://www.sec.gov/Archives/edgar/data/912595/000091259596000021/0000912595-96-000021-index.html,https://www.sec.gov/Archives/edgar/data/912595/,2.627857086545919,0.2599999944285715,1.6435713933520415,-1.3557142566632658,0.2785714226020409,21.89571381652042,21.89571381652042,18.21857103817348,32.527856445831645,270630775.03,615130775.03,24.16346205625,9.562924912720849,15.289874295480226,-18.53635445410959,1.379361748369011,1.379361748369011,21.73606978904593,12.950121579578946,34.75315113163842,-42.13224486506849,0.0103461995395372,-0.0539480404561586,1.7711518858307849,0.579070154974171,7.252631578947368,0.0535714285714285,1.0,6.103448275862069,0.0203228919526624,1.9642857142857144,0.1590106007067137,0.0,0.0,1.8248587570621468,1.1413427561837457,5.767857142857143,0.0,10.32369305478843,0.010235788704076,0.0046658890184969,-33.54928499537247,-53000000.0,235800000.0,-361300000.0,526900000.0,0.0,0.0,0.0,0.0,0.0,0.0,0.0,0.0,0.0,0.0142711518858307,2.999285650015308,1996-11-14,,amc,,2025-04-25,1996-09-30,,24.79390625,22842.1875
1996-06-30,MAA,USD,912595,1996-08-14,1996-08-14 00:00:00,1996,Q2,29300000.0,0.0,29300000.0,1.0,0,4200000.0,0.0,4200000.0,-17200000.0,-13000000.0,-13000000.0,0.0,4600000.0,5400000.0,47700000.0,1.6279863481,4600000.0,0.156996587,-42300000.0,4600000.0,0.156996587,-4600000.0,4600000.0,0.156996587,0.42,0.42,10952381,10952381,https://www.sec.gov/Archives/edgar/data/912595/000091259596000011/0000912595-96-000011-index.html,https://www.sec.gov/Archives/edgar/data/912595/,2.675217379672968,0.419999998173913,0.3469565202306238,0.356086954973535,0.182608694858223,21.821739035557652,21.821739035557652,18.15130426890737,29.79260856611909,280709525.03,600409525.03,15.255952447282608,9.580529864505118,73.87092763947368,71.97680128974358,1.41201974361167,1.41201974361167,20.491792663139933,12.58720178259958,158.0025065868421,153.95116026410255,0.0163870463587168,0.013893365391086,1.6182092555331993,0.5602577499129223,6.70230607966457,0.0377358490566037,1.0,0.8444444444444444,0.0199494477410466,1.2173913043478262,0.1433447098976109,0.0,0.0,0.0263157894736842,0.0034129692832764,0.0185185185185185,0.0,13.096939512549977,0.0175840978593272,0.0080111459421804,-30.422608563379963,-51000000.0,239000000.0,-333200000.0,497600000.0,0.0,0.0,0.0,0.0,0.0,0.0,0.0,0.0,0.0,0.0231388329979879,0.0091304347429111,1996-08-14,,amc,,2025-04-25,1996-06-30,,25.908571428571427,11607.936507936509
1996-03-31,MAA,USD,912595,1996-05-14,1996-05-14 00:00:00,1996,Q1,27100000.0,0.0,27100000.0,1.0,0,4400000.0,0.0,4400000.0,-17300000.0,-12900000.0,-12900000.0,0.0,3000000.0,5300000.0,45300000.0,1.6715867159,3000000.0,0.110701107,0.0,3000000.0,0.110701107,-3000000.0,3000000.0,0.110701107,0.27,0.27,11111111,11111111,https://www.sec.gov/Archives/edgar/data/912595/000091259596000005/0000912595-96-000005-index.html,https://www.sec.gov/Archives/edgar/data/912595/,2.4390000243900003,0.2700000027,0.41400000414,-0.8820000088200001,0.0,21.61800021618,21.61800021618,17.98200017982,29.862000298620003,280555552.75,609355552.75,23.379629395833337,10.352603422509224,60.99033755434783,-28.62811762755102,1.4041819456956957,1.4041819456956957,22.485444750922507,13.45155745584989,132.46859842391305,-62.17913803571429,0.0106930694138613,-0.0349306934186138,1.6456456456456456,0.565726083964212,7.258278145695364,0.0,1.0,1.5333333333333334,0.0199603962392079,1.8666666666666667,0.1623616236162361,0.0,0.0,3.130434782608696,0.5313653136531366,2.7169811320754715,0.0,10.451825303975044,0.0103234686854783,0.0051617343427391,-30.690000306900004,0.0,240200000.0,-341000000.0,563000000.0,0.0,0.0,0.0,0.0,0.0,0.0,0.0,0.0,0.0,0.015015015015015,1.2960000129600002,1996-05-14,,amc,,2025-04-25,1996-03-31,,25.50587301587301,26144.444444444445
1995-12-31,MAA,USD,912595,1995-12-31,1995-12-31 00:00:00,1995,Q4,26900000.0,0.0,26900000.0,1.0,0,4100000.0,0.0,4100000.0,-17000000.0,-12900000.0,-12900000.0,0.0,3100000.0,5100000.0,44900000.0,1.6691449814,3100000.0,0.1152416357,0.0,3100000.0,0.1152416357,-3100000.0,3100000.0,0.1152416357,0.57,0.57,10800000,10800000,,,2.490740740740741,0.287037037037037,0.5648148148148148,-1.2314814814814814,0.0,22.52777777777778,22.52777777777778,18.73148148148148,28.796296296296298,267300000.0,575200000.0,21.556451612903224,9.936802973977697,43.81967213114754,-20.09774436090225,1.3213049925852691,1.3213049925852691,21.382899628252787,12.810690423162583,94.29508196721312,-43.24812030075188,0.0115974560419004,-0.0497568275346053,1.5219970341077609,0.5446665487351848,6.857461024498886,0.0,1.0,1.967741935483871,0.0168350168350168,1.4516129032258065,0.1524163568773234,0.0,0.0,3.180327868852459,0.7211895910780669,3.803921568627451,0.0,10.998824993360332,0.0109676278082434,0.0054838139041217,-29.814814814814813,0.0,243300000.0,-322000000.0,549300000.0,0.0,0.0,0.0,0.0,0.0,0.0,0.0,0.0,0.0,0.0153237765694513,1.7962962962962965,1995-12-31,,amc,,2025-04-25,1995-12-31,,23.669047619047618,40222.22222222222
1995-09-30,MAA,USD,912595,1995-09-30,1995-09-30 00:00:00,1995,Q3,26400000.0,0.0,26400000.0,1.0,0,4000000.0,0.0,4000000.0,-17000000.0,-13000000.0,-13000000.0,0.0,2700000.0,4700000.0,44100000.0,1.6704545455,2700000.0,0.1022727273,0.0,2700000.0,0.1022727273,-2700000.0,2700000.0,0.1022727273,0.25,0.25,10800000,10800000,,,2.4444444444444446,0.25,1.5,1.5,0.0,22.84259259259259,22.84259259259259,18.97222222222222,28.28703703703704,267300000.0,570100000.0,24.75,10.125,16.5,16.5,1.3045387994143485,1.3045387994143485,21.59469696969697,12.927437641723357,35.19135802469136,35.19135802469136,0.0101010101010101,0.0606060606060606,1.477794045876037,0.5350768687047182,6.866213151927438,0.0,1.0,6.0,0.019453797231575,1.9259259259259256,0.1515151515151515,0.0,0.0,0.0,0.0,0.0,0.0,10.330476755697193,0.0095423219650114,0.0047711609825057,-29.55555555555556,0.0,246700000.0,-319200000.0,546400000.0,0.0,0.0,0.0,0.0,0.0,0.0,0.0,0.0,0.0,0.0131771595900439,0.0,1995-09-30,,amc,,2025-04-25,1995-09-30,,25.32174603174603,25015.87301587301
1995-06-30,MAA,USD,912595,1995-06-30,1995-06-30 00:00:00,1995,Q2,21100000.0,0.0,21100000.0,1.0,0,3200000.0,0.0,3200000.0,-13000000.0,-9800000.0,-9800000.0,0.0,2200000.0,3800000.0,34700000.0,1.644549763,2200000.0,0.1042654028,0.0,2200000.0,0.1042654028,-2200000.0,2200000.0,0.1042654028,0.25,0.25,8800000,8800000,,,2.397727272727273,0.25,0.7727272727272727,0.7613636363636364,0.0,27.647727272727277,27.647727272727277,22.977272727272727,35.125,220000000.0,526900000.0,25.0,10.42654028436019,32.35294117647059,32.83582089552239,1.0880316518298714,1.0880316518298714,24.971563981042653,15.18443804034582,77.48529411764706,78.64179104477611,0.01,0.0304545454545454,1.5178041543026706,0.5374781085814361,8.844380403458214,0.0,1.0,3.090909090909091,0.0195454545454545,1.9545454545454544,0.1516587677725118,0.0,0.0,0.0147058823529411,0.0047393364928909,0.0263157894736842,0.0,11.368692057176546,0.0077057793345008,0.0038528896672504,-37.23863636363637,0.0,243300000.0,-327700000.0,544600000.0,0.0,0.0,0.0,0.0,0.0,0.0,0.0,0.0,0.0,0.0108803165182987,0.0113636363636363,1995-06-30,,amc,,2025-04-25,1995-06-30,,25.544126984126983,27822.222222222223
1995-03-31,MAA,USD,912595,1995-03-31,1995-03-31 00:00:00,1995,Q1,20300000.0,0.0,20300000.0,1.0,0,3200000.0,0.0,3200000.0,-12800000.0,-9600000.0,-9600000.0,0.0,1800000.0,3700000.0,33600000.0,1.6551724138,1800000.0,0.0886699507,0.0,1800000.0,0.0886699507,-1800000.0,1800000.0,0.0886699507,0.21,0.21,8571429,8571429,,,2.3683332149166727,0.2099999895000005,0.6883332989166684,-1.1199999440000028,0.0,22.50499887475005,22.50499887475005,17.48833245891671,29.55166518908341,220714296.75,472214296.75,30.6547634375,10.872625455665023,37.40920283898305,-22.991072578125,1.4724102518345563,1.4724102518345563,23.26178801724138,14.053996927083332,80.03632148305084,-49.188989244791664,0.0081553393980582,-0.0434951434563107,1.677785190126751,0.5525043936731108,7.485119047619048,0.0,1.0,3.2777777777777777,0.0194821996731392,2.388888888888889,0.1576354679802955,0.0,0.0,2.6271186440677967,0.7635467980295566,4.1891891891891895,0.0,9.090234690961676,0.007908611599297,0.0039543057996485,-30.60166513658341,0.0,192900000.0,-262300000.0,438100000.0,0.0,0.0,0.0,0.0,0.0,0.0,0.0,0.0,0.0,0.0120080053368912,1.8083332429166712,1995-03-31,,amc,,2025-04-25,1995-03-31,,25.58142857142857,14234.920634920634
1994-12-31,MAA,USD,912595,1994-12-31,1994-12-31 00:00:00,1994,Q4,18600000.0,0.0,18600000.0,1.0,0,0.0,0.0,0.0,23300000.0,23300000.0,23300000.0,0.0,41900000.0,-39500000.0,41900000.0,2.252688172,41900000.0,2.252688172,-39500000.0,2400000.0,0.1290322581,-2400000.0,2400000.0,0.1290322581,0.75,0.75,6400000,6400000,,,2.90625,0.375,,,0.0,30.640625,30.640625,23.8125,42.921875,171200000.0,404000000.0,17.833333333333332,9.204301075268818,0.0,0.0,1.1233595800524934,1.1233595800524934,21.72043010752688,9.64200477326969,0.0,0.0,0.014018691588785,,1.5275590551181102,0.5300546448087432,5.556085918854415,0.0,1.0,0.0,0.016822429906542,1.2,0.0,0.0,0.0,0.0,,0.0,,14.17455356439842,0.1908014571948998,0.0054644808743169,-37.984375,0.0,196100000.0,-243100000.0,421100000.0,,,,0.0,0.0,0.0,0.0,0.0,0.0,0.0157480314960629,,1994-12-31,,amc,,2025-04-25,1994-12-31,,24.625396825396823,17533.333333333332
1994-09-30,MAA,USD,912595,1994-09-30,1994-09-30 00:00:00,1994,Q3,14500000.0,0.0,14500000.0,1.0,0,0.0,0.0,0.0,0.0,0.0,0.0,0.0,14500000.0,-12900000.0,14500000.0,1.0,14500000.0,1.0,-12900000.0,1600000.0,0.1103448276,-1600000.0,1600000.0,0.1103448276,0.25,0.25,6400000,6400000,,,2.265625,0.25,,,,,,,,157632000.0,,24.63,10.871172413793104,0.0,0.0,0.0,0.0,,,0.0,0.0,0.0101502233049127,,0.0,0.0,,0.0,1.0,0.0,0.0182704019488428,1.8,0.0,0.0,0.0,0.0,,0.0,,,0.0,0.0,,,,,,,,,,0.0,0.0,0.0,0.0,0.0,0.0,,1994-09-30,,amc,,2025-04-25,1994-09-30,,24.998125,26862.5
1994-06-30,MAA,USD,912595,1994-06-30,1994-06-30 00:00:00,1994,Q2,10600000.0,0.0,10600000.0,1.0,0,0.0,0.0,0.0,0.0,0.0,0.0,0.0,10600000.0,-9300000.0,10600000.0,1.0,10600000.0,1.0,-10600000.0,1300000.0,0.1226415094,-1300000.0,1300000.0,0.1226415094,0.26,0.26,7500000,7500000,,,1.413333333333333,0.1733333333333333,,,,,,,,187500000.0,,36.05769230769231,17.68867924528302,0.0,0.0,0.0,0.0,,,0.0,0.0,0.0069333333333333,,0.0,0.0,,0.0,1.0,0.0,0.0104,1.5,0.0,0.0,0.0,0.0,,0.0,,,0.0,0.0,,,,,,,,,,0.0,0.0,0.0,0.0,0.0,0.0,,1994-06-30,,amc,,2025-04-25,1994-06-30,,24.78064516129032,13311.290322580646
1994-03-31,MAA,USD,912595,1994-03-31,1994-03-31 00:00:00,1994,Q1,7700000.0,0.0,7700000.0,1.0,0,0.0,0.0,0.0,0.0,0.0,0.0,0.0,7700000.0,-5900000.0,7700000.0,1.0,7700000.0,1.0,-7700000.0,1800000.0,0.2337662338,-1800000.0,1800000.0,0.2337662338,0.24,0.24,7500000,7500000,,,1.0266666666666666,0.24,,,,,,,,173475000.0,,24.09375,22.52922077922078,0.0,0.0,0.0,0.0,,,0.0,0.0,0.0103761348897535,,0.0,0.0,,0.0,1.0,0.0,,,0.0,0.0,0.0,0.0,,0.0,,,0.0,0.0,,,,,,,,,,0.0,0.0,0.0,0.0,0.0,0.0,,1994-03-31,,amc,,2025-04-25,1994-03-31,,22.882727272727276,50861.36363636364
