date,symbol,reportedCurrency,cik,fillingDate,acceptedDate,calendarYear,period,revenue,costOfRevenue,grossProfit,grossProfitRatio,researchAndDevelopmentExpenses,generalAndAdministrativeExpenses,sellingAndMarketingExpenses,sellingGeneralAndAdministrativeExpenses,otherExpenses,operatingExpenses,costAndExpenses,interestIncome,interestExpense,depreciationAndAmortization,ebitda,ebitdaratio,operatingIncome,operatingIncomeRatio,totalOtherIncomeExpensesNet,incomeBeforeTax,incomeBeforeTaxRatio,incomeTaxExpense,netIncome,netIncomeRatio,eps,epsdiluted,weightedAverageShsOut,weightedAverageShsOutDil,link,finalLink,revenuePerShare,netIncomePerShare,operatingCashFlowPerShare,freeCashFlowPerShare,cashPerShare,bookValuePerShare,tangibleBookValuePerShare,shareholdersEquityPerShare,interestDebtPerShare,marketCap,enterpriseValue,peRatio,priceToSalesRatio,pocfratio,pfcfRatio,pbRatio,ptbRatio,evToSales,enterpriseValueOverEBITDA,evToOperatingCashFlow,evToFreeCashFlow,earningsYield,freeCashFlowYield,debtToEquity,debtToAssets,netDebtToEBITDA,currentRatio,interestCoverage,incomeQuality,dividendYield,payoutRatio,salesGeneralAndAdministrativeToRevenue,researchAndDdevelopementToRevenue,intangiblesToTotalAssets,capexToOperatingCashFlow,capexToRevenue,capexToDepreciation,stockBasedCompensationToRevenue,grahamNumber,roic,returnOnTangibleAssets,grahamNetNet,workingCapital,tangibleAssetValue,netCurrentAssetValue,investedCapital,averageReceivables,averagePayables,averageInventory,daysSalesOutstanding,daysPayablesOutstanding,daysOfInventoryOnHand,receivablesTurnover,payablesTurnover,inventoryTurnover,roe,capexPerShare,report_date,epsEstimated,time,revenueEstimated,updatedFromDate,fiscalDateEnding,surprise(%),QuarterAvgPrice,QuarterAvgVolume
2025-03-31,MAS,USD,62996,2025-04-23,2025-04-23 07:03:42,2025,Q1,1801000000.0,1157000000.0,644000000.0,0.3575791227,0,0.0,0.0,358000000.0,0.0,358000000.0,1515000000.0,0.0,26000000.0,0.0,280000000.0,0.1554691838,286000000.0,0.1588006663,-32000000.0,254000000.0,0.1410327596,56000000.0,186000000.0,0.1032759578,0.8773584905660378,0.8732394366197183,212000000,213000000,https://www.sec.gov/Archives/edgar/data/62996/000006299625000010/0000062996-25-000010-index.htm,https://www.sec.gov/Archives/edgar/data/62996/000006299625000010/mas-20250331.htm,8.495283018867925,0.8773584905660378,-0.7405660377358491,-0.8962264150943396,1.778301886792453,-0.0283018867924528,-3.910377358490566,-1.19811320754717,15.716981132075473,14742480000.000002,17671480000.0,19.815161290322585,8.185719044975015,-93.9011464968153,-77.59200000000001,-58.041259842519686,-58.041259842519686,9.812037756801775,61.788391608391606,-112.5571974522293,-93.0077894736842,0.0126166018200465,-0.0128879265903701,-13.015748031496065,0.6473467789308792,10.241258741258742,1.7454772301933874,11.0,-0.5992366412213741,0.0044768587103391,0.3548387096774194,0.0,0.0,0.1611513608772273,-0.2038216560509554,0.0177679067184897,0.0,0.0,,0.0612991151745294,0.0434173669467787,-15.419811320754716,1195000000.0,-829000000.0,-2315000000.0,3388000000.0,1146500000.0,828500000.0,992500000.0,62.86507495835647,67.51944684528954,81.44338807260155,1.431637519872814,1.3329493087557605,1.105062082139446,-0.7322834645669292,0.1509433962264151,2025-04-23,0.92,bmo,2023901670.0,2025-05-11,2025-03-31,-0.0543478260869565,74.83858333333333,1696507.2
2024-12-31,MAS,USD,62996,2025-02-11,2025-02-11 07:04:45,2024,Q4,1828000000.0,1192000000.0,636000000.0,0.3479212254,0,388000000.0,-43000000.0,345000000.0,1000000.0,346000000.0,1538000000.0,0.0,24000000.0,0.0,282000000.0,0.1542669584,290000000.0,0.158643326,-32000000.0,258000000.0,0.1411378556,65000000.0,182000000.0,0.0995623632,0.86,0.85,212500000,215000000,https://www.sec.gov/Archives/edgar/data/62996/000006299625000004/0000062996-25-000004-index.htm,https://www.sec.gov/Archives/edgar/data/62996/000006299625000004/mas-20241231.htm,8.60235294117647,0.8564705882352941,1.9152941176470588,1.651764705882353,2.9835294117647058,-0.2494117647058823,-4.094117647058823,-1.3176470588235294,15.23764705882353,15421124999.999998,18001125000.0,21.18286401098901,8.436064004376366,37.88974201474201,43.934829059829056,-55.07544642857143,-55.07544642857143,9.847442560175054,63.83377659574468,44.228808353808354,51.28525641025641,0.0118019923967933,0.0227609853366729,-11.478571428571428,0.6407496012759171,9.148936170212766,1.75,12.083333333333334,-4.903614457831325,0.0040853050604284,0.3461538461538461,0.212253829321663,0.0,0.1628787878787878,0.1375921375921376,0.0306345733041575,0.0,0.0,,0.0619291991139377,0.0433436532507739,-15.010588235294115,1170000000.0,-870000000.0,-2339000000.0,3334000000.0,1093500000.0,831500000.0,975500000.0,50.957330415754925,59.57214765100672,70.82214765100672,1.766183574879227,1.5107731305449936,1.2707889125799574,-0.65,0.2635294117647059,2025-02-11,0.875,bmo,1836085376.0,2025-05-11,2024-12-31,0.0171428571428571,80.00546875,1417817.359375
2024-09-30,MAS,USD,62996,2024-10-29,2024-10-29 07:04:08,2024,Q3,1983000000.0,1258000000.0,725000000.0,0.3656076652,0,0.0,0.0,368000000.0,0.0,368000000.0,1626000000.0,0.0,25000000.0,-47000000.0,310000000.0,0.1563287948,357000000.0,0.1800302572,-109000000.0,248000000.0,0.1250630358,68000000.0,167000000.0,0.0842158346,0.77,0.77,215748893,218000000,https://www.sec.gov/Archives/edgar/data/62996/000006299624000033/0000062996-24-000033-index.htm,https://www.sec.gov/Archives/edgar/data/62996/000006299624000033/mas-20240930.htm,9.191240670699525,0.774048004037731,1.923532465123703,1.7520367995584571,2.9942216204094265,0.6581725543314839,-3.235242555798421,-0.40788158296599,14.845962616364384,18109962078.42,20641962078.42,27.11072167428144,9.132608208986383,43.638462839566266,47.90995258841269,-205.79502361840903,-205.79502361840903,10.409461461633889,66.58697444651612,49.739667658843366,54.60836528682539,0.0092214439365943,0.0208724898684591,-36.11363636363637,0.6000755287009063,8.167741935483871,1.8325092707045736,14.28,2.4850299401197606,0.0034787483114098,0.3772455089820359,0.0,0.0,0.1586102719033232,0.0915662650602409,0.0191628845184064,1.027027027027027,-0.0005042864346949,,0.0703919867497436,0.0374775583482944,-14.542368938134018,1347000000.0,-698000000.0,-2189000000.0,3550000000.0,1233000000.0,899000000.0,1035000000.0,52.284417549167934,62.52782193958664,72.47217806041336,1.7213541666666667,1.4393592677345537,1.2418558736426455,-1.8977272727272727,0.1761306835534956,2024-10-29,1.08,bmo,1995417350.0,2025-04-25,2024-09-30,0.0,75.80328125,1731680.390625
2024-06-30,MAS,USD,62996,2024-07-25,2024-07-25 07:06:26,2024,Q2,2091000000.0,1306000000.0,785000000.0,0.3754184601,0,388000000.0,0.0,388000000.0,-5000000.0,388000000.0,1694000000.0,0.0,26000000.0,38000000.0,435000000.0,0.2080344333,397000000.0,0.1898613104,-31000000.0,366000000.0,0.175035868,94000000.0,258000000.0,0.1233859397,1.18,1.17,219000000,220000000,https://www.sec.gov/Archives/edgar/data/62996/000006299624000027/0000062996-24-000027-index.htm,https://www.sec.gov/Archives/edgar/data/62996/000006299624000027/mas-20240630.htm,9.547945205479452,1.178082191780822,1.5799086757990868,1.3835616438356164,1.817351598173516,0.8356164383561644,-3.5433789954337898,-0.1187214611872146,14.6986301369863,14171489999.999998,16966489999.999998,13.732063953488373,6.777374461979913,40.95806358381503,46.77059405940594,-545.0573076923076,-545.0573076923076,8.114055475848875,39.00342528735632,49.03609826589595,55.99501650165016,0.0182055662460334,0.0213809557075508,-122.8076923076923,0.5951537744641193,6.425287356321839,1.7617021276595746,15.26923076923077,1.3410852713178294,0.0045161094563803,0.2480620155038759,0.1855571496891439,0.0,0.1787511649580615,0.1242774566473988,0.0205643232902917,1.131578947368421,0.0,,0.0792474486613269,0.0585565138447571,-14.931506849315069,1253000000.0,-776000000.0,-2284000000.0,3582000000.0,1312000000.0,911500000.0,1058000000.0,56.55667144906744,63.67534456355283,72.84073506891271,1.591324200913242,1.4134199134199137,1.2355723746452223,-9.923076923076923,0.1963470319634703,2024-07-25,1.18,bmo,2101030256.0,2025-04-25,2024-06-30,0.0169491525423729,70.49555555555555,1744658.6666666667
2024-03-31,MAS,USD,62996,2024-04-24,2024-04-24 07:04:40,2024,Q1,1926000000.0,1241000000.0,685000000.0,0.3556593977,0,0.0,0.0,367000000.0,-5000000.0,367000000.0,1608000000.0,0.0,25000000.0,38000000.0,351000000.0,0.1822429907,318000000.0,0.1651090343,-29000000.0,289000000.0,0.1500519211,60000000.0,215000000.0,0.1116303219,0.97,0.97,221000000,222000000,https://www.sec.gov/Archives/edgar/data/62996/000006299624000012/0000062996-24-000012-index.htm,https://www.sec.gov/Archives/edgar/data/62996/000006299624000012/mas-20240331.htm,8.714932126696832,0.9728506787330315,-0.4253393665158371,-0.5656108597285068,1.665158371040724,0.7149321266968326,-3.647058823529412,-0.3393665158371041,14.81447963800905,17169490000.0,20050490000.0,19.964523255813955,8.914584631360333,-182.6541489361702,-137.35592,-228.9265333333333,-228.9265333333333,10.410430944963656,57.123903133903134,-213.30308510638292,-160.40392,0.012522212366238,-0.0072803560268825,-43.32,0.6088830584707646,8.207977207977208,1.736745886654479,12.72,-0.4372093023255814,0.0037275422857638,0.2976744186046511,0.0,0.0,0.1806596701649175,-0.3297872340425531,0.0160955347871235,0.8157894736842105,-0.0171339563862928,,0.0672482622776421,0.0491765782250686,-14.923076923076923,1209000000.0,-806000000.0,-2328000000.0,3546000000.0,1201500000.0,869500000.0,1040500000.0,61.21495327102804,65.19742143432715,76.80096696212732,1.4702290076335878,1.3804226918798663,1.1718602455146363,-2.8666666666666667,0.1402714932126696,2024-04-24,0.88,bmo,1936443482.0,2025-04-25,2024-03-31,0.0568181818181818,72.0388524590164,2121620.049180328
2023-12-31,MAS,USD,62996,2024-02-08,2024-02-08 07:20:49,2023,Q4,1882000000.0,1228000000.0,654000000.0,0.3475026567,0,391000000.0,0.0,391000000.0,-1000000.0,391000000.0,1619000000.0,4000000.0,24000000.0,42000000.0,300000000.0,0.1594048884,247000000.0,0.1312433581,-14000000.0,233000000.0,0.1238044633,32000000.0,191000000.0,0.101487779,0.87,0.85,220600000,224000000,https://www.sec.gov/Archives/edgar/data/62996/000006299624000006/0000062996-24-000006-index.htm,https://www.sec.gov/Archives/edgar/data/62996/000006299624000006/mas-20231231.htm,8.531278331822303,0.8658204895738894,2.1985494106980963,1.917497733454216,2.873980054397099,0.5258386219401632,-3.916591115140526,-0.57116953762466,14.641885766092477,14775788000.0,17347788000.0,19.34003664921466,7.851109458023379,30.46554226804124,34.93094089834516,-117.26815873015872,-117.26815873015872,9.217740701381508,57.82596,35.76863505154639,41.01131914893617,0.0129265525466391,0.0286279148022426,-25.444444444444443,0.597799738952079,8.573333333333334,1.6849557522123897,10.291666666666666,80.83333333333333,0.0043314102774078,0.3350785340314136,0.2077577045696068,0.0,0.1827335446578407,0.1278350515463917,0.0329436769394261,1.4761904761904765,0.016471838469713,,0.0580117759920729,0.0435774583618526,-14.87873980054397,1161000000.0,-864000000.0,-2391000000.0,3531000000.0,1169000000.0,842000000.0,1034000000.0,52.26886291179596,61.56351791530945,74.90228013029316,1.7218664226898444,1.4619047619047618,1.2015655577299411,-1.5158730158730158,0.2810516772438803,2024-02-08,0.66,bmo,1788610000.0,2025-04-25,2023-12-31,0.2575757575757574,58.08428571428571,1781253.7777777778
2023-09-30,MAS,USD,62996,2023-10-26,2023-10-26 16:20:05,2023,Q3,1979000000.0,1235000000.0,744000000.0,0.3759474482,0,361000000.0,0.0,361000000.0,-11000000.0,361000000.0,1596000000.0,3000000.0,26000000.0,37000000.0,417000000.0,0.2107124811,383000000.0,0.1935320869,-37000000.0,346000000.0,0.1748357756,86000000.0,249000000.0,0.1258211218,1.11,1.1,225000000,226000000,https://www.sec.gov/Archives/edgar/data/62996/000006299623000042/0000062996-23-000042-index.htm,https://www.sec.gov/Archives/edgar/data/62996/000006299623000042/mas-20230930.htm,8.795555555555556,1.106666666666667,2.1333333333333333,1.92,2.488888888888889,0.7422222222222222,-3.648888888888889,0.6577777777777778,14.657777777777778,12026250000.0,14738250000.0,12.074548192771084,6.076932794340576,25.0546875,27.838541666666668,81.25844594594595,81.25844594594595,7.447321879737241,35.343525179856115,30.7046875,34.11631944444444,0.020704708450265,0.0359214218896164,22.10810810810811,0.609197542357103,6.503597122302159,1.7833935018050542,14.73076923076923,1.4906832298136643,0.005321692131795,0.2570281124497992,0.1824153612935826,0.0,0.1839508471420592,0.1,0.024254674077817,1.2972972972972974,0.0,4.04705654354701,0.076239329326647,0.0568104038329911,-14.165555555555557,1302000000.0,-821000000.0,-2240000000.0,3637000000.0,1308000000.0,901000000.0,1095000000.0,56.61950480040424,61.50607287449393,76.22672064777328,1.5895582329317268,1.4632701421800949,1.1806883365200764,1.6824324324324325,0.2133333333333333,2023-10-26,0.91,bmo,1972760000.0,2025-04-25,2023-09-30,0.0989010989010988,57.62603174603175,1661275.0634920634
2023-06-30,MAS,USD,62996,2023-07-27,2023-07-27 16:04:56,2023,Q2,2127000000.0,1358000000.0,769000000.0,0.361542078,0,366000000.0,0.0,366000000.0,-1000000.0,366000000.0,1724000000.0,1000000.0,28000000.0,35000000.0,438000000.0,0.2059238364,403000000.0,0.1894687353,-29000000.0,374000000.0,0.1758345087,96000000.0,263000000.0,0.123648331,1.17,1.16,225000000,226000000,https://www.sec.gov/Archives/edgar/data/62996/000006299623000033/0000062996-23-000033-index.htm,https://www.sec.gov/Archives/edgar/data/62996/000006299623000033/mas-20230630.htm,9.453333333333331,1.1688888888888889,1.8444444444444448,1.5244444444444445,1.6888888888888889,0.1244444444444444,-3.773333333333333,0.0311111111111111,14.688888888888888,12910500000.0,15807500000.0,12.272338403041823,6.069816643159379,31.10963855421687,37.6399416909621,1844.357142857143,1844.357142857143,7.431828866948754,36.09018264840183,38.09036144578313,46.08600583090379,0.0203710158398203,0.0265675225591572,468.1428571428572,0.6173700075357951,6.614155251141552,1.7192681532304177,14.392857142857142,1.199421965317919,0.0049572053754695,0.2433460076045627,0.1720733427362482,0.0,0.165222305953278,0.1734939759036144,0.0338504936530324,2.057142857142857,0.0,0.9045563676312396,0.0823408877769709,0.0593545475062062,-14.665555555555557,1258000000.0,-849000000.0,-2273000000.0,3462000000.0,1350000000.0,935500000.0,1170000000.0,58.01128349788435,63.49042709867452,75.81737849779087,1.5514223194748358,1.417536534446764,1.187062937062937,37.57142857142857,0.32,2023-07-27,0.96,bmo,2070390000.0,2025-04-25,2023-06-30,0.2395833333333333,52.33854838709677,1873418.5806451607
2023-03-31,MAS,USD,62996,2023-04-26,2023-04-26 16:01:29,2023,Q1,1979000000.0,1310000000.0,669000000.0,0.33804952,0,354000000.0,0.0,354000000.0,-2000000.0,354000000.0,1664000000.0,1000000.0,28000000.0,35000000.0,350000000.0,0.1768569985,315000000.0,0.1591712986,-30000000.0,285000000.0,0.1440121273,64000000.0,205000000.0,0.1035876705,0.91,0.9,226000000,227000000,https://www.sec.gov/Archives/edgar/data/62996/000006299623000014/0000062996-23-000014-index.htm,https://www.sec.gov/Archives/edgar/data/62996/000006299623000014/mas-20230331.htm,8.756637168141593,0.9070796460176992,0.1460176991150442,-0.1238938053097345,2.256637168141593,-0.5309734513274337,-4.442477876106195,-0.6194690265486725,16.11061946902655,11236720000.0,14339720000.0,13.703317073170732,5.677978777160182,340.50666666666666,-401.31142857142856,-80.26228571428572,-80.26228571428572,7.245942395149065,40.97062857142857,434.5369696969697,-512.1328571428571,0.0182437579649577,-0.0024918303561893,-25.807142857142857,0.6653775322283609,8.865714285714287,1.5599603567889,11.25,0.1153846153846153,0.0057846061840109,0.3170731707317073,0.1788782213239009,0.0,0.1627992633517495,1.8484848484848484,0.0308236483072258,1.7428571428571429,-0.0101061141990904,,0.063859649122807,0.045094588649362,-15.244469026548671,1130000000.0,-1004000000.0,-2402000000.0,3299000000.0,1239000000.0,895000000.0,1216000000.0,60.43961596766044,62.725190839694655,82.16793893129771,1.489089541008277,1.434830230010953,1.0953177257525084,-1.4642857142857142,0.2699115044247787,2023-04-26,0.63,bmo,1912080000.0,2025-04-25,2023-03-31,0.3809523809523809,51.546290322580646,1881642.1129032257
2022-12-31,MAS,USD,62996,2023-02-09,2023-02-09 16:54:09,2022,Q4,1923000000.0,1378000000.0,545000000.0,0.2834113365,0,334000000.0,0.0,334000000.0,-3000000.0,334000000.0,1712000000.0,26000000.0,26000000.0,35000000.0,211000000.0,0.109724389,78000000.0,0.0405616225,-26000000.0,159000000.0,0.0826833073,33000000.0,117000000.0,0.0608424337,0.51,0.5,225300000,227000000,https://www.sec.gov/Archives/edgar/data/62996/000006299623000008/0000062996-23-000008-index.htm,https://www.sec.gov/Archives/edgar/data/62996/000006299623000008/mas-20221231.htm,8.535286284953395,0.5193075898801598,1.4203284509542833,1.0341766533510874,4.01242787394585,-1.0741233910341768,-5.01109631602308,-1.1628939192188197,15.233022636484687,10514751000.0,13468751000.0,22.46741666666667,5.467889235569423,32.858596875,45.12768669527897,-40.13263740458015,-40.13263740458015,7.004030681227249,63.83294312796208,42.089846875,57.8057982832618,0.0111272249813618,0.0221593454757036,-13.0,0.656641604010025,14.0,1.559555320275278,3.0,-6.530612244897959,0.0059915826822717,0.5384615384615384,0.1736869474778991,0.0,0.1710044341623289,0.271875,0.0452418096723869,0.6,0.0254810192407696,,0.0174509657692594,0.0272093023255813,-13.51642254771416,1057000000.0,-1129000000.0,-2483000000.0,3185000000.0,1239500000.0,962500000.0,1287500000.0,53.77535101404056,57.278664731494914,80.72568940493468,1.6736292428198434,1.571265678449259,1.1148867313915858,-0.4465648854961832,0.3861517976031957,2023-02-09,0.67,bmo,1921475421.0,2025-04-25,2022-12-31,-0.0298507462686567,48.18984126984127,1814436.0
2022-09-30,MAS,USD,62996,2022-10-26,2022-10-26 16:05:04,2022,Q3,2204000000.0,1509000000.0,695000000.0,0.3153357532,0,346000000.0,-2000000.0,344000000.0,-3000000.0,344000000.0,1853000000.0,1000000.0,29000000.0,34000000.0,383000000.0,0.1737749546,351000000.0,0.1592558984,-41000000.0,310000000.0,0.1406533575,77000000.0,218000000.0,0.0989110708,0.96,0.96,226000000,227000000,https://www.sec.gov/Archives/edgar/data/62996/000006299622000041/0000062996-22-000041-index.htm,https://www.sec.gov/Archives/edgar/data/62996/000006299622000041/mas-20220930.htm,9.752212389380531,0.9646017699115044,1.5309734513274336,1.2345132743362832,2.053097345132743,-1.9292035398230087,-5.924778761061947,-2.730088495575221,16.075221238938052,10551940000.0,13691940000.0,12.100848623853212,4.7876315789473685,30.496936416184973,37.820573476702506,-17.10200972447326,-17.10200972447326,6.212313974591652,35.74919060052219,39.57208092485549,49.07505376344086,0.0206597080726387,0.0264406355608542,-5.841166936790924,0.6653129038213033,8.198433420365536,1.4676258992805755,12.10344827586207,1.1849315068493151,0.0060652353974719,0.2935779816513761,0.1569872958257713,0.0,0.1666974340040612,0.1936416184971098,0.0303992740471869,1.9705882352941173,0.0,,0.0733229930606609,0.0482941958351794,-16.469026548672566,1040000000.0,-1339000000.0,-2589000000.0,3108000000.0,1382000000.0,1088000000.0,1346500000.0,54.310344827586206,62.50497017892644,79.86083499005964,1.6571428571428573,1.4398854961832062,1.126960418222554,-0.353322528363047,0.2964601769911504,2022-10-26,1.06,bmo,2239007368.0,2025-04-25,2022-09-30,-0.0754716981132076,52.0515625,1798633.4375
2022-06-30,MAS,USD,62996,2022-07-28,2022-07-28 16:23:28,2022,Q2,2352000000.0,1583000000.0,769000000.0,0.3269557823,0,0.0,0.0,361000000.0,17000000.0,361000000.0,1944000000.0,1000000.0,28000000.0,36000000.0,441000000.0,0.1875,408000000.0,0.1734693878,-11000000.0,397000000.0,0.168792517,103000000.0,278000000.0,0.1181972789,1.2,1.19,231000000,233000000,https://www.sec.gov/Archives/edgar/data/62996/000006299622000035/0000062996-22-000035-index.htm,https://www.sec.gov/Archives/edgar/data/62996/000006299622000035/mas-20220630.htm,10.181818181818182,1.2034632034632036,1.735930735930736,1.5497835497835497,3.8095238095238098,-2.4372294372294374,-6.432900432900433,-2.4372294372294374,15.874458874458874,11688600000.0,14887600000.0,10.5113309352518,4.9696428571428575,29.148628428927683,32.64972067039106,-20.761278863232683,-20.761278863232683,6.329761904761905,33.75873015873016,37.12618453865337,41.5854748603352,0.0237838577759526,0.0306281333949318,-6.463587921847247,0.665630144503384,7.253968253968254,1.3615727604377788,14.571428571428571,1.2225609756097562,0.0054754204951833,0.2302158273381295,0.0,0.0,0.1688311688311688,0.1072319201995012,0.01828231292517,1.1944444444444444,0.0,,0.0861305860085188,0.0611795774647887,-14.707792207792208,892000000.0,-1486000000.0,-2671000000.0,2897000000.0,1468000000.0,1121000000.0,1347000000.0,54.87244897959184,64.13139608338598,76.98041692987998,1.6401673640167365,1.4033687943262412,1.1691285081240768,-0.4937833037300178,0.1861471861471861,2022-07-28,1.19,bmo,2364253000.0,2025-04-25,2022-06-30,-0.0420168067226891,52.8866129032258,2420003.3870967743
2022-03-31,MAS,USD,62996,2022-04-27,2022-04-27 16:11:24,2022,Q1,2201000000.0,1497000000.0,704000000.0,0.3198546115,0,0.0,0.0,351000000.0,-3000000.0,351000000.0,1848000000.0,0.0,25000000.0,35000000.0,386000000.0,0.1753748296,353000000.0,0.1603816447,-26000000.0,327000000.0,0.1485688323,75000000.0,234000000.0,0.1063153112,0.98,0.97,239000000,241000000,https://www.sec.gov/Archives/edgar/data/62996/000006299622000018/0000062996-22-000018-index.htm,https://www.sec.gov/Archives/edgar/data/62996/000006299622000018/mas-20220331.htm,9.209205020920502,0.9790794979079498,-0.9497907949790796,-1.0627615062761506,2.00418410041841,-0.5062761506276151,-4.456066945606694,-1.5523012552301256,14.322175732217572,12189000000.0,15108000000.0,13.022435897435898,5.537937301226715,-53.69603524229075,-47.98818897637796,-32.854447439353095,-32.854447439353095,6.864152657882781,39.13989637305699,-66.55506607929516,-59.48031496062992,0.0191976372138813,-0.0208384609073755,-9.159029649595688,0.6102729885057471,7.562176165803109,1.604868913857678,14.12,-0.6796407185628742,0.0054967593732053,0.2863247863247863,0.0,0.0,0.1695402298850574,-0.118942731277533,0.0122671512948659,0.7714285714285715,-0.007723761926397,,0.0734242097834565,0.0506055363321799,-14.282426778242678,1292000000.0,-1065000000.0,-2261000000.0,3323000000.0,1336500000.0,1079500000.0,1278000000.0,61.41753748296229,66.97394789579158,80.56112224448897,1.4653794940079894,1.343806104129264,1.1171641791044775,-0.6307277628032345,0.1129707112970711,2022-04-27,0.85,bmo,2058944421.0,2025-04-25,2022-03-31,0.1176470588235293,59.44451612903226,2510131.096774193
2021-12-31,MAS,USD,62996,2022-02-08,2022-02-08 16:08:45,2021,Q4,2022000000.0,1403000000.0,619000000.0,0.306132542,0,0.0,0.0,356000000.0,-1000000.0,356000000.0,1759000000.0,1000000.0,25000000.0,36000000.0,253000000.0,0.12512364,218000000.0,0.1078140455,-26000000.0,192000000.0,0.0949554896,52000000.0,132000000.0,0.0652818991,0.55,0.55,241200000,245000000,https://www.sec.gov/Archives/edgar/data/62996/000006299622000011/0000062996-22-000011-index.htm,https://www.sec.gov/Archives/edgar/data/62996/000006299622000011/mas-20211231.htm,8.383084577114428,0.5472636815920398,1.3888888888888888,1.1981757877280266,3.8391376451077934,0.2321724709784411,-3.7313432835820897,0.2321724709784411,13.08457711442786,16937064000.0,19142064000.0,32.07777272727273,8.376391691394659,50.5584,58.60575778546713,302.44757142857145,302.44757142857145,9.466896142433235,75.66033201581028,57.140489552238805,66.23551557093425,0.0077935585530054,0.0170631698622618,55.910714285714285,0.5616143497757847,8.715415019762846,1.7648272305312016,8.72,1.34,0.0033654002842523,0.4318181818181818,0.0,0.0,0.1714798206278027,0.1373134328358209,0.0227497527200791,1.2777777777777777,0.0049455984174085,1.6908104943250175,0.0431482989504162,0.0285776142022082,-12.880389718076286,1483000000.0,-900000000.0,-2097000000.0,3522000000.0,1250500000.0,1041000000.0,1161500000.0,52.12166172106824,67.03492516037063,78.00427655024947,1.726729291204099,1.3425837320574163,1.153782894736842,2.357142857142857,0.1907131011608623,2022-02-08,0.69,bmo,1950362278.0,2025-04-25,2021-12-31,-0.0289855072463766,64.68125,1719491.703125
2021-09-30,MAS,USD,62996,2021-10-27,2021-10-27 16:03:47,2021,Q3,2204000000.0,1451000000.0,753000000.0,0.3416515426,0,0.0,0.0,368000000.0,-17000000.0,368000000.0,1819000000.0,0.0,26000000.0,36000000.0,417000000.0,0.1892014519,385000000.0,0.1746823956,-43000000.0,342000000.0,0.1551724138,103000000.0,220000000.0,0.0998185118,0.89,0.89,246000000,247000000,https://www.sec.gov/Archives/edgar/data/62996/000006299621000030/0000062996-21-000030-index.htm,https://www.sec.gov/Archives/edgar/data/62996/000006299621000030/mas-20210930.htm,8.959349593495935,0.8943089430894309,1.4471544715447155,1.329268292682927,3.4715447154471546,0.4105691056910569,-3.703252032520325,0.4105691056910569,12.768292682926829,13665300000.0,15926300000.0,15.52875,6.200226860254084,38.38567415730336,41.789908256880736,135.29999999999998,135.29999999999998,7.226088929219601,38.19256594724221,44.73679775280899,48.70428134556575,0.016099170892699,0.0239292221905117,30.84158415841584,0.5567470956210903,5.422062350119904,1.81160191591272,14.807692307692308,1.2108843537414966,0.0042443268717115,0.2636363636363636,0.0,0.0,0.180875781948168,0.0814606741573033,0.0131578947368421,0.8055555555555556,0.0040834845735027,2.874274085217725,0.0722087245309552,0.0480034911629936,-12.55691056910569,1525000000.0,-911000000.0,-2090000000.0,3595000000.0,1341000000.0,1029000000.0,1064000000.0,54.310344827586206,64.3211578221916,68.66299104066161,1.6571428571428573,1.399228543876567,1.3107497741644083,2.1782178217821784,0.1178861788617886,2021-10-27,0.88,bmo,2105930000.0,2025-04-25,2021-09-30,0.1249999999999999,59.311875,1929414.40625
2021-06-30,MAS,USD,62996,2021-07-29,2021-07-29 16:07:26,2021,Q2,2179000000.0,1388000000.0,791000000.0,0.3630105553,0,0.0,0.0,354000000.0,-402000000.0,354000000.0,1742000000.0,0.0,25000000.0,35000000.0,57000000.0,0.0261587884,437000000.0,0.2005507113,-440000000.0,-3000000.0,-0.0013767783,12000000.0,-36000000.0,-0.0165213401,-0.14,-0.14,252000000,252000000,https://www.sec.gov/Archives/edgar/data/62996/000006299621000024/0000062996-21-000024-index.htm,https://www.sec.gov/Archives/edgar/data/62996/000006299621000024/mas-20210630.htm,8.646825396825397,-0.1428571428571428,1.3015873015873016,1.2103174603174602,3.0515873015873014,0.238095238095238,-3.587301587301587,-0.6111111111111112,12.448412698412698,14845320000.0,17188320000.0,-103.0925,6.812905002294631,45.26012195121951,48.673180327868856,-96.3981818181818,-96.3981818181818,7.888168884809546,301.5494736842105,52.40341463414634,56.35514754098361,-0.0024250066687683,0.0205451953881762,-20.20779220779221,0.5738521113774664,41.10526315789474,1.8329583802024747,17.48,1.1428571428571428,0.0040416777812805,-1.6666666666666667,0.0,0.0,0.1777613866863359,0.0701219512195122,0.0105553005966039,0.6571428571428571,0.0,,0.5978112175102599,-0.0080735590939672,-12.180555555555555,1481000000.0,-904000000.0,-2104000000.0,3510000000.0,1328500000.0,973000000.0,984500000.0,55.84212941716383,66.20317002881845,66.20317002881845,1.6116863905325445,1.3594515181194906,1.3594515181194906,0.2337662337662337,0.0912698412698412,2021-07-29,1.04,bmo,2179000000.0,2025-04-25,2021-06-30,0.096153846153846,61.64730158730159,2041897.3174603172
2021-03-31,MAS,USD,62996,2021-04-28,2021-04-28 16:51:10,2021,Q1,1970000000.0,1270000000.0,700000000.0,0.3553299492,0,0.0,0.0,335000000.0,-11000000.0,335000000.0,1605000000.0,0.0,202000000.0,43000000.0,397000000.0,0.2015228426,365000000.0,0.1852791878,-208000000.0,157000000.0,0.0796954315,43000000.0,88000000.0,0.0446700508,0.34,0.34,256000000,257000000,https://www.sec.gov/Archives/edgar/data/62996/000006299621000012/0000062996-21-000012-index.htm,https://www.sec.gov/Archives/edgar/data/62996/000006299621000012/mas-20210331.htm,7.6953125,0.34375,-0.34765625,-0.46484375,3.2734375,0.84765625,-2.92578125,-0.06640625,12.96875,15334400000.0,17614400000.0,43.56363636363636,7.783959390862944,-172.29662921348313,-128.86050420168067,-902.0235294117648,-902.0235294117648,8.941319796954314,44.36876574307305,-197.91460674157304,-148.0201680672269,0.0057387312186978,-0.0077603297161936,-183.41176470588235,0.5593828489415141,5.743073047858943,1.834096109839817,1.806930693069307,-0.2755417956656347,0.0023476627712854,0.4090909090909091,0.0,0.0,0.1733046286329386,-0.3370786516853932,0.015228426395939,0.6976744186046512,0.015228426395939,,0.0691627993564086,0.0190972222222222,-11.9775390625,1458000000.0,-749000000.0,-2151000000.0,3491000000.0,1221500000.0,909000000.0,912000000.0,59.61928934010152,65.55118110236221,67.18110236220473,1.5095785440613028,1.372972972972973,1.339662447257384,-5.176470588235294,0.1171875,2021-04-28,0.66,bmo,1807710000.0,2025-04-25,2021-03-31,0.3484848484848484,55.83918032786885,2085457.737704918
2020-12-31,MAS,USD,62996,2021-02-09,2021-02-09 16:25:23,2020,Q4,1860000000.0,1200000000.0,660000000.0,0.3548387097,0,0.0,0.0,353000000.0,2000000.0,353000000.0,1553000000.0,1000000.0,34000000.0,34000000.0,331000000.0,0.1779569892,307000000.0,0.1650537634,-32000000.0,275000000.0,0.1478494624,67000000.0,195000000.0,0.1048387097,0.76,0.74,258200000,261000000,https://www.sec.gov/Archives/edgar/data/62996/000006299621000008/0000062996-21-000008-index.htm,https://www.sec.gov/Archives/edgar/data/62996/000006299621000008/mas-20201231.htm,7.203718048024787,0.7552285050348567,1.471727343144849,1.3090627420604182,5.135553834237026,1.6305189775367932,-1.932610379550736,1.6305189775367932,11.533694810224633,14182926000.0,15800926000.0,18.183238461538465,7.625229032258065,37.32348947368421,41.96131952662722,33.688660332541566,33.688660332541566,8.495121505376344,47.73693655589124,41.58138421052632,46.74830177514793,0.0137489259973576,0.0238314717287532,6.992874109263658,0.5096070624891812,4.888217522658611,1.8040330920372285,9.029411764705882,1.4559386973180075,0.0026087705738576,0.1897435897435897,0.0,0.0,0.1592522070278691,0.1105263157894736,0.0225806451612903,1.2352941176470589,0.0043010752688172,5.263727217600822,0.0597692757692757,0.0401482396541074,-10.60611928737413,1555000000.0,-499000000.0,-1867000000.0,3549000000.0,1200000000.0,913000000.0,843500000.0,55.064516129032256,66.975,65.7,1.6344463971880492,1.343784994400896,1.36986301369863,0.4631828978622327,0.1626646010844306,2021-02-09,0.74,bmo,1834864864.0,2025-04-25,2020-12-31,0.0135135135135135,55.07734375,1934225.71875
2020-09-30,MAS,USD,62996,2020-10-28,2020-10-28 16:01:48,2020,Q3,1983000000.0,1231000000.0,752000000.0,0.3792233989,0,0.0,0.0,328000000.0,-4000000.0,328000000.0,1559000000.0,0.0,40000000.0,33000000.0,447000000.0,0.2254160363,424000000.0,0.2138174483,-44000000.0,380000000.0,0.1916288452,87000000.0,275000000.0,0.1386787695,1.05,1.05,261000000,261000000,https://www.sec.gov/Archives/edgar/data/62996/000006299620000041/0000062996-20-000041-index.htm,https://www.sec.gov/Archives/edgar/data/62996/000006299620000041/mas-20200930.htm,7.597701149425287,1.053639846743295,1.0842911877394636,0.9808429118773946,5.080459770114943,1.3065134099616855,-1.685823754789272,1.3065134099616855,11.398467432950191,14388930000.0,15997930000.0,13.080845454545456,7.256142208774584,50.84427561837456,56.2067578125,42.19627565982405,42.19627565982405,8.067539082198689,35.78955257270694,56.52978798586573,62.4919140625,0.019111914506499,0.0177914549587773,8.607038123167156,0.526457399103139,3.5995525727069357,2.00748416810593,10.6,0.9218241042345277,0.0024324254826453,0.1272727272727272,0.0,0.0,0.1400896860986547,0.0954063604240282,0.0136157337367624,0.8181818181818182,0.0045385779122541,5.565373145926698,0.0850705999972609,0.057363370880267,-9.79310344827586,1750000000.0,-440000000.0,-1747000000.0,3565000000.0,1285000000.0,889000000.0,780500000.0,57.27685325264751,68.21283509341998,59.29325751421608,1.5713153724247226,1.3193997856377278,1.5178791615289766,0.8064516129032258,0.1034482758620689,2020-10-28,0.78,bmo,1487250000.0,2025-04-25,2020-09-30,0.3333333333333333,55.99015625,1974109.6875
2020-06-30,MAS,USD,62996,2020-07-30,2020-07-30 18:55:53,2020,Q2,1764000000.0,1136000000.0,628000000.0,0.3560090703,0,0.0,0.0,289000000.0,-9000000.0,289000000.0,1425000000.0,1000000.0,35000000.0,33000000.0,364000000.0,0.2063492063,339000000.0,0.1921768707,-37000000.0,302000000.0,0.1712018141,82000000.0,224000000.0,0.126984127,0.85,0.85,262000000,263000000,https://www.sec.gov/Archives/edgar/data/62996/000006299620000034/0000062996-20-000034-index.htm,https://www.sec.gov/Archives/edgar/data/62996/000006299620000034/mas-20200630.htm,6.732824427480916,0.8549618320610687,1.4580152671755726,1.3778625954198471,4.156488549618321,0.1412213740458015,-2.83587786259542,-0.5190839694656488,11.312977099236642,13155020000.0,14995020000.0,14.681941964285716,7.457494331065759,34.43722513089005,36.44049861495845,-96.72808823529412,-96.72808823529412,8.500578231292517,41.19510989010989,39.25397905759162,41.537451523545705,0.0170277202163128,0.0274419955271827,-21.53676470588235,0.552433044134289,5.054945054945055,1.4972144846796658,9.685714285714283,1.384057971014493,0.0027365978919074,0.1607142857142857,0.0,0.0,0.1471142964918898,0.0549738219895288,0.0119047619047619,0.6363636363636364,0.0056689342403628,,0.0694665660714784,0.0495356037151702,-10.763358778625957,1071000000.0,-743000000.0,-2040000000.0,2875000000.0,1225000000.0,794000000.0,753000000.0,66.73469387755102,66.94542253521126,59.41901408450704,1.348623853211009,1.344378698224852,1.5146666666666666,-1.6470588235294117,0.0801526717557251,2020-07-30,0.67,bmo,1407000000.0,2025-04-25,2020-06-30,0.253731343283582,43.34952380952381,3593783.4603174604
2020-03-31,MAS,USD,62996,2020-04-29,2020-04-29 16:07:51,2020,Q1,1581000000.0,1034000000.0,547000000.0,0.3459835547,0,0.0,0.0,322000000.0,-8000000.0,322000000.0,1356000000.0,1000000.0,35000000.0,33000000.0,250000000.0,0.1581277672,225000000.0,0.1423149905,-51000000.0,174000000.0,0.110056926,33000000.0,530000000.0,0.3352308665,1.93,1.92,273000000,274000000,https://www.sec.gov/Archives/edgar/data/62996/000006299620000016/0000062996-20-000016-index.htm,https://www.sec.gov/Archives/edgar/data/62996/000006299620000016/a2020q1masco10-q033120.htm,5.791208791208791,1.9413919413919416,-0.336996336996337,-0.4249084249084249,2.8095238095238093,-0.6043956043956044,-3.468864468864469,-1.2747252747252746,10.871794871794872,9437610000.0,11603610000.0,4.45170283018868,5.969392789373814,-102.58271739130434,-81.35870689655172,-27.11956896551724,-27.11956896551724,7.339411764705883,46.41444,-126.12619565217392,-100.03112068965515,0.0561582858371981,-0.0122912474662546,-8.42816091954023,0.6059917355371901,8.664,1.8251329787234043,6.428571428571429,-13.142857142857142,0.0039204841056157,0.0698113207547169,0.0,0.0,0.1615702479338843,-0.2608695652173913,0.0151802656546489,0.7272727272727273,0.0101201771030993,,0.0545727585174787,0.1306062099556431,-11.001831501831502,1241000000.0,-947000000.0,-2260000000.0,3055000000.0,1070500000.0,720000000.0,755000000.0,65.00948766603415,64.67117988394584,65.8027079303675,1.384413309982487,1.3916554508748318,1.3677248677248677,-1.5229885057471264,0.0879120879120879,2020-04-29,0.36,bmo,1237304347.0,2025-04-25,2020-03-31,0.2777777777777779,43.67532258064516,3715938.580645161
2019-12-31,MAS,USD,62996,2020-02-11,2020-02-11 16:00:49,2019,Q4,1639000000.0,1074000000.0,565000000.0,0.3447223917,0,0.0,0.0,310000000.0,2000000.0,310000000.0,1384000000.0,1000000.0,40000000.0,33000000.0,292000000.0,0.1781574131,255000000.0,0.1555826724,-38000000.0,217000000.0,0.1323978035,49000000.0,453000000.0,0.2763880415,1.64,1.59,275600000,282000000,https://www.sec.gov/Archives/edgar/data/62996/000006299620000006/0000062996-20-000006-index.htm,https://www.sec.gov/Archives/edgar/data/62996/000006299620000006/mas2019123110k.htm,5.947024673439768,1.643686502177068,0.8272859216255443,0.6422351233671988,2.529027576197388,-0.2031930333817126,-2.9898403483309144,-0.2031930333817126,10.206821480406386,13226044000.0,15302044000.0,7.299141280353202,8.069581452104941,58.0089649122807,74.72341242937853,-236.1793571428572,-236.1793571428572,9.336207443563149,52.40426027397261,67.11422807017544,86.45222598870056,0.0342506043379259,0.0133826864631631,-49.517857142857146,0.5516212452755123,7.109589041095891,1.7512919896640826,6.375,1.008849557522124,0.0029487275257817,0.086092715231788,0.0,0.0,0.152775014919435,0.2236842105263158,0.0311165344722391,1.5454545454545454,0.0042708968883465,,0.0561009817671809,0.1063629960084526,-11.827830188679243,1163000000.0,-824000000.0,-2372000000.0,2985000000.0,1088000000.0,788000000.0,839000000.0,54.85661989017694,58.40782122905028,63.18435754189944,1.6406406406406406,1.540889526542324,1.4244031830238726,-8.089285714285714,0.1850507982583454,2020-02-11,0.53,bmo,885925925.0,2025-04-25,2019-12-31,0.0188679245283019,45.46234375,2468112.71875
2019-09-30,MAS,USD,62996,2019-10-30,2019-10-30 16:07:44,2019,Q3,1947000000.0,1282000000.0,665000000.0,0.3415511043,0,0.0,0.0,349000000.0,-6000000.0,349000000.0,1631000000.0,1000000.0,39000000.0,33000000.0,350000000.0,0.1797637391,316000000.0,0.1623009759,-47000000.0,269000000.0,0.1381612738,73000000.0,126000000.0,0.0647149461,0.44,0.44,286000000,287000000,https://www.sec.gov/Archives/edgar/data/62996/000006299619000063/0000062996-19-000063-index.htm,https://www.sec.gov/Archives/edgar/data/62996/000006299619000063/a2019q3masco10-q093020.htm,6.807692307692308,0.4405594405594406,1.3706293706293706,1.2307692307692308,1.6608391608391608,0.0804195804195804,-3.244755244755245,-0.5,10.552447552447552,11920480000.0,14424480000.0,23.65174603174603,6.122485875706214,30.40938775510204,33.865,-83.36,-83.36,7.408567026194145,41.2128,36.79714285714286,40.97863636363636,0.0105700441592956,0.02952901225454,-20.832167832167837,0.5396739130434782,7.154285714285714,1.462545835515977,8.102564102564102,1.6065573770491803,0.0029361233775821,0.2777777777777778,0.0,0.0,0.1722826086956521,0.1020408163265306,0.0205444273240883,1.2121212121212122,0.0041088854648176,,0.059587306718388,0.0275771503611293,-12.857517482517483,883000000.0,-928000000.0,-2705000000.0,3034000000.0,1300000000.0,951000000.0,949500000.0,54.40677966101696,61.70826833073323,64.86739469578784,1.6542056074766356,1.4584755403868033,1.3874458874458877,-0.8811188811188811,0.1398601398601398,2019-10-30,0.7,bmo,1975632352.0,2025-04-25,2019-09-30,-0.0285714285714284,40.0984375,2949181.75
2019-06-30,MAS,USD,62996,2019-07-25,2019-07-25 15:59:42,2019,Q2,2275000000.0,1493000000.0,782000000.0,0.3437362637,0,0.0,0.0,390000000.0,-6000000.0,390000000.0,1883000000.0,0.0,41000000.0,33000000.0,430000000.0,0.189010989,392000000.0,0.1723076923,-45000000.0,347000000.0,0.1525274725,95000000.0,240000000.0,0.1054945055,0.82,0.82,289000000,290000000,https://www.sec.gov/Archives/edgar/data/62996/000006299619000056/0000062996-19-000056-index.htm,https://www.sec.gov/Archives/edgar/data/62996/000006299619000056/a2019q2masco10-q063020.htm,7.8719723183391,0.8304498269896193,1.1903114186851211,1.0761245674740485,1.1245674740484428,0.245674740484429,-4.176470588235294,-0.314878892733564,10.529411764705882,11435730000.0,14112730000.0,11.91221875,5.026694505494506,33.2434011627907,36.770836012861736,-125.66736263736264,-125.66736263736264,6.203397802197802,32.820302325581395,41.02537790697674,45.378553054662376,0.0209868543591008,0.0271954654403348,-32.989010989010985,0.5310454625862374,6.225581395348837,1.4557091653865848,9.560975609756095,1.0519877675840978,0.0030605829273688,0.1458333333333333,0.0,0.0,0.2260746506279851,0.0959302325581395,0.0145054945054945,1.0,0.0035164835164835,,0.0724192610719346,0.0548571428571428,-12.810553633217992,890000000.0,-1207000000.0,-2739000000.0,3608000000.0,1372000000.0,988500000.0,993000000.0,56.2945054945055,61.667782987273945,58.77427997320831,1.5987350667603657,1.4594330400782014,1.5312820512820513,-2.6373626373626373,0.1141868512110726,2019-07-25,0.82,bmo,1713613636.0,2025-04-25,2019-06-30,0.0731707317073171,38.56111111111111,3418737.746031746
2019-03-31,MAS,USD,62996,2019-04-25,2019-04-25 16:03:15,2019,Q1,1908000000.0,1309000000.0,599000000.0,0.3139412998,0,0.0,0.0,372000000.0,-4000000.0,372000000.0,1681000000.0,1000000.0,39000000.0,31000000.0,232000000.0,0.1215932914,211000000.0,0.1105870021,-29000000.0,168000000.0,0.0880503145,41000000.0,116000000.0,0.0607966457,0.39,0.39,293000000,294000000,https://www.sec.gov/Archives/edgar/data/62996/000006299619000024/0000062996-19-000024-index.htm,https://www.sec.gov/Archives/edgar/data/62996/000006299619000024/a2019q1masco10-q033120.htm,6.511945392491468,0.3959044368600682,-0.447098976109215,-0.5767918088737202,1.0784982935153584,0.1433447098976109,-4.228668941979522,0.1433447098976109,10.59726962457338,11517830000.0,14267830000.0,24.82290948275862,6.036598532494759,-87.92236641221375,-68.15284023668639,274.23404761904766,274.23404761904766,7.477898322851153,61.49926724137931,-108.91473282442747,-84.42502958579881,0.0100713415634715,-0.0146729027950577,73.0,0.547304534094966,11.85344827586207,1.4297563504406428,5.410256410256411,-0.7158469945355191,0.0030387668510474,0.3017241379310345,0.0,0.0,0.2286683327383077,-0.2900763358778626,0.0199161425576519,1.2258064516129032,0.0041928721174004,1.1299969688454383,0.0401980726766513,0.0268456375838926,-12.790955631399315,829000000.0,-1239000000.0,-2802000000.0,3557000000.0,1237000000.0,940000000.0,978500000.0,62.31132075471698,65.59205500381971,69.51107715813599,1.444360333080999,1.372117400419287,1.294757665677547,2.761904761904762,0.1296928327645051,2019-04-25,0.47,bmo,1616159090.0,2025-04-25,2019-03-31,-0.0638297872340424,35.668688524590166,4035512.75409836
2018-12-31,MAS,USD,62996,2019-02-07,2019-02-07 16:17:20,2018,Q4,2041000000.0,1388000000.0,653000000.0,0.3199412053,0,0.0,0.0,344000000.0,-2000000.0,344000000.0,1732000000.0,2000000.0,39000000.0,-2000000.0,285000000.0,0.1396374326,309000000.0,0.1513963743,-41000000.0,268000000.0,0.1313081823,60000000.0,194000000.0,0.0950514454,0.66,0.64,293900000,299000000,https://www.sec.gov/Archives/edgar/data/62996/000006299619000011/0000062996-19-000011-index.htm,https://www.sec.gov/Archives/edgar/data/62996/000006299619000011/mas_20181231x10k.htm,6.944538958829534,0.6600884654644437,1.2861517522966996,1.085403198366791,1.902007485539299,0.2347737325620959,-4.202109561075195,0.2347737325620959,10.268798911194285,8593636000.0,11013636000.0,11.07427319587629,4.210502694757472,22.73448677248677,26.93929780564263,124.54544927536232,124.54544927536232,5.396195982361587,38.64433684210526,29.136603174603177,34.525504702194354,0.0225748449201246,0.0371204924202049,43.17391304347826,0.5523827183385871,8.491228070175438,1.6425178147268409,7.923076923076923,6.872727272727273,0.0041891464800231,0.1855670103092783,0.0,0.0,0.241794919339885,0.156084656084656,0.0289073983341499,1.4390243902439024,0.0014698677119059,1.867312839165188,0.0645200149374194,0.0474443629249205,-11.66127934671657,1082000000.0,-1235000000.0,-2558000000.0,3609000000.0,1225500000.0,983000000.0,975500000.0,50.84272415482607,60.043227665706056,61.34005763688761,1.7701647875108413,1.4989200863930885,1.46723044397463,2.8115942028985508,0.2007485539299081,2019-02-07,0.56,bmo,797125000.0,2025-04-25,2018-12-31,0.1428571428571427,31.06888888888889,4855598.111111111
2018-09-30,MAS,USD,62996,2018-10-30,2018-10-30 16:13:18,2018,Q3,2101000000.0,1434000000.0,667000000.0,0.3174678724,0,0.0,0.0,367000000.0,-2000000.0,367000000.0,1801000000.0,1000000.0,38000000.0,-2000000.0,298000000.0,0.1418372204,300000000.0,0.142789148,-38000000.0,262000000.0,0.1247025226,71000000.0,180000000.0,0.0856734888,0.59,0.58,304000000,306000000,https://www.sec.gov/Archives/edgar/data/62996/000006299618000062/0000062996-18-000062-index.htm,https://www.sec.gov/Archives/edgar/data/62996/000006299618000062/a2018q3masco10-q09302018.htm,6.911184210526316,0.5921052631578947,1.1875,1.0,1.8717105263157896,0.680921052631579,-3.621710526315789,0.1184210526315789,9.904605263157896,11032160000.0,13436160000.0,15.322444444444445,5.250909090909091,30.56,36.29,306.4488888888889,306.4488888888889,6.395126130414089,45.08778523489933,37.21927977839335,44.1978947368421,0.0163159345042131,0.0275558004960044,82.58333333333333,0.5299465240641711,8.06711409395973,1.705647461494581,7.894736842105263,1.5695652173913044,0.0029912546591057,0.1833333333333333,0.0,0.0,0.2331550802139037,0.1578947368421052,0.0271299381247025,1.3902439024390243,0.0038077106139933,1.2560449402655778,0.0566733065758838,0.0418410041841004,-11.046052631578949,1237000000.0,-1101000000.0,-2413000000.0,3756000000.0,1371000000.0,1066500000.0,1011000000.0,55.602094240837694,65.27196652719665,63.07531380753138,1.61864406779661,1.3788461538461538,1.4268656716417911,5.0,0.1875,2018-10-30,0.7,bmo,2050461538.0,2025-04-25,2018-09-30,-0.0714285714285713,38.45777777777778,2712554.015873016
2018-06-30,MAS,USD,62996,2018-07-31,2018-07-31 16:34:39,2018,Q2,2297000000.0,1547000000.0,750000000.0,0.3265128428,0,0.0,0.0,392000000.0,-5000000.0,392000000.0,1939000000.0,0.0,38000000.0,-3000000.0,350000000.0,0.15237266,358000000.0,0.1558554636,-46000000.0,312000000.0,0.1358293426,88000000.0,211000000.0,0.0918589465,0.69,0.68,306000000,309000000,https://www.sec.gov/Archives/edgar/data/62996/000006299618000053/0000062996-18-000053-index.htm,https://www.sec.gov/Archives/edgar/data/62996/000006299618000053/a2018q2masco10-q06302018.htm,7.506535947712418,0.6895424836601307,1.1372549019607845,0.931372549019608,1.2549019607843137,0.4117647058823529,-3.859477124183007,-0.1111111111111111,9.836601307189545,11450520000.0,14038520000.0,13.56696682464455,4.984989116238572,32.90379310344828,40.177263157894735,-336.78000000000003,-336.78000000000003,6.111676099259904,40.11005714285714,40.34057471264368,49.2579649122807,0.0184271107338356,0.024889699332432,-87.41176470588235,0.5340521114106019,7.394285714285714,1.6734463276836158,9.421052631578949,1.204152249134948,0.0027946329075011,0.1516587677725118,0.0,0.0,0.2348607367475292,0.1810344827586207,0.0274270787984327,1.575,0.0030474531998258,,0.0676917674547382,0.0495537811178957,-11.318627450980392,1192000000.0,-1181000000.0,-2477000000.0,3686000000.0,1400000000.0,1050500000.0,1033500000.0,56.57814540705267,63.58758888170653,59.16612798965741,1.5907202216066485,1.415370539798719,1.5211406096361848,-6.205882352941177,0.2058823529411764,2018-07-31,0.77,bmo,1970173333.0,2025-04-25,2018-06-30,-0.0259740259740259,38.49890625,4046340.546875
2018-03-31,MAS,USD,62996,2018-04-24,2018-04-24 16:37:24,2018,Q1,1920000000.0,1301000000.0,619000000.0,0.3223958333,0,0.0,0.0,375000000.0,-3000000.0,375000000.0,1676000000.0,2000000.0,41000000.0,-3000000.0,244000000.0,0.1270833333,244000000.0,0.1270833333,-44000000.0,200000000.0,0.1041666667,39000000.0,149000000.0,0.0776041667,0.48,0.47,310490824,313000000,https://www.sec.gov/Archives/edgar/data/62996/000006299618000028/0000062996-18-000028-index.htm,https://www.sec.gov/Archives/edgar/data/62996/000006299618000028/a2018q1masco10-q03312018.htm,6.183757623703559,0.4798853572561616,-0.1771388902623415,-0.305967174089499,1.5105116278734214,0.5893893985092454,-3.661943967786952,0.5893893985092454,10.074371795283716,12556248922.56,15273248922.56,21.067531749261743,6.5397129805,-228.29543495563635,-132.17104129010525,68.61338209049181,68.61338209049181,7.954817147166667,62.59528246950819,-277.6954349556364,-160.77104129010525,0.0118666013169179,-0.0075659538597798,16.868852459016395,0.5483126110124333,11.135245901639344,1.690960451977401,5.951219512195122,-0.2619047619047619,0.0026281734460288,0.2214765100671141,0.0,0.0,0.2344582593250444,-0.7272727272727273,0.0208333333333333,1.1764705882352942,0.0036458333333333,2.522674215291895,0.0494014084507042,0.0345707656612529,-11.066349580752828,1223000000.0,-1137000000.0,-2454000000.0,3726000000.0,1188500000.0,916000000.0,923000000.0,63.56250000000001,69.73097617217525,72.63643351268254,1.415929203539823,1.2906746031746033,1.239047619047619,0.8142076502732241,0.1288282838271574,2018-04-24,0.49,bmo,2090666666.0,2025-04-25,2018-03-31,-0.0816326530612244,42.94934426229508,3167454.426229508
2017-12-31,MAS,USD,62996,2018-02-08,2018-02-08 16:47:28,2017,Q4,1874000000.0,1258000000.0,616000000.0,0.3287086446,0,0.0,0.0,352000000.0,-64000000.0,352000000.0,1610000000.0,1000000.0,39000000.0,-64000000.0,200000000.0,0.1067235859,264000000.0,0.1408751334,-103000000.0,161000000.0,0.0859124867,62000000.0,87000000.0,0.0464247599,0.28,0.27,310400000,314000000,https://www.sec.gov/Archives/edgar/data/62996/000006299618000015/0000062996-18-000015-index.htm,https://www.sec.gov/Archives/edgar/data/62996/000006299618000015/mas_20171231x10k.htm,6.037371134020619,0.2802835051546392,0.9149484536082474,0.7216494845360825,4.194587628865979,0.5670103092783505,-2.7448453608247423,0.5670103092783505,10.064432989690722,13638976000.0,15529976000.0,39.19245977011494,7.278002134471718,48.02456338028169,60.88828571428572,77.49418181818181,77.49418181818181,8.28707363927428,77.64988,54.68301408450704,69.33025,0.0063787779962366,0.0164235203581265,17.52840909090909,0.5621355685131195,9.455,1.9748157248157248,6.769230769230769,-1.7212121212121212,0.0024195364813311,0.3793103448275862,0.0,0.0,0.1873177842565597,0.2112676056338028,0.032017075773746,1.875,0.0048025613660619,1.8909737785663296,0.0408288238749265,0.0195067264573991,-9.169619845360824,1587000000.0,-852000000.0,-2097000000.0,3744000000.0,1074500000.0,870000000.0,831000000.0,49.034151547492,58.950715421303656,56.94753577106518,1.8354554358472088,1.5266990291262137,1.5804020100502512,0.4943181818181818,0.1932989690721649,2018-02-08,0.43,bmo,1853000000.0,2025-04-25,2017-12-31,0.0232558139534883,40.62952380952381,2431797.8412698414
2017-09-30,MAS,USD,62996,2017-10-24,2017-10-24 16:21:30,2017,Q3,1936000000.0,1286000000.0,650000000.0,0.3357438017,0,0.0,0.0,355000000.0,0.0,355000000.0,1641000000.0,1000000.0,43000000.0,31000000.0,333000000.0,0.1720041322,295000000.0,0.1523760331,-39000000.0,256000000.0,0.132231405,96000000.0,148000000.0,0.076446281,0.48,0.48,313000000,316000000,https://www.sec.gov/Archives/edgar/data/62996/000006299617000055/0000062996-17-000055-index.htm,https://www.sec.gov/Archives/edgar/data/62996/000006299617000055/a2017q3masco10-q09302017.htm,6.185303514376997,0.4728434504792332,0.9968051118210862,0.8817891373801917,3.891373801916933,0.1916932907348242,-2.865814696485623,-0.5079872204472844,9.996805111821086,12210130000.0,14155130000.0,20.625219594594597,6.306885330578512,39.13503205128205,44.23960144927536,-76.79327044025156,-76.79327044025156,7.311534090909091,42.5078978978979,45.36900641025641,51.28670289855072,0.0121210830679116,0.0226041819374568,-19.40880503144654,0.562830567207733,5.8408408408408405,1.936768149882904,6.8604651162790695,1.492822966507177,0.0026207747173863,0.2162162162162162,0.0,0.0,0.1745394856830202,0.1153846153846153,0.018595041322314,1.1612903225806452,0.0041322314049586,,0.0473728160328879,0.0326999558108705,-9.348242811501596,1600000000.0,-897000000.0,-2115000000.0,3654000000.0,1179500000.0,938000000.0,858000000.0,52.438016528925615,64.10575427682737,60.606531881804045,1.716312056737589,1.4039301310043668,1.4849884526558892,-0.9308176100628932,0.1150159744408945,2017-10-24,0.52,bmo,2022800000.0,2025-04-25,2017-09-30,-0.0384615384615384,37.684603174603176,2008729.7777777775
2017-06-30,MAS,USD,62996,2017-07-27,2017-07-27 16:37:34,2017,Q2,2057000000.0,1320000000.0,737000000.0,0.3582887701,0,0.0,0.0,380000000.0,0.0,380000000.0,1700000000.0,1000000.0,153000000.0,1000000.0,415000000.0,0.2017501215,357000000.0,0.173553719,-102000000.0,255000000.0,0.1239669421,84000000.0,158000000.0,0.0768108896,0.51,0.51,315000000,319000000,https://www.sec.gov/Archives/edgar/data/62996/000006299617000044/0000062996-17-000044-index.htm,https://www.sec.gov/Archives/edgar/data/62996/000006299617000044/a2017q2masco10-q06302017.htm,6.53015873015873,0.5015873015873016,0.9650793650793652,0.8380952380952381,3.6063492063492064,0.2222222222222222,-2.803174603174603,-0.4158730158730159,10.276190476190475,12036150000.0,14128150000.0,19.044541139240508,5.851312591152164,39.59259868421053,45.59147727272728,-91.8790076335878,-91.8790076335878,6.868327661643169,34.043734939759034,46.47417763157895,53.5157196969697,0.0131271212140094,0.0219339240537879,-23.541984732824428,0.5618509746766259,5.040963855421687,1.953900709219858,2.333333333333333,1.0742049469964663,0.0026586574610652,0.2025316455696202,0.0,0.0,0.1736199672071415,0.131578947368421,0.0194457948468643,1.2121212121212122,0.0058337384540593,,0.0611650485436893,0.0348324514991181,-9.316666666666666,1614000000.0,-883000000.0,-2113000000.0,3647000000.0,1187500000.0,931500000.0,838000000.0,53.859990277102575,65.45454545454545,57.95454545454546,1.6709991876523151,1.375,1.5529411764705885,-1.2061068702290076,0.1269841269841269,2017-07-27,0.6,bmo,2066000000.0,2025-04-25,2017-06-30,0.0,36.57666666666667,2891203.285714286
2017-03-31,MAS,USD,62996,2017-04-25,2017-04-25 16:07:38,2017,Q1,1777000000.0,1169000000.0,608000000.0,0.3421496905,0,0.0,0.0,355000000.0,0.0,355000000.0,1524000000.0,1000000.0,43000000.0,31000000.0,253000000.0,0.142374789,253000000.0,0.142374789,-40000000.0,213000000.0,0.1198649409,63000000.0,140000000.0,0.0787844682,0.43,0.43,317000000,321000000,https://www.sec.gov/Archives/edgar/data/62996/000006299617000019/0000062996-17-000019-index.htm,https://www.sec.gov/Archives/edgar/data/62996/000006299617000019/a2017q1masco10-q03312017.htm,5.605678233438486,0.4416403785488959,-0.4700315457413249,-0.5867507886435331,2.7854889589905363,-0.1861198738170347,-3.305993690851735,-0.8454258675078864,9.59621451104101,10774830000.0,13084830000.0,19.24076785714286,6.063494653911086,-72.31429530201342,-57.9291935483871,-40.20458955223881,-40.20458955223881,7.3634383792909395,51.71869565217391,-87.81765100671142,-70.34854838709677,0.0129932444409795,-0.01726245332873,-11.190298507462687,0.583576571317377,9.130434782608695,2.077247191011236,5.883720930232558,-0.5889328063241107,0.0029698844436524,0.2285714285714285,0.0,0.0,0.192449892975287,-0.2483221476510067,0.0208216094541361,1.1935483870967742,0.0050647158131682,,0.0479206600550045,0.0337349397590361,-9.602523659305994,1534000000.0,-1048000000.0,-2240000000.0,3597000000.0,1030500000.0,851500000.0,769000000.0,57.94034890264491,69.52095808383234,63.59281437125749,1.5533216783216783,1.2945736434108528,1.4152542372881356,-0.5223880597014925,0.1167192429022082,2017-04-25,0.36,bmo,1561170731.0,2025-04-25,2017-03-31,0.1388888888888888,33.41258064516129,3193342.209677419
2016-12-31,MAS,USD,62996,2017-02-09,2017-02-09 16:06:48,2016,Q4,1759000000.0,1186000000.0,573000000.0,0.3257532689,0,0.0,0.0,358000000.0,1000000.0,358000000.0,1544000000.0,1000000.0,43000000.0,1000000.0,250000000.0,0.1421262081,215000000.0,0.1222285389,-42000000.0,173000000.0,0.098351336,67000000.0,98000000.0,0.0557134736,0.31,0.3,318000000,323000000,https://www.sec.gov/Archives/edgar/data/62996/000006299617000008/0000062996-17-000008-index.htm,https://www.sec.gov/Archives/edgar/data/62996/000006299617000008/mas_20161231x10k.htm,5.531446540880503,0.3081761006289308,1.0817610062893082,0.8836477987421384,3.7452830188679247,-0.3238993710691824,-3.4245283018867925,-0.3238993710691824,9.559748427672956,10055160000.0,12062160000.0,25.65091836734694,5.716407049459921,29.23011627906977,35.78348754448398,-97.62291262135923,-97.62291262135923,6.857396247868107,48.24864,35.064418604651166,42.92583629893238,0.0097462397415854,0.0279458506876071,-29.097087378640776,0.5834144442281487,8.028,2.0095890410958903,5.0,-9.82857142857143,0.0032818970558399,0.336734693877551,0.0,0.0,0.1919408214911427,0.1831395348837209,0.0358158044343376,1.8529411764705883,0.0022740193291642,,0.0358070410563312,0.0236087689713322,-9.450471698113208,1474000000.0,-1089000000.0,-2306000000.0,3520000000.0,985500000.0,833000000.0,735000000.0,46.91870380898238,60.70826306913997,54.03035413153457,1.9182115594329336,1.4825,1.6657303370786516,-0.9514563106796116,0.1981132075471698,2017-02-09,0.34,bmo,1816424242.0,2025-04-25,2016-12-31,-0.0294117647058823,32.07650793650794,3858481.4285714286
2016-09-30,MAS,USD,62996,2016-10-25,2016-10-25 16:16:12,2016,Q3,1877000000.0,1263000000.0,614000000.0,0.3271177411,0,0.0,0.0,345000000.0,2000000.0,345000000.0,1608000000.0,1000000.0,43000000.0,2000000.0,304000000.0,0.1619605754,269000000.0,0.1433137986,-42000000.0,227000000.0,0.1209376665,81000000.0,134000000.0,0.0713905168,0.41,0.4,326000000,329000000,https://www.sec.gov/Archives/edgar/data/62996/000006299616000049/0000062996-16-000049-index.htm,https://www.sec.gov/Archives/edgar/data/62996/000006299616000049/masco_2016930x10q.htm,5.757668711656442,0.4110429447852761,0.8220858895705522,0.7055214723926381,3.751533742331288,0.3159509202453988,-2.739263803680981,-0.3006134969325153,9.322085889570552,11185060000.0,13140060000.0,20.867649253731344,5.9590090570058605,41.73529850746269,48.63069565217391,-114.13326530612248,-114.13326530612248,7.000564730953649,43.22388157894737,49.03007462686567,57.13069565217391,0.0119802665341088,0.0205631440510824,-30.571428571428573,0.5576028289596129,6.430921052631579,2.0661813368630044,6.255813953488372,1.2641509433962264,0.0028609591723245,0.2388059701492537,0.0,0.0,0.1853713009491904,0.1417910447761194,0.0202450719232818,1.1176470588235294,0.0053276505061267,,0.0447640920721942,0.03061457619374,-8.826687116564417,1611000000.0,-893000000.0,-2148000000.0,3656000000.0,1083500000.0,889500000.0,761500000.0,50.538092701118806,61.710213776722085,54.01425178147268,1.7808349146110056,1.4584295612009237,1.66622691292876,-1.3673469387755102,0.1165644171779141,2016-10-25,0.44,bmo,2014341463.0,2025-04-25,2016-09-30,-0.0681818181818182,34.58859375,3852146.546875
2016-06-30,MAS,USD,62996,2016-07-26,2016-07-26 16:21:14,2016,Q2,2001000000.0,1301000000.0,700000000.0,0.3498250875,0,0.0,0.0,365000000.0,0.0,365000000.0,1666000000.0,1000000.0,87000000.0,34000000.0,335000000.0,0.1674162919,335000000.0,0.1674162919,-82000000.0,253000000.0,0.1264367816,90000000.0,150000000.0,0.0749625187,0.45,0.45,328000000,331000000,https://www.sec.gov/Archives/edgar/data/62996/000006299616000041/0000062996-16-000041-index.htm,https://www.sec.gov/Archives/edgar/data/62996/000006299616000041/masco_2016630x10q.htm,6.100609756097561,0.4573170731707317,0.6524390243902439,0.524390243902439,3.326219512195122,0.2134146341463414,-2.823170731707317,-0.3567073170731707,9.399390243902438,10148320000.0,12188320000.0,16.913866666666667,5.071624187906047,47.42205607476635,59.00186046511628,-86.73777777777778,-86.73777777777778,6.09111444277861,36.383044776119405,56.95476635514019,70.86232558139535,0.0147807715956926,0.0169486180963942,-25.60683760683761,0.5627347858752817,6.08955223880597,1.8731617647058825,3.8505747126436782,1.2738095238095235,0.0030546927964431,0.2066666666666666,0.0,0.0,0.1870773854244928,0.1962616822429906,0.0209895052473763,1.2352941176470589,0.0029985007496251,,0.0584113774088475,0.0346580406654343,-8.980945121951219,1425000000.0,-926000000.0,-2197000000.0,3460000000.0,1074500000.0,873500000.0,760000000.0,50.05997001499251,63.15910837817064,52.92083013066871,1.797843665768194,1.424972617743702,1.7006535947712418,-1.2820512820512822,0.1280487804878048,2016-07-26,0.43,bmo,1870499999.0,2025-04-25,2016-06-30,0.0697674418604651,31.54421875,3360080.65625
2016-03-31,MAS,USD,62996,2016-04-26,2016-04-26 16:32:15,2016,Q1,1720000000.0,1151000000.0,569000000.0,0.3308139535,0,0.0,0.0,335000000.0,-3000000.0,335000000.0,1486000000.0,1000000.0,56000000.0,-3000000.0,231000000.0,0.1343023256,234000000.0,0.1360465116,-57000000.0,177000000.0,0.1029069767,58000000.0,109000000.0,0.063372093,0.33,0.32,330000000,333000000,https://www.sec.gov/Archives/edgar/data/62996/000006299616000008/0000062996-16-000008-index.htm,https://www.sec.gov/Archives/edgar/data/62996/000006299616000008/masco_2016331x10q.htm,5.212121212121212,0.3303030303030303,-0.303030303030303,-0.4151515151515151,7.181818181818182,0.2545454545454545,-2.7818181818181817,-0.3818181818181818,13.187878787878788,10378500000.0,12499500000.0,23.803899082568805,6.034011627906977,-103.785,-75.75547445255475,-82.36904761904762,-82.36904761904762,7.2671511627906975,54.11038961038961,-124.995,-91.23722627737226,0.0105024810907163,-0.0132003661415426,-34.095238095238095,0.6554775709490388,9.181818181818182,1.523126568662603,4.178571428571429,-0.5291005291005291,0.0030832972009442,0.2935779816513761,0.0,0.0,0.1528837351235886,-0.37,0.0215116279069767,1.15625,0.0052325581395348,,0.0310422324187658,0.0196325648414985,-8.925757575757576,1459000000.0,-918000000.0,-2222000000.0,3501000000.0,944500000.0,791500000.0,721000000.0,54.20930232558139,65.2128583840139,59.03562119895743,1.6602316602316602,1.380095923261391,1.5245033112582782,-0.8650793650793651,0.1121212121212121,2016-04-26,0.26,bmo,1397500000.0,2025-04-25,2016-03-31,0.2307692307692307,27.545245901639344,5202482.360655738
2015-12-31,MAS,USD,62996,2016-02-12,2016-02-12 16:15:33,2015,Q4,1715000000.0,1183000000.0,532000000.0,0.3102040816,0,0.0,0.0,320000000.0,2000000.0,320000000.0,1503000000.0,1000000.0,54000000.0,2000000.0,214000000.0,0.1247813411,212000000.0,0.1236151603,-52000000.0,160000000.0,0.0932944606,74000000.0,75000000.0,0.0437317784,0.23,0.22,330500000,335000000,https://www.sec.gov/Archives/edgar/data/62996/000104746916010135/0001047469-16-010135-index.htm,https://www.sec.gov/Archives/edgar/data/62996/000104746916010135/a2227221z10-k.htm,5.18910741301059,0.226928895612708,0.8381240544629349,0.6989409984871406,5.19213313161876,0.1754916792738275,-2.847201210287443,0.1754916792738275,10.520423600605143,9353150000.0,11308150000.0,31.17716666666667,5.453731778425656,33.765884476534296,40.48982683982684,161.26120689655173,161.26120689655173,6.593673469387755,52.84182242990654,40.82364620938628,48.9530303030303,0.0080186888909084,0.0246975617839979,59.01724137931034,0.6026408450704225,9.13551401869159,1.3280127693535515,3.925925925925926,-1.481283422459893,0.0034213072601209,0.4266666666666667,0.0,0.0,0.1758802816901408,0.1660649819494584,0.0268221574344023,1.393939393939394,0.0064139941690962,0.9465954741882396,0.0272672888250777,0.0160222174748985,-8.843419062027232,822000000.0,-941000000.0,-2294000000.0,2848000000.0,929500000.0,788000000.0,718000000.0,44.76384839650146,56.98224852071006,52.265426880811496,2.0105509964830013,1.5794392523364489,1.7219796215429404,1.293103448275862,0.1391830559757942,2016-02-09,0.26,bmo,1537586206.0,2025-04-25,2015-12-31,0.1153846153846152,28.46859375,4849674.859375
2015-09-30,MAS,USD,62996,2015-10-27,2015-10-27 16:35:22,2015,Q3,1839000000.0,1250000000.0,589000000.0,0.3202827624,0,0.0,0.0,331000000.0,0.0,331000000.0,1581000000.0,1000000.0,54000000.0,32000000.0,258000000.0,0.1402936378,258000000.0,0.1402936378,-60000000.0,198000000.0,0.1076672104,77000000.0,111000000.0,0.0603588907,0.33,0.32,335000000,338000000,https://www.sec.gov/Archives/edgar/data/62996/000110465915073124/0001104659-15-073124-index.htm,https://www.sec.gov/Archives/edgar/data/62996/000110465915073124/a15-17818_110q.htm,5.48955223880597,0.3313432835820895,0.844776119402985,0.7194029850746269,4.57910447761194,0.0835820895522388,-2.919402985074627,-0.4746268656716418,10.382089552238806,8435300000.0,10580300000.0,18.998423423423425,4.58689505165851,29.80671378091873,35.00124481327801,-53.05220125786163,-53.05220125786163,5.753289831430125,41.00891472868217,37.38621908127209,43.90165975103734,0.0131589866394793,0.0285704124334641,-21.534591194968552,0.5978697398288807,8.313953488372093,2.269230769230769,4.777777777777778,1.252212389380531,0.0037935817339039,0.2882882882882883,0.0,0.0,0.1756591583726209,0.1484098939929328,0.0228384991843393,1.3125,0.0038064165307232,,0.0377825704928508,0.0235119678034314,-9.06268656716418,1980000000.0,-978000000.0,-2159000000.0,4011000000.0,1055500000.0,858000000.0,764000000.0,49.233278955954326,59.544,53.928,1.8280318091451293,1.5114873035066505,1.6688918558077437,-0.6981132075471698,0.1253731343283582,2015-10-27,0.32,bmo,1730823529.0,2025-04-25,2015-09-30,0.0625,25.6609375,5103258.953125
2015-06-30,MAS,USD,62996,2015-07-28,2015-07-28 16:35:39,2015,Q2,1929000000.0,1292000000.0,637000000.0,0.3302229134,0,0.0,0.0,358000000.0,2000000.0,358000000.0,1650000000.0,1000000.0,61000000.0,2000000.0,282000000.0,0.1461897356,279000000.0,0.1446345257,-58000000.0,221000000.0,0.1145671332,102000000.0,105000000.0,0.0544323484,0.3,0.3,340000000,344000000,https://www.sec.gov/Archives/edgar/data/62996/000110465915053853/0001104659-15-053853-index.htm,https://www.sec.gov/Archives/edgar/data/62996/000110465915053853/a15-11884_110q.htm,5.673529411764706,0.3088235294117647,0.8558823529411764,0.7441176470588236,4.432352941176471,0.3852941176470588,-2.5823529411764707,-0.138235294117647,10.25294117647059,7973000000.0,10101000000.0,18.98333333333333,4.133229652669777,27.398625429553267,31.513833992094863,-169.63829787234042,-169.63829787234042,5.236391912908243,35.819148936170215,34.71134020618557,39.92490118577075,0.0131694468832309,0.0317320958234039,-72.87234042553192,0.5835747146021468,7.546099290780142,2.257861635220126,4.573770491803279,1.3791469194312795,0.0037626991094945,0.2857142857142857,0.0,0.0,0.1719202589879025,0.1305841924398625,0.0196993260756868,1.2258064516129032,0.006739243131156,,0.0350596894354187,0.0216049382716049,-8.861029411764706,2000000000.0,-878000000.0,-2148000000.0,4036000000.0,1176500000.0,954000000.0,821000000.0,51.555209953343706,61.92724458204334,54.26470588235294,1.7457013574660634,1.453318335208099,1.6585365853658536,-2.234042553191489,0.1117647058823529,2015-07-28,0.36,bmo,1827473684.0,2025-04-25,2015-06-30,0.0555555555555556,23.68920634920635,4032692.634920635
2015-03-31,MAS,USD,62996,2015-04-28,2015-04-28 15:10:00,2015,Q1,2018000000.0,1450000000.0,568000000.0,0.2814667988,0,0.0,0.0,397000000.0,0.0,397000000.0,1847000000.0,0.0,56000000.0,31000000.0,171000000.0,0.0847373637,171000000.0,0.0847373637,-55000000.0,116000000.0,0.0574826561,43000000.0,64000000.0,0.0317145689,0.18,0.18,344000000,347000000,https://www.sec.gov/Archives/edgar/data/62996/000110465915030939/0001104659-15-030939-index.htm,https://www.sec.gov/Archives/edgar/data/62996/000110465915030939/a15-6896_110q.htm,5.866279069767442,0.1860465116279069,-0.4418604651162791,-0.5348837209302325,5.159883720930233,2.7877906976744184,-3.130813953488372,2.23546511627907,11.569767441860463,8073680000.0,10419680000.0,31.5378125,4.000832507433102,-53.11631578947368,-43.87869565217391,10.49893368010403,10.49893368010403,5.163369672943508,60.933801169590645,-68.55052631578947,-56.62869565217391,0.007926992399996,-0.0227901031499886,5.102730819245774,0.5254418853776112,13.719298245614034,1.893520616221115,3.0535714285714284,-1.0555555555555556,0.003963496199998,0.5,0.0,0.0,0.2726298875200857,-0.2105263157894736,0.0158572844400396,1.032258064516129,0.0049554013875123,3.059045758380524,0.018659973810563,0.0117820324005891,-9.786337209302326,1972000000.0,-1077000000.0,-2330000000.0,5114000000.0,1031000000.0,870000000.0,841000000.0,55.65906838453915,63.248275862068965,53.56551724137931,1.6169871794871795,1.422963689892051,1.6801853997682503,0.083224967490247,0.0930232558139534,2015-04-28,0.2,bmo,1659000000.0,2025-04-25,2015-03-31,0.0,22.70639344262295,4117179.557377049
2014-12-31,MAS,USD,62996,2015-02-13,2015-02-13 13:45:45,2014,Q4,2064000000.0,1496000000.0,568000000.0,0.2751937984,0,0.0,0.0,382000000.0,-54000000.0,382000000.0,1878000000.0,2000000.0,56000000.0,-16000000.0,178000000.0,0.0862403101,194000000.0,0.0939922481,-54000000.0,140000000.0,0.0678294574,28000000.0,100000000.0,0.0484496124,0.29,0.28,345000000,351000000,https://www.sec.gov/Archives/edgar/data/62996/000104746915000803/0001047469-15-000803-index.htm,https://www.sec.gov/Archives/edgar/data/62996/000104746915000803/a2222936z10-k.htm,5.982608695652174,0.2898550724637681,0.8579710144927536,0.7246376811594203,4.895652173913043,3.269565217391305,-2.6115942028985506,3.269565217391305,10.08695652173913,7645200000.0,9686200000.0,19.113,3.70406976744186,25.82837837837838,30.5808,6.7776595744680845,6.7776595744680845,4.692926356589148,54.41685393258427,32.72364864864865,38.7448,0.0130801025480039,0.0327002563700099,3.035460992907802,0.4777452211525045,11.46629213483146,1.747173224785165,3.4642857142857144,1.947368421052632,0.0040548317898812,0.31,0.0,0.0,0.2831031114831868,0.1554054054054054,0.0222868217054263,1.3142857142857145,0.0062984496124031,4.617710625165828,0.0284197033510346,0.0194628260023355,-9.652173913043478,1652000000.0,-901000000.0,-2176000000.0,4820000000.0,1021500000.0,613000000.0,840500000.0,35.49418604651163,43.37566844919786,49.27139037433155,2.535626535626536,2.074895977808599,1.8266178266178263,0.0886524822695035,0.1333333333333333,2015-02-09,0.2,bmo,1388333333.0,2025-04-25,2014-12-31,0.1999999999999999,20.660625,5011763.5625
2014-09-30,MAS,USD,62996,2014-10-28,2014-10-28 13:59:09,2014,Q3,2232000000.0,1621000000.0,611000000.0,0.2737455197,0,0.0,0.0,409000000.0,-50000000.0,409000000.0,2030000000.0,1000000.0,57000000.0,34000000.0,202000000.0,0.0905017921,202000000.0,0.0905017921,-50000000.0,152000000.0,0.0681003584,-403000000.0,543000000.0,0.2432795699,1.52,1.51,350000000,353000000,https://www.sec.gov/Archives/edgar/data/62996/000110465914074312/0001104659-14-074312-index.htm,https://www.sec.gov/Archives/edgar/data/62996/000110465914074312/a14-19693_110q.htm,6.377142857142857,1.5514285714285714,0.7,0.62,4.448571428571428,3.88,-1.9428571428571428,3.88,9.945714285714285,7360500000.0,9502500000.0,3.388812154696133,3.297715053763441,30.042857142857148,33.91935483870968,5.420103092783505,5.420103092783505,4.25739247311828,47.04207920792079,38.785714285714285,43.79032258064516,0.0737721622172406,0.0294816928197812,2.521354933726068,0.4643971246439712,10.603960396039604,1.656728778467909,3.543859649122807,1.2373737373737377,0.0043475307384009,0.0589318600368324,0.0,0.0,0.2764139427641394,0.1142857142857142,0.0125448028673835,0.8235294117647058,0.0044802867383512,11.637856945576976,0.1350111274892338,0.1017806935332708,-8.872142857142856,1586000000.0,-680000000.0,-2014000000.0,4777000000.0,1267500000.0,506000000.0,878000000.0,49.55645161290322,28.03824799506477,47.85934608266502,1.8161106590724163,3.20990099009901,1.8805104408352669,0.3998527245949926,0.08,2014-10-27,0.31,amc,1893161290.0,2025-04-25,2014-09-30,0.0,19.77375,4364232.203125
2014-06-30,MAS,USD,62996,2014-07-29,2014-07-29 13:33:18,2014,Q2,2260000000.0,1599000000.0,661000000.0,0.2924778761,0,0.0,0.0,421000000.0,-50000000.0,421000000.0,2020000000.0,0.0,56000000.0,29000000.0,240000000.0,0.1061946903,240000000.0,0.1061946903,-50000000.0,190000000.0,0.0840707965,37000000.0,139000000.0,0.0615044248,0.39,0.39,349000000,352000000,https://www.sec.gov/Archives/edgar/data/62996/000110465914054330/0001104659-14-054330-index.htm,https://www.sec.gov/Archives/edgar/data/62996/000110465914054330/a14-13953_110q.htm,6.4756446991404015,0.3982808022922636,0.8739255014326648,0.7936962750716332,4.077363896848137,2.5845272206303727,-3.292263610315186,2.5845272206303727,9.982808022922637,6812480000.0,9045480000.0,12.252661870503598,3.014371681415929,22.336,24.59379061371841,7.552638580931263,7.552638580931263,4.002424778761062,37.6895,29.65731147540984,32.65516245487365,0.0204037296256282,0.0406606698294894,3.800443458980044,0.4743323647433236,9.304166666666667,1.5365556458164094,4.285714285714286,1.3616071428571428,0.0039633143877119,0.1942446043165467,0.0,0.0,0.2837968728379687,0.0918032786885245,0.0123893805309734,0.9655172413793104,0.0057522123893805,4.81256381121584,0.0366584138647072,0.0268547140649149,-9.958452722063038,1321000000.0,-1149000000.0,-2542000000.0,4588000000.0,1260500000.0,730500000.0,866000000.0,52.00884955752212,28.536585365853657,50.31894934333958,1.7304747320061256,3.1538461538461537,1.7885906040268456,0.1541019955654102,0.0802292263610315,2014-07-28,0.28,amc,1641500000.0,2025-04-25,2014-06-30,0.1428571428571427,18.86047619047619,6198903.761904762
2014-03-31,MAS,USD,62996,2014-04-30,2014-04-30 15:36:05,2014,Q1,1965000000.0,1418000000.0,547000000.0,0.2783715013,0,0.0,0.0,395000000.0,-59000000.0,395000000.0,1813000000.0,1000000.0,56000000.0,42000000.0,195000000.0,0.0992366412,152000000.0,0.0773536896,-59000000.0,93000000.0,0.0473282443,5000000.0,74000000.0,0.0376590331,0.21,0.21,351000000,354000000,https://www.sec.gov/Archives/edgar/data/62996/000110465914032611/0001104659-14-032611-index.htm,https://www.sec.gov/Archives/edgar/data/62996/000110465914032611/a14-9075_110q.htm,5.598290598290598,0.2108262108262108,-0.6951566951566952,-0.7692307692307693,3.45014245014245,2.282051282051282,-3.566951566951567,2.282051282051282,9.923076923076923,6855030000.0,9376030000.0,23.158885135135137,3.4885648854961837,-28.09438524590164,-25.389,8.55808988764045,8.55808988764045,4.771516539440204,48.082205128205125,-38.42635245901639,-34.72603703703704,0.0107949928738459,-0.0393871361613297,4.278401997503121,0.498110465116279,12.928205128205128,1.9872093023255817,2.7142857142857144,-2.0165289256198347,0.0039387136161329,0.3648648648648648,0.0,0.0,0.2984011627906976,-0.1065573770491803,0.0132315521628498,0.6190476190476191,0.0055979643765903,3.2901542601957567,0.0278412615155337,0.0153304329811477,-10.07905982905983,1698000000.0,-1252000000.0,-2661000000.0,4983000000.0,1109500000.0,928000000.0,801500000.0,55.64885496183207,60.55007052186178,53.18758815232722,1.617283950617284,1.486373165618449,1.692124105011933,0.0923845193508114,0.074074074074074,2014-04-24,0.17,amc,1847333333.0,2025-04-25,2014-03-31,-0.1176470588235295,19.725573770491803,4638422.950819672
2013-12-31,MAS,USD,62996,2014-02-14,2014-02-14 15:47:06,2013,Q4,1998000000.0,1467000000.0,531000000.0,0.2657657658,0,0.0,0.0,390000000.0,-74000000.0,390000000.0,1857000000.0,2000000.0,57000000.0,-3000000.0,127000000.0,0.0635635636,141000000.0,0.0705705706,-71000000.0,70000000.0,0.035035035,20000000.0,45000000.0,0.0225225225,0.13,0.12,349500000,352000000,https://www.sec.gov/Archives/edgar/data/62996/000104746914000923/0001047469-14-000923-index.htm,https://www.sec.gov/Archives/edgar/data/62996/000104746914000923/a2218121z10-k.htm,5.716738197424893,0.1287553648068669,0.844062947067239,0.7353361945636624,4.417739628040057,2.183118741058655,-3.688125894134478,2.183118741058655,9.968526466380544,6996990000.0,9200990000.0,38.872166666666665,3.501996996996997,23.718610169491523,27.225642023346303,9.170366972477064,9.170366972477064,4.6051001001001,72.44874015748032,31.18979661016949,35.801517509727624,0.0064313369034399,0.0367300796485345,4.491480996068152,0.4943026107024376,17.35433070866142,1.9461279461279464,2.473684210526316,2.5,0.0037158835442097,0.5777777777777777,0.0,0.0,0.2959757680657724,0.1288135593220339,0.019019019019019,2.533333333333333,0.0045045045045045,2.5148530023121816,0.0195296268594697,0.009219422249539,-9.987124463519311,1686000000.0,-1289000000.0,-2702000000.0,4990000000.0,1107500000.0,944000000.0,771000000.0,45.22522522522522,55.33742331288344,46.93251533742331,1.9900398406374504,1.6263858093126389,1.9176470588235297,0.0589777195281782,0.1087267525035765,2014-02-10,0.16,amc,2131200000.0,2025-04-25,2013-12-31,-0.0625,18.60234375,4533158.5625
2013-09-30,MAS,USD,62996,2013-10-29,2013-10-29 15:54:23,2013,Q3,2150000000.0,1543000000.0,607000000.0,0.2823255814,0,0.0,0.0,395000000.0,-58000000.0,395000000.0,1938000000.0,1000000.0,58000000.0,46000000.0,268000000.0,0.1246511628,212000000.0,0.0986046512,-52000000.0,154000000.0,0.071627907,38000000.0,103000000.0,0.0479069767,0.29,0.29,349400000,352000000,https://www.sec.gov/Archives/edgar/data/62996/000119312513415880/0001193125-13-415880-index.htm,https://www.sec.gov/Archives/edgar/data/62996/000119312513415880/d612154d10q.htm,6.153405838580424,0.294791070406411,0.8328563251287923,0.7498568975386377,3.686319404693761,1.963365769891242,-3.900973096737264,1.963365769891242,12.779049799656557,6537274000.0,9933274000.0,15.867169902912622,3.0405925581395348,22.46485910652921,24.95142748091603,9.52955393586006,9.52955393586006,4.620127441860465,37.0644552238806,34.13496219931272,37.913259541984736,0.015755802800984,0.0400778673190078,6.424198250728863,0.6243093922651933,12.671641791044776,1.8510863804981448,3.655172413793104,1.5315789473684212,0.004130161899287,0.2621359223300971,0.0,0.0,0.2902677433064173,0.0996563573883161,0.0134883720930232,0.6304347826086957,0.0055813953488372,3.608685450461816,0.0308457237180435,0.0205588822355289,-10.842157985117344,1606000000.0,-1363000000.0,-2880000000.0,4912000000.0,1233000000.0,992000000.0,784000000.0,50.69302325581396,57.51134154244978,45.32080362929359,1.7753922378199836,1.5649087221095337,1.9858429858429856,0.1501457725947521,0.0829994275901545,2013-10-28,0.25,amc,1990740740.0,2025-04-25,2013-09-30,0.08,17.81734375,4738083.3125
2013-06-30,MAS,USD,62996,2013-07-31,2013-07-31 13:27:31,2013,Q2,2149000000.0,1540000000.0,609000000.0,0.2833876221,0,0.0,0.0,421000000.0,-62000000.0,421000000.0,1961000000.0,1000000.0,60000000.0,-5000000.0,188000000.0,0.08748255,188000000.0,0.08748255,-56000000.0,131000000.0,0.0609585854,39000000.0,77000000.0,0.0358306189,0.22,0.21,349200000,352000000,https://www.sec.gov/Archives/edgar/data/62996/000119312513312136/0001193125-13-312136-index.htm,https://www.sec.gov/Archives/edgar/data/62996/000119312513312136/d564131d10q.htm,6.1540664375715926,0.2205040091638029,0.7703321878579611,0.6901489117983963,3.502290950744559,1.5721649484536082,-4.278350515463917,1.5721649484536082,12.826460481099655,6201792000.000001,9397792000.0,20.135688311688316,2.885896696137739,23.054988847583644,25.73357676348548,11.296524590163935,11.296524590163935,4.373100046533272,49.98825531914893,34.93602973977695,38.99498755186722,0.0124157662817456,0.0388597360246844,8.049180327868852,0.6257434154630417,17.0,1.7037218413320274,3.1333333333333333,1.5917159763313609,0.0045148241024529,0.3636363636363636,0.0,0.0,0.2892948173322005,0.104089219330855,0.013029315960912,0.7368421052631579,0.0074453234062354,2.792856095383102,0.0252593331454266,0.0153417015341701,-11.320876288659791,1437000000.0,-1494000000.0,-3034000000.0,4756000000.0,1214500000.0,930500000.0,777000000.0,52.55932992089344,58.32467532467532,46.22727272727273,1.7123505976095617,1.5430861723446894,1.9469026548672568,0.1402550091074681,0.0801832760595647,2013-07-29,0.2,amc,1868695652.0,2025-04-25,2013-06-30,0.15,17.99875,5784263.078125
2013-03-31,MAS,USD,62996,2013-05-02,2013-05-02 13:37:44,2013,Q1,1876000000.0,1368000000.0,508000000.0,0.2707889126,0,0.0,0.0,376000000.0,-56000000.0,376000000.0,1744000000.0,1000000.0,60000000.0,-3000000.0,132000000.0,0.0703624733,132000000.0,0.0703624733,-47000000.0,79000000.0,0.0421108742,14000000.0,56000000.0,0.0298507463,0.16,0.13,349100000,352000000,https://www.sec.gov/Archives/edgar/data/62996/000119312513195470/0001193125-13-195470-index.htm,https://www.sec.gov/Archives/edgar/data/62996/000119312513195470/d515568d10q.htm,5.37381839014609,0.1604124892580922,-0.6015468347178459,-0.690346605557147,2.9561730163277,1.4179318246920654,-4.428530507018047,1.4179318246920654,12.443425952449156,6105758999.999999,9357759000.0,27.257852678571428,3.2546689765458416,-29.07504285714285,-25.33509958506224,12.334866666666665,12.334866666666665,4.988144456289978,70.89211363636363,-44.56075714285714,-38.8288755186722,0.0091716689112688,-0.0394709322788534,8.654545454545454,0.63195161528249,24.63636363636364,1.7382256297918948,2.2,-1.6153846153846154,0.0042582748516605,0.4642857142857143,0.0,0.0,0.3010768549933618,-0.1476190476190476,0.0165245202558635,0.6595744680851063,0.0090618336886993,2.262236593713237,0.0210520633721087,0.0118193330519206,-11.429389859639072,1348000000.0,-1546000000.0,-3110000000.0,4683000000.0,1053500000.0,825500000.0,777500000.0,56.32196162046908,56.776315789473685,50.19736842105263,1.5979557069846675,1.5851680185399768,1.7929226736566186,0.1131313131313131,0.088799770839301,2013-04-29,0.14,amc,2020307692.0,2025-04-25,2013-03-31,-0.0714285714285714,16.597666666666665,5368724.95
2012-12-31,MAS,USD,62996,2013-02-15,2013-02-15 16:49:57,2012,Q4,1890000000.0,1444000000.0,446000000.0,0.235978836,0,0.0,0.0,380000000.0,-62000000.0,380000000.0,1824000000.0,6000000.0,60000000.0,86000000.0,120000000.0,0.0634920635,21000000.0,0.0111111111,-58000000.0,-37000000.0,-0.0195767196,35000000.0,-87000000.0,-0.046031746,-0.25,-0.25,349000000,349000000,https://www.sec.gov/Archives/edgar/data/62996/000119312513062852/0001193125-13-062852-index.htm,https://www.sec.gov/Archives/edgar/data/62996/000119312513062852/d456978d10k.htm,5.415472779369628,-0.2492836676217765,0.5472779369627507,0.4355300859598854,4.762177650429799,1.5300859598853869,-4.329512893982808,1.5300859598853869,10.567335243553009,5112850000.0,7389850000.0,-14.692097701149423,2.7052116402116404,26.768848167539268,33.63717105263158,9.574625468164792,9.574625468164792,3.909973544973545,61.58208333333334,38.69031413612566,48.61743421052632,-0.0170159500083123,0.0297290161064768,6.794007490636704,0.5277090909090909,18.975,1.7277121374865736,0.35,-2.1954022988505746,0.0052808120715452,-0.3103448275862069,0.0,0.0,0.2974545454545454,0.2041884816753926,0.0206349206349206,0.8863636363636364,0.0068783068783068,,0.0078300181768279,-0.0180124223602484,-10.267191977077363,1355000000.0,-1511000000.0,-3124000000.0,4829000000.0,1044500000.0,827000000.0,811000000.0,44.42857142857143,49.11357340720222,49.3628808864266,2.0257234726688105,1.83248730964467,1.823232323232323,-0.1629213483146067,0.1117478510028653,2013-02-11,0.00439,amc,457750000.0,2025-04-25,2012-12-31,8.111617312072894,13.87532258064516,5355687.983870967
2012-09-30,MAS,USD,62996,2012-10-31,2012-10-31 15:08:44,2012,Q3,1976000000.0,1476000000.0,500000000.0,0.2530364372,0,0.0,0.0,398000000.0,0.0,398000000.0,1874000000.0,1000000.0,62000000.0,58000000.0,113000000.0,0.0571862348,101000000.0,0.0511133603,-63000000.0,45000000.0,0.0227732794,14000000.0,15000000.0,0.0075910931,0.04,0.04,350000000,350000000,https://www.sec.gov/Archives/edgar/data/62996/000119312512443542/0001193125-12-443542-index.htm,https://www.sec.gov/Archives/edgar/data/62996/000119312512443542/d412717d10q.htm,5.645714285714286,0.0428571428571428,0.2685714285714285,0.1885714285714285,3.3314285714285714,1.9257142857142853,-4.0285714285714285,1.9257142857142853,10.545714285714286,4721500000.0,7184500000.0,78.69166666666666,2.389423076923077,50.22872340425532,71.53787878787878,7.005192878338279,7.005192878338279,3.635880566801619,63.57964601769911,76.43085106382979,108.8560606060606,0.0031769564756962,0.0139786084930636,5.384272997032641,0.5172462941847207,21.79646017699115,1.6548042704626331,1.6290322580645162,6.266666666666667,0.0057185216562533,1.8,0.0,0.0,0.2970353477765108,0.2978723404255319,0.0141700404858299,0.0,0.0,1.3626954081929696,0.0132377811601555,0.0030413625304136,-11.125714285714286,1288000000.0,-1410000000.0,-3087000000.0,4856000000.0,1181000000.0,903500000.0,837000000.0,52.65182186234818,52.80487804878049,50.609756097560975,1.7093425605536332,1.7043879907621249,1.7783132530120482,0.0222551928783382,0.08,2012-10-29,0.12,amc,1765846153.0,2025-04-25,2012-09-30,0.0833333333333334,12.286825396825398,6692669.317460317
2012-06-30,MAS,USD,62996,2012-07-31,2012-07-31 16:08:18,2012,Q2,2004000000.0,1479000000.0,525000000.0,0.2619760479,0,0.0,0.0,403000000.0,0.0,403000000.0,1882000000.0,2000000.0,68000000.0,216000000.0,263000000.0,0.131237525,47000000.0,0.0234530938,-66000000.0,-19000000.0,-0.0094810379,30000000.0,-75000000.0,-0.0374251497,-0.21,-0.21,349000000,349000000,https://www.sec.gov/Archives/edgar/data/62996/000119312512325839/0001193125-12-325839-index.htm,https://www.sec.gov/Archives/edgar/data/62996/000119312512325839/d367736d10q.htm,5.742120343839542,-0.2148997134670487,0.4670487106017192,0.3868194842406877,5.30945558739255,1.7736389684813754,-4.183381088825215,1.7736389684813754,12.724928366762178,4254310000.0,6774310000.0,-14.181033333333334,2.1229091816367265,26.10006134969325,31.513407407407406,6.872875605815832,6.872875605815832,3.380394211576846,25.75783269961977,41.56018404907975,50.18007407407407,-0.0176291807602172,0.0317325253683911,7.064620355411955,0.5636035571594278,9.581749049429655,1.564092512740102,0.6911764705882353,-2.1733333333333333,0.0063465050736782,-0.36,0.0,0.0,0.2679469003737595,0.1717791411042944,0.0139720558882235,0.0,0.0,,0.0203407495076001,-0.0132042253521126,-11.34813753581662,1439000000.0,-1460000000.0,-3150000000.0,5007000000.0,1198000000.0,922500000.0,836000000.0,54.16167664670658,57.26166328600405,51.35902636916836,1.6616915422885572,1.57173219978746,1.7523696682464456,-0.1211631663974151,0.0802292263610315,2012-07-30,0.11,amc,2139499999.0,2025-04-25,2012-06-30,-0.0909090909090908,11.406190476190476,8551617.555555556
2012-03-31,MAS,USD,62996,2012-05-02,2012-05-02 15:00:03,2012,Q1,1875000000.0,1390000000.0,485000000.0,0.2586666667,0,0.0,0.0,383000000.0,0.0,383000000.0,1773000000.0,2000000.0,64000000.0,49000000.0,124000000.0,0.0661333333,102000000.0,0.0544,-49000000.0,53000000.0,0.0282666667,4000000.0,33000000.0,0.0176,0.09,0.09,350000000,350000000,https://www.sec.gov/Archives/edgar/data/62996/000119312512204147/0001193125-12-204147-index.htm,https://www.sec.gov/Archives/edgar/data/62996/000119312512204147/d320219d10q.htm,5.357142857142857,0.0942857142857142,-0.4771428571428571,-0.5457142857142857,5.1085714285714285,2.262857142857143,-3.7085714285714286,2.262857142857143,12.685714285714283,4112500000.0,6700500000.0,31.155303030303028,2.193333333333334,-24.62574850299401,-21.531413612565444,5.192550505050505,5.192550505050505,3.5736,54.03629032258065,-40.122754491017965,-35.08115183246073,0.0080243161094224,-0.0464437689969604,5.525252525252525,0.5646451612903226,20.870967741935484,1.6404541631623213,1.59375,-5.0606060606060606,0.006322188449848,0.7878787878787878,0.0,0.0,0.2696774193548387,-0.1437125748502994,0.0128,0.0,0.0,2.191002007283053,0.0153937131558035,0.0058303886925795,-11.038571428571428,1523000000.0,-1298000000.0,-3057000000.0,5158000000.0,1052000000.0,837000000.0,798500000.0,57.120000000000005,58.53237410071942,53.61151079136691,1.5756302521008403,1.5376106194690264,1.678743961352657,0.0416666666666666,0.0685714285714285,2012-05-01,0.00536,bmo,361200000.0,2025-04-25,2012-03-31,8.328358208955223,10.90564516129032,7967545.193548387
2011-12-31,MAS,USD,62996,2012-02-21,2012-02-21 16:51:13,2011,Q4,1667000000.0,1335000000.0,332000000.0,0.199160168,0,0.0,0.0,347000000.0,0.0,347000000.0,1682000000.0,0.0,64000000.0,494000000.0,-506000000.0,-0.3035392921,-509000000.0,-0.3053389322,-61000000.0,-570000000.0,-0.3419316137,-112000000.0,-573000000.0,-0.3437312537,-1.65,-1.64,348000000,350000000,https://www.sec.gov/Archives/edgar/data/62996/000119312512070524/0001193125-12-070524-index.htm,https://www.sec.gov/Archives/edgar/data/62996/000119312512070524/d276684d10k.htm,4.790229885057471,-1.646551724137931,0.4137931034482758,0.2844827586206896,4.758620689655173,2.132183908045977,-3.864942528735632,1.514367816091954,11.75,3205080000.0000005,5574080000.0,-1.3983769633507854,1.922663467306539,22.257500000000004,32.37454545454546,6.081745730550285,6.081745730550285,3.3437792441511696,-11.01596837944664,38.708888888888886,56.30383838383838,-0.17877868883148,0.030888464562507,7.637571157495256,0.5515965465259696,-4.681818181818182,1.4511214557765553,-7.953125,-0.2513089005235602,0.0084241266988655,-0.0471204188481675,0.0,0.0,0.2860079484719748,0.3125,0.026994601079784,0.0,0.0,,-0.0712891694112394,-0.1099808061420345,-11.00287356321839,1066000000.0,-1345000000.0,-3126000000.0,4720000000.0,1023500000.0,818000000.0,809500000.0,49.346130773845225,51.91011235955056,51.84269662921348,1.823851203501094,1.7337662337662338,1.7360208062418725,-1.0872865275142316,0.1293103448275862,2012-02-13,-0.05,amc,1237747500.0,2025-04-25,2011-12-31,0.7999999999999998,7.983492063492063,5849287.428571428
2011-09-30,MAS,USD,62996,2011-10-28,2011-10-28 12:05:46,2011,Q3,2006000000.0,1511000000.0,495000000.0,0.2467597208,0,0.0,0.0,393000000.0,0.0,393000000.0,1904000000.0,1000000.0,63000000.0,41000000.0,136000000.0,0.0677966102,102000000.0,0.0508474576,-41000000.0,61000000.0,0.0304087737,12000000.0,36000000.0,0.0179461615,0.1,0.1,347800000,348000000,https://www.sec.gov/Archives/edgar/data/62996/000095012311092810/0000950123-11-092810-index.htm,https://www.sec.gov/Archives/edgar/data/62996/000095012311092810/k50714e10vq.htm,5.767682576193215,0.1035077630822311,0.3622771707878091,0.2501437607820586,4.629097182288672,4.275445658424382,-3.32374928119609,4.275445658424382,11.76825761932145,2177228000.0,4597228000.0,15.119638888888888,1.085357926221336,17.279587301587302,25.0256091954023,1.4641748486886348,1.4641748486886348,2.291738783649053,33.80314705882353,36.48593650793651,52.84170114942529,0.0165347864348612,0.0399590672175812,2.7101546738399462,0.4907452508524111,17.794117647058822,1.4933601609657947,1.619047619047619,3.5,0.0119417902029553,0.7222222222222222,0.0,0.0,0.3218460789089137,0.3095238095238095,0.0194416749750747,0.0,0.0,3.155501682200591,0.0125416234853066,0.0064643562578559,-11.04154686601495,1226000000.0,-1156000000.0,-3014000000.0,5525000000.0,1160500000.0,893500000.0,875500000.0,50.83250249252244,51.58173395102581,50.628722700198544,1.770520741394528,1.7448036951501156,1.7776470588235294,0.0242098184263618,0.1121334100057504,2011-10-24,0.08,amc,1978000000.0,2025-04-25,2011-09-30,0.0,8.09515625,7382664.390625
2011-06-30,MAS,USD,62996,2011-07-28,2011-07-28 16:16:21,2011,Q2,2022000000.0,1490000000.0,532000000.0,0.2631058358,0,0.0,0.0,441000000.0,0.0,441000000.0,1931000000.0,0.0,64000000.0,33000000.0,128000000.0,0.0633036597,91000000.0,0.0450049456,-33000000.0,58000000.0,0.0286844708,38000000.0,8000000.0,0.0039564787,0.023,0.02,347500000,349000000,https://www.sec.gov/Archives/edgar/data/62996/000095012311069598/0000950123-11-069598-index.htm,https://www.sec.gov/Archives/edgar/data/62996/000095012311069598/k50415e10vq.htm,5.818705035971223,0.0230215827338129,0.3712230215827338,0.2618705035971223,4.635971223021583,4.423021582733813,-3.246043165467626,4.423021582733813,11.959712230215828,3676550000.0,6157550000.0,114.8921875,1.8182739861523245,28.500387596899227,40.40164835164836,2.392029928432011,2.392029928432011,3.045276953511375,48.105859375,47.73294573643411,67.66538461538461,0.0021759529994152,0.024751465368348,2.6623292127521143,0.4861012116892373,19.3828125,2.1283333333333334,1.421875,16.125,0.0122397356217105,5.625,0.0,0.0,0.3165835115229271,0.2945736434108527,0.0187932739861523,0.0,0.0,1.51362529684787,0.0046953928392679,0.0013905788284373,-11.305035971223022,2031000000.0,-1128000000.0,-3050000000.0,6394000000.0,1150500000.0,854000000.0,870000000.0,52.87833827893175,55.630872483221474,54.42281879194631,1.702020202020202,1.6178067318132463,1.653718091009989,0.0052049446974625,0.1093525179856115,2011-07-25,0.07,amc,2797200000.0,2025-04-25,2011-06-30,-0.2857142857142857,11.57984126984127,6127566.952380952
2011-03-31,MAS,USD,62996,2011-04-28,2011-04-28 15:42:49,2011,Q1,1772000000.0,1347000000.0,425000000.0,0.2398419865,0,0.0,0.0,404000000.0,0.0,404000000.0,1751000000.0,0.0,63000000.0,42000000.0,63000000.0,0.0355530474,21000000.0,0.0118510158,-37000000.0,-21000000.0,-0.0118510158,13000000.0,-46000000.0,-0.0259593679,-0.13,-0.13,347500000,349000000,https://www.sec.gov/Archives/edgar/data/62996/000095012311040901/0000950123-11-040901-index.htm,https://www.sec.gov/Archives/edgar/data/62996/000095012311040901/k50223e10vq.htm,5.099280575539568,-0.1323741007194244,-0.460431654676259,-0.543884892086331,4.330935251798561,4.460431654676259,-3.2028776978417266,4.460431654676259,11.968345323741008,4253400000.0,6844400000.0,-23.116304347826087,2.4003386004514677,-26.58375,-22.504761904761907,2.7441290322580647,2.7441290322580647,3.862528216704289,108.64126984126985,-42.7775,-36.213756613756615,-0.0108148775097569,-0.0444350402031316,2.6425806451612903,0.4967256851806936,41.12698412698413,2.210947109471095,0.3333333333333333,3.4782608695652173,0.0063478628861616,-0.5869565217391305,0.0,0.0,0.322944457918991,-0.18125,0.0163656884875846,0.0,0.0,,0.0050852527669757,-0.0082392978685294,-11.328776978417268,1969000000.0,-1113000000.0,-3101000000.0,6351000000.0,1000500000.0,694500000.0,785500000.0,56.5293453724605,52.58351893095769,56.057906458797326,1.592093441150045,1.7115628970775096,1.605482717520858,-0.0296774193548387,0.0834532374100719,2011-04-25,-0.02944,amc,1461899999.0,2025-04-25,2011-03-31,0.6983695652173914,11.99483870967742,6452488.354838709
2010-12-31,MAS,USD,62996,2011-02-18,2011-02-18 16:17:00,2010,Q4,1735000000.0,1427000000.0,308000000.0,0.1775216138,0,0.0,0.0,385000000.0,0.0,385000000.0,1812000000.0,-1000000.0,63000000.0,720000000.0,-790000000.0,-0.4553314121,-798000000.0,-0.4599423631,-55000000.0,-853000000.0,-0.4916426513,172000000.0,-1034000000.0,-0.5959654179,-2.98,-2.98,347500000,347500000,https://www.sec.gov/Archives/edgar/data/62996/000095012311015716/0000950123-11-015716-index.htm,https://www.sec.gov/Archives/edgar/data/62996/000095012311015716/k49882e10vk.htm,4.992805755395684,-2.975539568345324,0.6589928057553956,0.5179856115107914,4.935251798561152,4.552517985611511,-3.079136690647482,3.98273381294964,11.97410071942446,3867675000.000001,6250675000.0,-0.935124516441006,2.229207492795389,16.889410480349348,21.48708333333333,2.7945628612716766,2.7945628612716766,3.602694524495677,-7.912246835443038,27.295524017467248,34.725972222222225,-0.2673440762215026,0.0465395877368186,2.9609826589595376,0.5034398034398034,-3.016455696202532,2.329522528581036,-12.666666666666666,-0.2214700193423597,0.0069809381605227,-0.0261121856866537,0.0,0.0,0.3257985257985258,0.2139737991266375,0.0282420749279538,0.0,0.0,,-0.1427161378722165,-0.1884110787172011,-10.966906474820144,1977000000.0,-1070000000.0,-3094000000.0,6366000000.0,997000000.0,626000000.0,767000000.0,46.06340057636888,37.96776454099509,46.16678346180799,1.9538288288288288,2.370431893687708,1.9494535519125684,-0.7471098265895953,0.1410071942446043,2011-02-14,-0.02059,amc,407250000.0,2025-04-25,2010-12-31,2.885381253035454,10.300625,5186317.53125
2010-09-30,MAS,USD,62996,2010-10-28,2010-10-28 13:16:28,2010,Q3,1957000000.0,1463000000.0,494000000.0,0.2524271845,0,0.0,0.0,392000000.0,0.0,392000000.0,1855000000.0,0.0,63000000.0,64000000.0,101000000.0,0.0516096065,102000000.0,0.0521205927,-64000000.0,38000000.0,0.0194174757,31000000.0,-5000000.0,-0.002554931,-0.0144,-0.0143,348400000,349000000,https://www.sec.gov/Archives/edgar/data/62996/000095012310097280/0000950123-10-097280-index.htm,https://www.sec.gov/Archives/edgar/data/62996/000095012310097280/k49628e10vq.htm,5.617106773823192,-0.0143513203214695,0.4850746268656716,0.4104477611940298,4.411595866819748,7.749712973593571,-1.9517795637198625,7.749712973593571,11.954649827784156,3372512000.0,5937512000.0,-168.6256,1.723307102708227,19.955692307692303,23.584,1.2490785185185185,1.2490785185185185,3.0339867143587123,58.78724752475247,35.13320710059172,41.521062937062936,-0.0014825744133749,0.0424016282225237,1.5192592592592593,0.4433156814006268,25.3960396039604,2.39602053915276,1.619047619047619,-33.8,0.0080059018322247,-5.4,0.0,0.0,0.3652869339673619,0.1538461538461538,0.0132856412876852,0.0,0.0,,0.0024210119423026,-0.0008513536523071,-10.865384615384617,2175000000.0,-680000000.0,-2820000000.0,7393000000.0,1131500000.0,689500000.0,821000000.0,50.86356668369954,39.98632946001367,49.33697881066302,1.7694394213381557,2.250769230769231,1.824189526184539,-0.0018518518518518,0.0746268656716417,2010-10-25,0.11,amc,1957000000.0,2025-04-25,2010-09-30,0.0,9.52734375,5876189.25
2010-06-30,MAS,USD,62996,2010-07-29,2010-07-29 14:29:31,2010,Q2,2048000000.0,1502000000.0,546000000.0,0.2666015625,0,0.0,0.0,427000000.0,0.0,427000000.0,1929000000.0,0.0,67000000.0,103000000.0,222000000.0,0.1083984375,119000000.0,0.0581054688,-103000000.0,16000000.0,0.0078125,4000000.0,3000000.0,0.0014648438,0.0086,0.0086,350000000,350000000,https://www.sec.gov/Archives/edgar/data/62996/000095012310069687/0000950123-10-069687-index.htm,https://www.sec.gov/Archives/edgar/data/62996/000095012310069687/k49338e10vq.htm,5.851428571428571,0.0085714285714285,0.5342857142857143,0.4314285714285714,3.954285714285714,7.451428571428571,-2.148571428571429,7.451428571428571,11.917142857142856,3311000000.0000005,6031000000.0,275.9166666666667,1.6166992187500002,17.705882352941178,21.9271523178808,1.2695552147239266,1.2695552147239266,2.94482421875,27.166666666666668,32.25133689839572,39.94039735099338,0.0009060706735125,0.0456055572334642,1.5736196319018405,0.4465237732564465,12.252252252252251,2.273176761433869,1.7761194029850746,62.333333333333336,0.0126849894291754,14.0,0.0,0.0,0.3655750190403656,0.1925133689839572,0.017578125,0.0,0.0,1.1987748848260862,0.0116834664223065,0.00051449151089,-11.175,2060000000.0,-752000000.0,-2905000000.0,7271000000.0,1152000000.0,701000000.0,822500000.0,50.8447265625,43.68175765645806,50.332889480692415,1.77009507346586,2.0603566529492454,1.7880952380952382,0.0011503067484662,0.1028571428571428,2010-07-26,0.13,amc,1664000000.0,2025-04-25,2010-06-30,0.2307692307692307,12.671904761904765,7653469.571428572
2010-03-31,MAS,USD,62996,2010-04-30,2010-04-30 09:05:17,2010,Q1,1852000000.0,1360000000.0,492000000.0,0.2656587473,0,0.0,0.0,414000000.0,0.0,414000000.0,1774000000.0,0.0,58000000.0,0.0,78000000.0,0.0421166307,78000000.0,0.0421166307,-56000000.0,22000000.0,0.0118790497,18000000.0,-7000000.0,-0.0037796976,-0.0201,-0.02,348100000,350000000,https://www.sec.gov/Archives/edgar/data/62996/000095012310041229/0000950123-10-041229-index.htm,https://www.sec.gov/Archives/edgar/data/62996/000095012310041229/k49121e10vq.htm,5.320310255673657,-0.0201091640333237,-0.3447285262855501,-0.4194197069807526,3.958632576845734,7.765010054582016,-1.947716173513358,7.765010054582016,12.134444125251363,4751565000.0,7539565000.0,-169.69875,2.565639848812095,-39.596375,-32.544965753424655,1.757885682574917,1.757885682574917,4.071039416846652,96.66108974358974,-62.829708333333336,-51.64085616438357,-0.0014731988302801,-0.0307267184601284,1.5412504624491306,0.4486323497738531,35.743589743589745,2.401055408970976,1.3448275862068966,17.142857142857142,0.0056823383453662,-3.857142857142857,0.0,0.0,0.3640964893387896,-0.2166666666666666,0.0140388768898488,0.0,0.0,,0.0018098287623555,-0.0011854360711261,-11.325050272910085,2124000000.0,-678000000.0,-2943000000.0,7425000000.0,1065000000.0,625500000.0,774000000.0,55.73974082073435,44.53676470588235,53.272058823529406,1.6146469049694856,2.0208023774145616,1.68944099378882,-0.0025897151313355,0.0746911806952025,2010-04-26,-0.01778,bmo,1852000000.0,2025-04-25,2010-03-31,0.1248593925759279,12.776065573770492,4653571.213114754
2009-12-31,MAS,USD,62996,2010-02-16,2010-02-16 17:29:39,2009,Q4,1869000000.0,1382000000.0,487000000.0,0.2605671482,0,0.0,0.0,421000000.0,0.0,421000000.0,1803000000.0,0.0,56000000.0,262000000.0,-189000000.0,-0.1011235955,-196000000.0,-0.1048689139,-57000000.0,-245000000.0,-0.1310861423,-84000000.0,-185000000.0,-0.0989834136,-0.53,-0.53,348100000,348100000,https://www.sec.gov/Archives/edgar/data/62996/000095012310013437/0000950123-10-013437-index.htm,https://www.sec.gov/Archives/edgar/data/62996/000095012310013437/k48823e10vk.htm,5.369146796897443,-0.5314564780235564,0.8330939385234128,0.675093363975869,4.059178397012353,8.092502154553289,-1.669060614765872,7.552427463372594,11.559896581442114,4225934000.0,6780934000.0,-5.710721621621622,2.2610668806848584,14.572186206896552,17.982697872340424,1.6074302015975657,1.6074302015975657,3.628108079186731,-35.877957671957674,23.38253103448276,28.85503829787234,-0.0437773046147904,0.0556090085647338,1.509319132750095,0.4324795640326975,-13.51851851851852,1.9376754632229083,-3.5,-1.5675675675675675,0.0063891201329694,-0.1459459459459459,0.0,0.0,0.3703542234332425,0.1896551724137931,0.0294275013376136,0.0,0.0,,-0.0166022170662541,-0.0320235416306041,-11.02054007469118,1670000000.0,-581000000.0,-2907000000.0,7049000000.0,1088000000.0,600500000.0,770500000.0,47.33547351524879,37.6410998552822,48.38639652677279,1.9013224821973551,2.3910034602076125,1.860026917900404,-0.0703689615823507,0.1580005745475438,2010-02-10,0.01499,amc,813428571.0,2025-04-25,2009-12-31,3.6697798532354895,11.8365625,4603153.09375
2009-09-30,MAS,USD,62996,2009-10-29,2009-10-29 14:41:39,2009,Q3,2094000000.0,1524000000.0,570000000.0,0.2722063037,0,0.0,0.0,432000000.0,0.0,432000000.0,1956000000.0,1000000.0,56000000.0,49000000.0,145000000.0,0.0692454632,138000000.0,0.0659025788,-49000000.0,89000000.0,0.0425023878,26000000.0,28000000.0,0.0133715377,0.0799,0.0799,351000000,351000000,https://www.sec.gov/Archives/edgar/data/62996/000095012309054773/0000950123-09-054773-index.htm,https://www.sec.gov/Archives/edgar/data/62996/000095012309054773/k48417e10vq.htm,5.965811965811966,0.0797720797720797,0.8689458689458689,0.811965811965812,3.415954415954416,8.743589743589743,-1.7407407407407407,8.743589743589743,11.484330484330483,3987360000.0,6763360000.0,35.60142857142857,1.904183381088825,13.073311475409836,13.990736842105264,1.2992375366568916,1.2992375366568916,3.229875835721108,46.64386206896552,22.17495081967213,23.731087719298245,0.0070221901207816,0.0714758637293848,1.295210166177908,0.4157080108763857,19.144827586206898,1.8908015061861216,2.4642857142857144,10.892857142857142,0.006771397616468,0.9642857142857144,0.0,0.0,0.3848567245346161,0.0655737704918032,0.0095510983763132,0.0,0.0,3.961517716317767,0.0121017583323125,0.004760285617137,-11.396723646723649,1656000000.0,-611000000.0,-2978000000.0,7343000000.0,1214500000.0,630000000.0,842000000.0,51.27507163323782,36.79133858267717,47.12598425196851,1.755238893545683,2.446227929373997,1.9097744360902256,0.0091234929944607,0.0569800569800569,2009-10-26,0.09,amc,1339714285.0,2025-04-25,2009-09-30,0.5555555555555558,11.12859375,5925541.765625
2009-06-30,MAS,USD,62996,2009-07-30,2009-07-30 17:28:22,2009,Q2,2036000000.0,1490000000.0,546000000.0,0.268172888,0,0.0,0.0,434000000.0,0.0,434000000.0,1924000000.0,0.0,57000000.0,49000000.0,124000000.0,0.0609037328,112000000.0,0.0550098232,-49000000.0,63000000.0,0.0309430255,1000000.0,63000000.0,0.0309430255,0.16,0.15,351000000,351000000,https://www.sec.gov/Archives/edgar/data/62996/000095012309027815/0000950123-09-027815-index.htm,https://www.sec.gov/Archives/edgar/data/62996/000095012309027815/k48075e10vq.htm,5.800569800569801,0.1794871794871795,0.4501424501424501,0.3846153846153846,2.6381766381766383,8.561253561253562,-1.9031339031339032,8.561253561253562,11.501424501424502,2955420000.0,6009420000.0,11.727857142857143,1.451581532416503,18.705189873417723,21.892,0.9835008319467552,0.9835008319467552,2.951581532416503,48.46306451612903,38.034303797468354,44.51422222222222,0.0213167671599975,0.0456787867714233,1.324459234608985,0.4195214504058185,24.62903225806452,1.815944355270198,1.9649122807017545,2.872727272727273,0.014549539490157,0.6825396825396826,0.0,0.0,0.3871613787287867,0.1455696202531645,0.0112966601178781,0.0,0.0,5.879990920753142,0.0137984754910143,0.0108359133126934,-11.925925925925926,1525000000.0,-668000000.0,-3088000000.0,7264000000.0,1187000000.0,620000000.0,893500000.0,54.63654223968565,38.47651006711409,53.51677852348993,1.6472491909385114,2.339089481946625,1.6817155756207676,0.0209650582362728,0.0655270655270655,2009-07-27,0.00905,amc,105947368.0,2025-04-25,2009-06-30,19.994475138121544,8.224603174603175,6366167.301587301
2009-03-31,MAS,USD,62996,2009-04-30,2009-04-30 15:24:51,2009,Q1,1819000000.0,1403000000.0,416000000.0,0.2286970863,0,0.0,0.0,423000000.0,0.0,423000000.0,1826000000.0,0.0,56000000.0,0.0,-5000000.0,-0.0027487631,-7000000.0,-0.0038482683,-59000000.0,-66000000.0,-0.0362836723,8000000.0,-81000000.0,-0.0445299615,-0.23,-0.23,351000000,351000000,https://www.sec.gov/Archives/edgar/data/62996/000095015209004466/0000950152-09-004466-index.htm,https://www.sec.gov/Archives/edgar/data/62996/000095015209004466/k47735e10vq.htm,5.182336182336182,-0.2307692307692307,-0.1367521367521367,-0.2136752136752136,2.3162393162393164,8.165242165242166,-2.2535612535612537,7.720797720797721,11.498575498575498,2155140000.0,5322140000.0,-6.651666666666666,1.1847938427707532,-44.89874999999999,-28.7352,0.7952546125461254,0.7952546125461254,2.9258603628367235,-1064.428,-110.87791666666666,-70.96186666666667,-0.0375845652718616,-0.0348005233998719,1.4686346863468636,0.4293882835257309,-633.4,1.7724484104852205,-0.125,0.5925925925925926,0.0394405931865215,-1.0493827160493827,0.0,0.0,0.3945409429280397,-0.5625,0.0148433205057724,0.0,0.0,,-0.0010004442126813,-0.0144333570919458,-12.21082621082621,1385000000.0,-791000000.0,-3225000000.0,7118000000.0,1068500000.0,567000000.0,921000000.0,56.30566245189664,38.68139700641483,57.79757662152531,1.5984182776801406,2.326699834162521,1.5571587125416204,-0.0298892988929889,0.0769230769230769,2009-04-27,-0.12,bmo,1268470588.0,2025-04-25,2009-03-31,0.4166666666666668,6.549344262295082,8654067.950819673
2008-12-31,MAS,USD,62996,2009-02-17,2009-02-17 15:19:41,2008,Q4,1979000000.0,1581000000.0,398000000.0,0.2011116726,0,0.0,0.0,422000000.0,0.0,422000000.0,2003000000.0,0.0,0.0,443000000.0,-48000000.0,-0.0242546741,-491000000.0,-0.2481051036,-88000000.0,-579000000.0,-0.2925720061,-75000000.0,-508000000.0,-0.2566953007,-1.45,-1.45,350000000,351000000,https://www.sec.gov/Archives/edgar/data/62996/000095015209001494/0000950152-09-001494-index.htm,https://www.sec.gov/Archives/edgar/data/62996/000095015209001494/k47366e10vk.htm,5.654285714285714,-1.4514285714285715,0.8,0.6342857142857142,2.9371428571428573,8.131428571428572,-2.354285714285714,8.131428571428572,11.388571428571428,3426499999.9999995,6384500000.0,-1.68626968503937,1.731430015159171,12.2375,15.434684684684685,1.203970484891075,1.203970484891075,3.2261243052046487,-133.01041666666666,22.80178571428571,28.75900900900901,-0.1482562381438786,0.0647891434408288,1.4005621925509486,0.4203311188442476,-61.625,2.1331609566903684,0.0,-0.5511811023622047,0.0183861082737487,-0.124015748031496,0.0,0.0,0.3870083306970368,0.2071428571428571,0.0293077311773623,0.0,0.0,,-0.0533781645723204,-0.0873903320144503,-12.540714285714284,1753000000.0,-824000000.0,-3337000000.0,7559000000.0,1220500000.0,624000000.0,1010500000.0,45.43203638201112,30.227703984819733,53.5673624288425,1.980980980980981,2.977401129943503,1.6801275239107332,-0.1784961349262122,0.1657142857142857,2009-02-11,-0.05,bmo,543333333.0,2025-04-25,2008-12-31,2.6,9.4728125,8431493.703125
2008-09-30,MAS,USD,62996,2008-10-29,2008-10-29 14:46:32,2008,Q3,2528000000.0,1880000000.0,648000000.0,0.2563291139,0,0.0,0.0,452000000.0,0.0,452000000.0,2332000000.0,0.0,59000000.0,-2000000.0,196000000.0,0.0775316456,196000000.0,0.0775316456,-58000000.0,139000000.0,0.0549841772,92000000.0,33000000.0,0.0130537975,0.09,0.09,352000000,352000000,https://www.sec.gov/Archives/edgar/data/62996/000095015208008338/0000950152-08-008338-index.htm,https://www.sec.gov/Archives/edgar/data/62996/000095015208008338/k46841e10vq.htm,7.181818181818182,0.09375,0.9602272727272728,0.8181818181818182,2.926136363636364,10.653409090909092,-1.2897727272727273,10.653409090909092,11.747159090909092,5551040000.0,8597040000.0,42.053333333333335,2.1958227848101264,16.423195266272188,19.274444444444445,1.4802773333333332,1.4802773333333332,3.400727848101266,43.86244897959184,25.435029585798816,29.850833333333338,0.0059448319594166,0.0518821698276359,1.0869333333333333,0.3831907492714111,15.540816326530612,2.0189473684210526,3.3220338983050848,-1.2611940298507462,0.0189153744163255,3.1818181818181817,0.0,0.0,0.3952242173545172,0.1479289940828402,0.0197784810126582,0.0,0.0,4.740467782944672,0.0074868257224315,0.0051297994714752,-12.032670454545457,1936000000.0,-454000000.0,-3051000000.0,8334000000.0,1504500000.0,762500000.0,1129500000.0,51.337025316455694,34.32446808510638,51.70212765957447,1.753120665742025,2.6220362622036264,1.7407407407407407,0.0088,0.1420454545454545,2008-10-28,0.19,bmo,3623153846.0,2025-04-25,2008-09-30,-0.3157894736842105,15.22546875,6767249.359375
2008-06-30,MAS,USD,62996,2008-07-30,2008-07-30 14:28:36,2008,Q2,2640000000.0,1941000000.0,699000000.0,0.2647727273,0,0.0,0.0,484000000.0,0.0,484000000.0,2425000000.0,0.0,57000000.0,-1000000.0,215000000.0,0.0814393939,215000000.0,0.0814393939,-56000000.0,159000000.0,0.0602272727,75000000.0,82000000.0,0.0310606061,0.23,0.23,354000000,354000000,https://www.sec.gov/Archives/edgar/data/62996/000095015208005770/0000950152-08-005770-index.htm,https://www.sec.gov/Archives/edgar/data/62996/000095015208005770/k33781e10vq.htm,7.4576271186440675,0.231638418079096,0.8333333333333334,0.6949152542372882,2.4096045197740112,11.169491525423728,-0.8757062146892656,11.169491525423728,11.675141242937851,4895820000.0,8118820000.0,14.926280487804878,1.8544772727272727,16.596,19.90170731707317,1.2381942336874052,1.2381942336874052,3.075310606060606,37.76195348837209,27.52142372881356,33.00333333333333,0.016748981784461,0.050246945353383,1.0308548305513403,0.3741852565867988,14.990697674418604,2.035585353274884,3.771929824561404,1.5128205128205128,0.0146138828633405,0.8725236585365853,0.0,0.0,0.3914440466354539,0.1661016949152542,0.018560606060606,0.0,0.0,7.62980178793545,0.0125231428511992,0.0123698898778096,-12.206920903954805,2008000000.0,-310000000.0,-2992000000.0,8521000000.0,1554000000.0,788000000.0,1169500000.0,53.42045454545455,37.46522411128284,54.6676970633694,1.6847479259731972,2.402227722772277,1.6463104325699744,0.020738492665655,0.1384180790960452,2008-07-29,0.2,bmo,2260000000.0,2025-04-25,2008-06-30,0.15,16.171875,5254270.984375
2008-03-31,MAS,USD,62996,2008-04-30,2008-04-30 15:15:25,2008,Q1,2446000000.0,1818000000.0,628000000.0,0.2567457073,0,0.0,0.0,468000000.0,0.0,468000000.0,2286000000.0,0.0,56000000.0,28000000.0,160000000.0,0.0654129191,160000000.0,0.0654129191,-90000000.0,76000000.0,0.0310711365,40000000.0,2000000.0,0.0008176615,0.01,0.01,356000000,356000000,https://www.sec.gov/Archives/edgar/data/62996/000095012408002152/0000950124-08-002152-index.htm,https://www.sec.gov/Archives/edgar/data/62996/000095012408002152/k26260e10vq.htm,6.870786516853933,0.0056179775280898,-0.3258426966292135,-0.446629213483146,1.7696629213483146,11.213483146067416,-0.7612359550561798,11.213483146067416,11.710674157303371,6205080000.0,9688080000.0,775.635,2.5368274734260017,-53.492068965517234,-39.02566037735849,1.55437875751503,1.55437875751503,3.9607849550286174,60.5505,-83.51793103448276,-60.93132075471698,0.0003223165535335,-0.0256241660059177,1.030310621242485,0.3777206355037193,21.76875,2.0332796564680624,2.857142857142857,-0.6105263157894737,0.0135372952484093,42.0,0.0,0.0,0.3914960051428047,-0.3706896551724138,0.017579721995094,0.0,0.0,1.190560652524676,0.0082893441632079,0.0003018412315122,-12.728230337078651,1925000000.0,-271000000.0,-3109000000.0,8449000000.0,1473000000.0,741000000.0,1143000000.0,56.700735895339335,38.01980198019802,57.42574257425743,1.5872809863724855,2.3671875,1.5672413793103448,0.000501002004008,0.1207865168539325,2008-04-29,0.21,bmo,3957692307.0,2025-04-25,2008-03-31,-0.3809523809523809,17.50967213114754,6982053.819672131
2007-12-31,MAS,USD,62996,2008-02-22,2008-02-22 17:23:00,2007,Q4,2698000000.0,2008000000.0,690000000.0,0.2557449963,0,0.0,0.0,500000000.0,227000000.0,727000000.0,2735000000.0,0.0,0.0,226000000.0,189000000.0,0.0700518903,-37000000.0,-0.0137138621,-59000000.0,-96000000.0,-0.0355819125,34000000.0,-151000000.0,-0.0559673832,-0.43,-0.43,354500000,354500000,https://www.sec.gov/Archives/edgar/data/62996/000095012408000792/0000950124-08-000792-index.htm,https://www.sec.gov/Archives/edgar/data/62996/000095012408000792/k22937e10vk.htm,7.610719322990127,-0.4259520451339915,1.283497884344147,1.07475317348378,2.6008462623413258,11.354019746121295,-0.6657263751763046,11.354019746121295,11.531734837799718,6735500000.0,9901500000.0,-11.151490066225165,2.4964788732394365,14.803296703296704,17.678477690288712,1.673416149068323,1.673416149068323,3.6699406968124535,52.388888888888886,21.76153846153846,25.988188976377952,-0.0224185286912627,0.0565659564991463,1.0156521739130435,0.3748051709911066,16.75132275132275,1.9958071278825995,0.0,-3.013245033112583,0.0126197015811743,-0.5629139072847682,0.0,0.0,0.390666544421014,0.1626373626373626,0.0274277242401779,0.0,0.0,,-0.0054932755911267,-0.0227204333433644,-12.25176304654443,1900000000.0,-236000000.0,-3074000000.0,8528000000.0,1583500000.0,776500000.0,1166500000.0,46.86805040770942,32.00199203187251,50.46812749003984,1.9202846975088967,2.812324929971989,1.783303730017762,-0.0375155279503105,0.2087447108603667,2008-02-12,0.28,bmo,3883157894.0,2025-04-25,2007-12-31,-0.3214285714285715,20.0940625,4570996.453125
2007-09-30,MAS,USD,62996,2007-10-31,2007-10-31 14:30:37,2007,Q3,3059000000.0,2197000000.0,862000000.0,0.2817914351,0,0.0,0.0,488000000.0,0.0,488000000.0,2685000000.0,0.0,0.0,-20000000.0,354000000.0,0.1157240928,374000000.0,0.1222621772,-45000000.0,329000000.0,0.1075514874,109000000.0,205000000.0,0.0670153645,0.56,0.56,366071429,366071429,https://www.sec.gov/Archives/edgar/data/62996/000095012407005478/0000950124-07-005478-index.htm,https://www.sec.gov/Archives/edgar/data/62996/000095012407005478/k21076e10vq.htm,8.356292673143852,0.5599999993443903,1.1882926815356574,1.029853657330903,1.884878046573801,11.481365840216938,-0.7539512186295205,11.481365840216938,11.109853645529927,7628928580.36,11005928580.36,9.303571439463417,2.493928924602811,17.5377668514023,20.235884828541117,1.8151150559980964,1.8151150559980964,3.5978844656292908,31.09019372983051,25.3009852422069,29.193444510238727,0.0268714011201722,0.0494171620600241,0.9676421603616464,0.3588951641369572,9.53954802259887,1.977634194831014,0.0,2.1219512195121952,0.0114039604753901,0.424390243902439,0.0,0.0,0.3952523826332509,0.1333333333333333,0.0189604445897352,0.0,0.0,12.027685122972304,0.0267648956988799,0.0299139063184007,-12.330926814832086,1967000000.0,-276000000.0,-3150000000.0,8797000000.0,1814000000.0,891000000.0,1238000000.0,51.840470742072576,34.36959490213928,49.4446973145198,1.7360953461975028,2.6185935637663884,1.820215410107705,0.0487746847489888,0.1584390242047543,2007-10-30,0.45,bmo,2216803278.0,2025-04-25,2007-09-30,0.3555555555555555,23.053650793650792,4273229.174603174
2007-06-30,MAS,USD,62996,2007-08-01,2007-08-01 14:34:25,2007,Q2,3148000000.0,2241000000.0,907000000.0,0.2881194409,0,0.0,0.0,542000000.0,0.0,542000000.0,2783000000.0,0.0,0.0,-5000000.0,361000000.0,0.1146759848,365000000.0,0.1159466328,-64000000.0,301000000.0,0.0956162643,108000000.0,189000000.0,0.0600381194,0.51,0.51,370588235,370588235,https://www.sec.gov/Archives/edgar/data/62996/000095012407003906/0000950124-07-003906-index.htm,https://www.sec.gov/Archives/edgar/data/62996/000095012407003906/k17223e10vq.htm,8.494603181344923,0.5100000004047619,0.7879365085618544,0.6233333338280423,2.3017460335728144,11.18761905649811,-0.8500000006746031,11.18761905649811,11.730000009309524,9275823522.05,12769823522.05,12.269607833399473,2.9465767223792887,31.76651891113013,40.15508018203464,2.2372946266401352,2.2372946266401352,4.056487777017154,35.37347236024931,43.73227233578768,55.28062130757576,0.0203755493569621,0.0249034492140648,1.0484804630969609,0.3730369861838153,9.678670360110804,1.787790697674419,0.0,1.5449735449735449,0.0094870282720246,0.4656084656084656,0.0,0.0,0.382819874710375,0.2089041095890411,0.0193773824650571,0.0,0.0,11.330398438501756,0.0244552293469695,0.0262791991101223,-12.466666676560846,1897000000.0,-315000000.0,-3202000000.0,8692000000.0,1822500000.0,916500000.0,1274000000.0,53.34815756035579,37.8714859437751,50.963855421686745,1.6870310825294748,2.376458112407211,1.7659574468085106,0.0455861070911722,0.164603174733812,2007-07-31,0.47,bmo,2639690909.0,2025-04-25,2007-06-30,0.1702127659574469,25.20634920634921,4626852.952380952
2007-03-31,MAS,USD,62996,2007-05-03,2007-05-03 14:14:36,2007,Q1,2881000000.0,2125000000.0,756000000.0,0.2624088858,0,0.0,0.0,499000000.0,0.0,499000000.0,2624000000.0,0.0,0.0,-42000000.0,215000000.0,0.0746268657,257000000.0,0.0892051371,-21000000.0,236000000.0,0.0819160014,85000000.0,143000000.0,0.0496355432,0.37,0.37,386486486,386486486,https://www.sec.gov/Archives/edgar/data/62996/000095012407002657/0000950124-07-002657-index.htm,https://www.sec.gov/Archives/edgar/data/62996/000095012407002657/k14701e10vq.htm,7.454335673718744,0.3700000004657343,0.2276923079789134,0.0853846154920925,3.014335668129933,11.024965048842612,-0.0206993007253557,11.024965048842612,11.299230783453575,9310459447.74,12512459447.74,16.27702700653846,3.2316763095244707,105.8006755425,282.13513478,2.185040940563248,2.185040940563248,4.343095955480735,58.19748580344186,142.18703917886364,379.1654378103031,0.0153590701729237,0.0035444008091362,1.0248767894860362,0.373727000427899,14.893023255813954,1.9392902949978623,0.0,0.6153846153846154,0.0093443294059046,0.6083916083916084,0.0,0.0,0.3653401797175866,0.625,0.0190905935439083,0.0,0.0,9.580335805552204,0.0170065612450063,0.0192826321467098,-11.087709804166348,2197000000.0,-8000000.0,-2888000000.0,8817000000.0,1696000000.0,852500000.0,1271000000.0,55.57445331482124,37.694117647058825,54.16941176470588,1.6194491287240025,2.3876404494382024,1.6614542611415168,0.0335601971368223,0.1423076924868208,2007-05-01,0.27,bmo,1845878048.0,2025-04-25,2007-03-31,0.5185185185185184,26.411311475409835,4420776.327868853
2006-12-31,MAS,USD,62996,2007-02-27,2007-02-27 17:26:53,2006,Q4,2946000000.0,2203000000.0,743000000.0,0.2522063815,0,0.0,0.0,492000000.0,320000000.0,812000000.0,3015000000.0,0.0,0.0,306000000.0,237000000.0,0.0804480652,-69000000.0,-0.0234215886,-53000000.0,-122000000.0,-0.0414120842,58000000.0,-187000000.0,-0.0634758995,-0.49,-0.48,384823529,386486486,https://www.sec.gov/Archives/edgar/data/62996/000095012407001157/0000950124-07-001157-index.htm,https://www.sec.gov/Archives/edgar/data/62996/000095012407001157/k12528e10vk.htm,7.655457054966096,-0.4859370228372912,1.1303882616803298,0.8549373289490311,5.08804647441399,11.61831245510978,0.5405074906425485,11.61831245510978,12.938398057256006,10105465871.54,13126465871.54,-13.509981111684493,3.430232814507808,23.230956026528737,30.71570173720365,2.2602249768597638,2.2602249768597638,4.455691062980312,55.385931947426165,30.17578361273564,39.89807255787235,-0.0185048371225168,0.0325566385738397,1.1136211138447774,0.4039756592292089,12.746835443037977,1.509294777220419,0.0,-2.3262032085561497,0.0086092022976415,-0.46524064171123,0.0,0.0,0.3458823529411765,0.2436781609195402,0.0359809911744738,0.0,0.0,,-0.0098057482843888,-0.0231952369139171,-10.53664782539843,1726000000.0,208000000.0,-2739000000.0,8352000000.0,1755500000.0,869000000.0,1285500000.0,49.276985743380855,33.29550612800727,51.597821152973225,1.826410415375077,2.7030674846625766,1.7442596991290578,-0.0418250950570342,0.2754509327312988,2007-02-14,0.36,bmo,2776736842.0,2025-04-25,2006-12-31,0.0555555555555556,25.023174603174603,3185893.793650794
2006-09-30,MAS,USD,62996,2006-11-02,2006-11-02 12:55:41,2006,Q3,3295000000.0,2372000000.0,923000000.0,0.2801213961,0,0.0,0.0,523000000.0,0.0,523000000.0,2895000000.0,0.0,0.0,-10000000.0,390000000.0,0.1183611533,400000000.0,0.1213960546,-44000000.0,356000000.0,0.1080424886,124000000.0,252000000.0,0.0764795144,0.65,0.64,387692308,393750000,https://www.sec.gov/Archives/edgar/data/62996/000095012406006376/0000950124-06-006376-index.htm,https://www.sec.gov/Archives/edgar/data/62996/000095012406006376/k09573e10vq.htm,8.499007929762692,0.649999999484127,1.0420634912364577,0.8589285707468821,1.9912698396894684,12.102380942775888,0.4591269837625976,12.102380942775888,10.234920626797685,9347261545.88,12543261545.88,9.273076930436508,2.8368016831198783,23.136786004653462,28.06985449213213,1.992169979940324,1.992169979940324,3.806756159599393,32.162209092,31.047677093762378,37.66745208972973,0.0269597677098352,0.0356254073308536,0.8456947996589941,0.3360433604336043,8.194871794871794,1.1533923303834808,0.0,-14.428571428571429,0.0094145220574027,0.3492063492063492,0.0,0.0,0.3822831978319783,0.1757425742574257,0.0215477996965098,0.0,0.0,13.304034017831707,0.0272386789240721,0.0345489443378119,-11.004861102377095,572000000.0,178000000.0,-2815000000.0,7404000000.0,1960500000.0,951000000.0,1310500000.0,51.84218512898331,35.02107925801012,49.62900505902192,1.7360379346680717,2.56988082340195,1.8134556574923548,0.0537084398976982,0.1831349204895754,2006-10-31,0.59,bmo,3224350000.0,2025-04-25,2006-09-30,0.0169491525423729,23.98142857142857,3803785.3174603176
2006-06-30,MAS,USD,62996,2006-08-03,2006-08-03 11:42:48,2006,Q2,3389000000.0,2403000000.0,986000000.0,0.2909412806,0,0.0,0.0,532000000.0,10000000.0,542000000.0,2945000000.0,0.0,0.0,56000000.0,500000000.0,0.1475361464,444000000.0,0.131012098,-99000000.0,345000000.0,0.101799941,120000000.0,219000000.0,0.0646208321,0.55,0.54,398181818,405555556,https://www.sec.gov/Archives/edgar/data/62996/000095012406004139/0000950124-06-004139-index.htm,https://www.sec.gov/Archives/edgar/data/62996/000095012406004139/k07341e10vq.htm,8.511187218498259,0.5500000002511416,0.848858447876191,0.5952054797238381,1.5219178089141177,11.632876717640585,0.3340182649927024,11.632876717640585,10.030593611886117,10376618177.08,13764618177.08,11.84545454004566,3.061852516105046,30.7000537783432,43.78319905940928,2.2402025425474954,2.2402025425474954,4.061557443812334,27.52923635416,40.72372241739645,58.07855770919832,0.0211051419896831,0.0228398111943145,0.8622625215889465,0.3394238123565904,6.776,1.2437244600116757,0.0,0.6773547094188377,0.0086733460231574,0.410958904109589,0.0,0.0,0.3823404436134954,0.2988165680473373,0.0298023015638831,0.0,0.0,11.998201925561007,0.0304005477576172,0.0301320858558062,-10.937842470747873,835000000.0,133000000.0,-2874000000.0,7618000000.0,1994000000.0,962000000.0,1284500000.0,53.72381233402184,36.66666666666666,49.176029962546814,1.675234799802274,2.4545454545454546,1.83015993907083,0.0472797927461139,0.2536529681523529,2006-08-01,0.67,bmo,3136089552.0,2025-04-25,2006-06-30,0.0746268656716416,27.27269841269841,3115273.777777778
2006-03-31,MAS,USD,62996,2006-05-05,2006-05-05 14:00:47,2006,Q1,3186000000.0,2306000000.0,880000000.0,0.2762084118,0,0.0,0.0,523000000.0,0.0,523000000.0,2829000000.0,0.0,0.0,-34000000.0,323000000.0,0.1013810421,357000000.0,0.1120527307,-30000000.0,327000000.0,0.1026365348,113000000.0,204000000.0,0.0640301318,0.5,0.5,408000000,408000000,https://www.sec.gov/Archives/edgar/data/62996/000095012406002528/0000950124-06-002528-index.htm,https://www.sec.gov/Archives/edgar/data/62996/000095012406002528/k05021e10vq.txt,7.808823529411764,0.5,0.0759803921568627,-0.1936274509803921,1.6715686274509804,11.47549019607843,0.4632352941176471,11.47549019607843,9.70343137254902,11656560000.0,14933560000.0,14.285,3.6586817325800376,376.0180645161291,-147.5513924050633,2.48965399401965,2.48965399401965,4.687244193345888,46.233931888544895,481.7277419354839,-189.03240506329115,0.0175008750437521,-0.0067772996492961,0.845578812473302,0.3367928541046363,10.145510835913312,1.2534165181224004,0.0,0.1519607843137254,0.0072062426650744,0.4117647058823529,0.0,0.0,0.3822203317737133,3.548387096774193,0.034526051475204,0.0,0.0,11.362185736286936,0.02441816759228,0.0280914348664279,-10.512867647058824,853000000.0,189000000.0,-2854000000.0,7574000000.0,1840500000.0,891000000.0,1191500000.0,55.50847457627118,36.88204683434518,49.01994796183868,1.6213740458015269,2.4402116402116403,1.835987261146497,0.0435711234515164,0.2696078431372549,2006-05-02,0.46,bmo,2701173913.0,2025-04-25,2006-03-31,0.1521739130434782,27.02967741935484,2689107.8225806453
2005-12-31,MAS,USD,62996,2006-03-02,2006-03-02 17:08:04,2005,Q4,2965000000.0,2146000000.0,819000000.0,0.276222597,0,0.0,0.0,458000000.0,69000000.0,527000000.0,2673000000.0,0.0,0.0,18000000.0,292000000.0,0.0984822934,292000000.0,0.0984822934,-42000000.0,250000000.0,0.084317032,120000000.0,173000000.0,0.0583473862,0.42,0.42,408000000,408000000,https://www.sec.gov/Archives/edgar/data/62996/000095012406000949/0000950124-06-000949-index.htm,https://www.sec.gov/Archives/edgar/data/62996/000095012406000949/k01210e10vk.txt,7.267156862745098,0.4240196078431372,1.5465686274509804,1.3235294117647058,4.813725490196078,11.882352941176473,0.9068627450980392,11.882352941176473,11.634803921568627,10828320000.0,13611320000.0,15.6478612716763,3.652047217537943,17.1605705229794,20.052444444444443,2.2335643564356435,2.2335643564356435,4.590664418212479,46.61410958904109,21.571030110935023,25.20614814814815,0.0159766242593495,0.0498692317921893,0.9791666666666666,0.3779759534994824,9.530821917808218,1.7702142363510711,0.0,3.647398843930636,0.0078497864858075,0.4913294797687861,0.0,0.0,0.3565570507205988,0.144215530903328,0.0306913996627318,0.0,0.0,10.647201006525444,0.0144650852624559,0.021408241554263,-9.550245098039216,2229000000.0,370000000.0,-2588000000.0,8880000000.0,1849000000.0,874000000.0,1152000000.0,52.08768971332209,35.10251630941286,47.264678471575024,1.7278554778554778,2.5639187574671447,1.904170363797693,0.0356848184818481,0.2230392156862745,2006-02-14,0.5,bmo,2965000000.0,2025-04-25,2005-12-31,0.0,25.893650793650792,2868091.412698413
2005-09-30,MAS,USD,62996,2005-11-03,2005-11-03 15:35:04,2005,Q3,3360000000.0,2396000000.0,964000000.0,0.2869047619,0,0.0,0.0,496000000.0,-1000000.0,495000000.0,2891000000.0,0.0,0.0,8000000.0,455000000.0,0.1354166667,469000000.0,0.1395833333,-59000000.0,409000000.0,0.1217261905,141000000.0,262000000.0,0.0779761905,0.62,0.61,422580645,429508197,https://www.sec.gov/Archives/edgar/data/62996/000095012405006120/0000950124-05-006120-index.htm,https://www.sec.gov/Archives/edgar/data/62996/000095012405006120/k99352e10vq.txt,7.951145041202727,0.6200000002366413,0.7667175575445487,0.6129007635927102,3.691603054844123,11.824961836574412,0.9229007637110308,11.824961836574412,11.178931301976691,11396999995.65,14560999995.65,10.874999995849237,3.3919642844196427,35.1759259125,44.00386098706563,2.280768460206124,2.280768460206124,4.33363095108631,32.00219779263736,44.94135801126543,56.22007720328185,0.0229885057559006,0.0227252785907567,0.9453672203321992,0.3748016502697556,6.953846153846154,1.7131596984235775,0.0,3.0,0.0076335877891731,0.3320610687022901,0.0,0.0,0.3655188828943193,0.2006172839506173,0.019345238095238,0.0,0.0,12.843606101215276,0.0292402857681239,0.0327622858571964,-9.399389316564651,2081000000.0,390000000.0,-2608000000.0,8896000000.0,1969000000.0,931000000.0,1200500000.0,53.08928571428571,34.21953255425709,44.21118530884808,1.6952573158425832,2.630076838638858,2.0356839422259982,0.0524314588753251,0.1538167939518384,2005-11-01,0.62,bmo,3414193548.0,2025-04-25,2005-09-30,-0.0161290322580645,27.62109375,2577810.53125
2005-06-30,MAS,USD,62996,2005-08-04,2005-08-04 11:35:48,2005,Q2,3348000000.0,2363000000.0,985000000.0,0.2942054958,0,0.0,0.0,515000000.0,-3000000.0,512000000.0,2875000000.0,0.0,0.0,-19000000.0,454000000.0,0.1356033453,473000000.0,0.1412783751,-51000000.0,432000000.0,0.1290322581,153000000.0,274000000.0,0.0818399044,0.65,0.64,421538462,428125000,https://www.sec.gov/Archives/edgar/data/62996/000095012405004671/0000950124-05-004671-index.htm,https://www.sec.gov/Archives/edgar/data/62996/000095012405004671/k96938e10vq.txt,7.94233575772737,0.6499999992883212,0.7116788313375779,0.5503649629010603,3.6485401419906496,11.811496337432668,0.8421532837494672,11.811496337432668,11.270620425616109,11769353859.04,14982353859.04,10.73846155021898,3.515338667574672,39.23117953013334,50.72997353034483,2.3637987264591285,2.3637987264591285,4.475016086929511,33.00077942519824,49.94117953013334,64.57911146137931,0.0232808022667736,0.0197122121382901,0.954207672223338,0.3755434353015572,7.077092511013216,1.6447889182058046,0.0,0.7009345794392523,0.0073920795518587,0.3175182481751825,0.0,0.0,0.3655047031855189,0.2266666666666666,0.020310633213859,0.0,0.0,13.143178220880138,0.0291098881900768,0.03413479506665,-9.619525536912928,1955000000.0,355000000.0,-2685000000.0,8784000000.0,1929000000.0,921500000.0,1207500000.0,52.58064516129032,36.22090562843842,46.618705035971225,1.7116564417177915,2.484752891692955,1.930555555555556,0.0550311307491464,0.1613138684365176,2005-08-02,0.61,bmo,3183344262.0,2025-04-25,2005-06-30,0.0491803278688525,28.460625,2554311.9375
2005-03-31,MAS,USD,62996,2005-05-10,2005-05-10 13:39:40,2005,Q1,2969000000.0,2128000000.0,841000000.0,0.283260357,0,0.0,0.0,500000000.0,-2000000.0,498000000.0,2626000000.0,0.0,0.0,-39000000.0,304000000.0,0.1023913776,343000000.0,0.1155271135,-22000000.0,321000000.0,0.1081172112,104000000.0,231000000.0,0.0778039744,0.53,0.52,435849057,444230769,https://www.sec.gov/Archives/edgar/data/62996/000095012405003165/0000950124-05-003165-index.htm,https://www.sec.gov/Archives/edgar/data/62996/000095012405003165/k94798e10vq.txt,6.811991335798623,0.5299999995181818,0.2730303027820936,0.1399567098294765,2.156709954749312,11.4902164397708,0.7410822504085399,11.4902164397708,9.840562761616804,13284679257.36,16633679257.36,14.377358503636366,4.474462531950151,111.63596014588236,217.78162716983607,2.652691545,2.652691545,5.602451753910408,54.71605018868421,139.7788172887395,272.6832665140984,0.0173884514277618,0.0045917555718332,0.8564297124600639,0.3534404614750721,11.016447368421051,1.4455645161290325,0.0,0.5151515151515151,0.006021974520437,0.3463203463203463,0.0,0.0,0.3860733415739596,0.4873949579831932,0.019535197036039,0.0,0.0,11.705589729684805,0.0230925479676628,0.0310067114093959,-9.556060597373278,1326000000.0,323000000.0,-2825000000.0,8254000000.0,1817000000.0,864500000.0,1161500000.0,57.655776355675314,37.72556390977443,50.37124060150376,1.560988433228181,2.3856502242152464,1.7867338371116708,0.046126198083067,0.1330735929526171,2005-05-03,0.46,bmo,2839913043.0,2025-04-25,2005-03-31,0.0434782608695651,31.13360655737705,2905626.016393442
2004-12-31,MAS,USD,62996,2005-03-16,2005-03-16 17:24:30,2004,Q4,3034000000.0,2132000000.0,902000000.0,0.2972972973,0,0.0,0.0,520000000.0,168000000.0,688000000.0,2820000000.0,0.0,0.0,108000000.0,214000000.0,0.0705339486,214000000.0,0.0705339486,-8000000.0,206000000.0,0.0678971655,95000000.0,105000000.0,0.0346077785,0.24,0.24,435849057,435849057,https://www.sec.gov/Archives/edgar/data/62996/000095012405001611/0000950124-05-001611-index.htm,https://www.sec.gov/Archives/edgar/data/62996/000095012405001611/k90992e10vk.txt,6.961125534797246,0.2409090906900826,1.1907792196966942,0.9108658000377412,2.8817315991118457,12.442380941069697,1.5808225093853994,12.442380941069697,9.7900865711865,13999471710.839998,17010471710.839998,33.332075501999995,4.614196345036255,26.973933932254333,35.26315292403022,2.581499485679513,2.581499485679513,5.606615593553065,79.48818556467289,32.775475358073216,42.84753579556675,0.0075002830227298,0.0283582129526071,0.786833855799373,0.3402439996810462,14.070093457943925,2.050302748020494,0.0,4.942857142857143,0.0053573450162356,0.7142857142857143,0.0,0.0,0.3774818595008372,0.2350674373795761,0.040210942649967,0.0,0.0,8.21239065479633,0.0110092304383855,0.0134494684257717,-9.170606052269148,2255000000.0,689000000.0,-2716000000.0,9261000000.0,1820000000.0,844500000.0,1129000000.0,51.37771918259723,35.333020637898684,47.78611632270169,1.751732101616628,2.5471923536439665,1.88339222614841,0.0193619767656278,0.2799134196589531,2005-02-23,0.54,bmo,2977814814.0,2025-04-25,2004-12-31,0.0185185185185185,31.01203125,1955378.921875
2004-09-30,MAS,USD,62996,2004-11-04,2004-11-04 16:48:30,2004,Q3,3173000000.0,2182000000.0,991000000.0,0.312322723,0,0.0,0.0,502000000.0,-2000000.0,500000000.0,2682000000.0,0.0,0.0,-21000000.0,470000000.0,0.148124803,491000000.0,0.1547431453,-31000000.0,460000000.0,0.1449732115,167000000.0,359000000.0,0.1131421368,0.82,0.8,437804878,448750000,https://www.sec.gov/Archives/edgar/data/62996/000095012404005321/0000950124-04-005321-index.htm,https://www.sec.gov/Archives/edgar/data/62996/000095012404005321/k88683e10vq.txt,7.2475208921724255,0.8200000000913649,1.0301392758807957,0.8839554318533656,2.2133147634778068,11.973370474871684,1.066685236887653,11.973370474871684,9.716657382698235,13291756096.08,16576756096.08,9.25609755994429,4.189018624670658,29.471743006829268,34.34562298728682,2.5356268783059903,2.5356268783059903,5.224316450072487,35.26969382144681,36.75555675405765,42.83399508031008,0.0270092226644059,0.0291157915630225,0.8115223197252956,0.3433691177657599,6.98936170212766,2.1120434353405724,0.0,1.7826086956521738,0.0058682990747177,0.2172701949860724,0.0,0.0,0.3854225522641052,0.1419068736141907,0.0201701859439016,0.0,0.0,14.86299718381176,0.0300514703732019,0.0471499868662989,-9.556768803293233,2253000000.0,467000000.0,-2868000000.0,9193000000.0,1918500000.0,860500000.0,1130000000.0,54.11913016073117,35.14207149404216,46.44362969752521,1.6629979035639413,2.561032863849765,1.9378330373001773,0.068485310950019,0.1461838440274299,2004-11-02,0.63,bmo,3122634920.0,2025-04-25,2004-09-30,0.0158730158730158,28.08265625,2436373.546875
2004-06-30,MAS,USD,62996,2004-08-05,2004-08-05 14:13:55,2004,Q2,3061000000.0,2087000000.0,974000000.0,0.3181966678,0,0.0,0.0,504000000.0,-7000000.0,497000000.0,2584000000.0,0.0,0.0,-46000000.0,431000000.0,0.1408036589,477000000.0,0.1558314276,-11000000.0,466000000.0,0.1522378308,167000000.0,261000000.0,0.0852662529,0.59,0.58,442372881,450000000,https://www.sec.gov/Archives/edgar/data/62996/000095012404003585/0000950124-04-003585-index.htm,https://www.sec.gov/Archives/edgar/data/62996/000095012404003585/k86643e10vq.txt,6.919501921276227,0.5900000004747127,0.8725670505104945,0.7165900388907429,1.1913026829508566,11.347892729437,0.54931034526956,11.347892729437,10.02095786246897,12125440668.21,16031440668.21,11.61440677031609,3.961267777918981,31.413058725932643,38.25060147700316,2.415426427930279,2.415426427930279,5.237321355181313,37.195918023689096,41.532229710388606,50.57236803851736,0.0215249908965601,0.0261433797479293,0.8830677290836654,0.3610816974830985,9.062645011600928,1.886341463414634,0.0,1.3356401384083043,0.0060203997526777,0.2796934865900383,0.0,0.0,0.3891015720452879,0.1787564766839378,0.0225416530545573,0.0,0.0,12.273682255317,0.029533719956978,0.0348,-10.661254797850052,1817000000.0,243000000.0,-3390000000.0,8759000000.0,1874500000.0,838500000.0,1083500000.0,56.71675922901012,37.474844274077626,48.90273119310015,1.586832555728357,2.4016110471806678,1.8403880070546736,0.0519920318725099,0.1559770116197516,2004-08-03,0.59,bmo,2801593220.0,2025-04-25,2004-06-30,0.0847457627118644,25.455967741935485,2831416.483870968
2004-03-31,MAS,USD,62996,2004-05-05,2004-05-05 16:10:02,2004,Q1,2806000000.0,1955000000.0,851000000.0,0.3032786885,0,0.0,0.0,485000000.0,-21000000.0,464000000.0,2419000000.0,0.0,0.0,-73000000.0,314000000.0,0.1119030649,387000000.0,0.1379187455,-1000000.0,386000000.0,0.1375623664,140000000.0,168000000.0,0.0598717035,0.37,0.36,454054054,466666667,https://www.sec.gov/Archives/edgar/data/62996/000095012404002050/0000950124-04-002050-index.htm,https://www.sec.gov/Archives/edgar/data/62996/000095012404002050/k84947e10vq.txt,6.179880953116652,0.3700000000440476,0.2158333333590277,0.094702380963655,1.3742857144493197,11.291607144201382,0.8192857143832483,11.291607144201382,9.932738096420564,12150486485.04,16036486485.04,18.081081078928573,4.330180500727014,123.98455596979592,282.5694531404652,2.369901791503803,2.369901791503803,5.715070023178903,51.071613009681535,163.63761719428572,372.94154616372094,0.0138266068775802,0.0035389529508092,0.8796567193290423,0.3681933219038288,12.375796178343949,1.778357854769815,0.0,0.3983739837398374,0.0062548935874767,0.4523809523809524,0.0,0.0,0.3881949546901788,0.5612244897959183,0.0196008553100498,0.0,0.0,9.69549531930511,0.023590368790003,0.0224179343474779,-10.16729166787706,1640000000.0,372000000.0,-3375000000.0,8548000000.0,1747000000.0,761500000.0,1026000000.0,58.37491090520314,37.19693094629156,47.55498721227621,1.5417582417582418,2.4195544554455446,1.892545982575024,0.0327677004095962,0.1211309523953727,2004-05-03,0.43,bmo,2414465116.0,2025-04-25,2004-03-31,0.1395348837209302,24.409032258064517,2855153.3870967743
2003-12-31,MAS,USD,62996,2004-02-27,2004-02-27 16:56:37,2003,Q4,2862210000.0,1982340000.0,879870000.0,0.3074093096,0,0.0,0.0,484510000.0,141120000.0,625630000.0,2607970000.0,0.0,0.0,138250000.0,254240000.0,0.0888264663,254240000.0,0.0888264663,-57310000.0,196930000.0,0.068803477,99320000.0,91880000.0,0.0321010688,0.2,0.2,454054054,454054054,https://www.sec.gov/Archives/edgar/data/62996/000095012404000587/0000950124-04-000587-index.htm,https://www.sec.gov/Archives/edgar/data/62996/000095012404000587/k82538e10vk.txt,6.303676786464724,0.2023547619288517,1.0938565477492683,0.932752381063423,1.7508928573512967,12.016190477620976,1.3676785715913904,12.016190477620976,9.210357143953614,10942702701.400002,14329702701.400002,29.774441394754028,3.823165561366917,22.03213945154731,25.837511100774464,2.0056273279692083,2.0056273279692083,5.006516887789505,56.3628960879484,28.85155677089416,33.834772151020026,0.0083964631505747,0.0387034183013868,0.7664956011730205,0.3442258622108815,13.322057898049088,1.8122915674130533,0.0,5.405637788419678,0.0070640683667765,0.8413147583804963,0.0,0.0,0.3979751419869948,0.1472808907322769,0.0255571743512879,0.0,0.0,7.396587096512241,0.0121356105902021,0.012562209461307,-9.1024404772741,1705000000.0,621000000.0,-2889000000.0,8879000000.0,1752180000.0,710660000.0,1022450000.0,52.63764713280997,32.46163624807046,46.26350676473259,1.7098028673835126,2.7725034965034965,1.945377821393523,0.0168401759530791,0.1611041666858457,2004-02-13,0.41,bmo,2722590000.0,2025-04-25,2003-12-31,0.048780487804878,23.71359375,2239748.6875
2003-09-30,MAS,USD,62996,2003-11-06,2003-11-06 16:59:15,2003,Q3,2917900000.0,2014980000.0,902920000.0,0.3094417218,0,0.0,0.0,481150000.0,-57600000.0,423550000.0,2438530000.0,0.0,0.0,-64100000.0,415270000.0,0.1423181055,479370000.0,0.1642859591,-60000000.0,419090000.0,0.1436272662,155200000.0,318770000.0,0.1092463758,0.67,0.65,476119403,490769231,https://www.sec.gov/Archives/edgar/data/62996/000095012403003462/0000950124-03-003462-index.htm,https://www.sec.gov/Archives/edgar/data/62996/000095012403003462/k80660e10vq.txt,6.128504702002242,0.6695169278786985,0.9361517241085846,0.8125902821061884,1.9064755485295777,11.351333228484284,1.1572727272364491,11.351333228484284,9.107631347676875,10246089552.56,13674699552.56,8.035644471374345,3.5114601434456287,22.987726717580543,26.4832111260565,1.89581255054685,1.89581255054685,4.68648670364303,32.92965914359333,30.680022329175262,35.34518739838197,0.0311113814070027,0.0377597714733358,0.8023402330241517,0.3554191685969027,8.256339249163196,1.7488013341671875,0.0,1.3982495215986448,0.0066932852429408,0.2151394422310757,0.0,0.0,0.3978163333218584,0.1319886924526608,0.0201617601699852,0.0,0.0,13.076619187901713,0.0290291398293118,0.0433878363792519,-8.406630720739605,1724160000.0,551000000.0,-2769270000.0,8872870000.0,1803160000.0,691420000.0,1093875000.0,56.45580725864492,31.548104695828243,45.822291040109576,1.5941672676413383,2.852786272511043,1.9641095623355105,0.0589813473362456,0.1235614420023961,2003-11-04,0.52,bmo,2861786538.0,2025-04-25,2003-09-30,0.0192307692307692,21.48046875,2341520.984375
2003-06-30,MAS,USD,62996,2003-08-07,2003-08-07 15:57:11,2003,Q2,2787650000.0,1934360000.0,853290000.0,0.3060965329,0,0.0,0.0,464280000.0,0.0,464280000.0,2398640000.0,0.0,0.0,-33840000.0,355170000.0,0.1274083906,389010000.0,0.1395476477,-33000000.0,355390000.0,0.1274873101,123700000.0,229550000.0,0.0823453446,0.48,0.46,477083333,497826087,https://www.sec.gov/Archives/edgar/data/62996/000095013703004143/0000950137-03-004143-index.htm,https://www.sec.gov/Archives/edgar/data/62996/000095013703004143/k78819e10vq.txt,5.843109174388198,0.4811528387641242,0.7920419219507716,0.664097817057885,1.646337119054209,11.125121405152925,0.9469834067751848,11.125121405152925,9.69595808537709,10004437493.01,13844777493.01,10.895706265530386,3.58884275034886,26.47587131291185,31.57667358839125,1.884923250391419,1.884923250391419,4.966469066421538,38.98070640259594,36.63899619713129,43.69781110693432,0.0229448182529386,0.0316689469269377,0.8715372832593201,0.3766927959166057,10.812681251231805,1.5110799438990183,0.0,1.646133739925942,0.0069139319475311,0.3013286865606621,0.0,0.0,0.3954257254490642,0.1615370365469605,0.021896579556257,0.0,0.0,10.97451066234432,0.0242665430832239,0.0309193228594211,-8.958675988792088,1348280000.0,451790000.0,-2985990000.0,8628700000.0,1729850000.0,666835000.0,1142525000.0,57.33732713934676,31.47645732955603,54.057414338592615,1.5696581004076668,2.859279843907054,1.6648965012695272,0.0432492214009695,0.1279441048928867,2003-08-06,0.46,bmo,2787650000.0,2025-04-25,2003-06-30,0.0,19.832698412698413,2381176.285714286
2003-03-31,MAS,USD,62996,2003-05-09,2003-05-09 15:52:10,2003,Q1,2498300000.0,1744540000.0,753760000.0,0.3017091622,0,0.0,0.0,452380000.0,-13520000.0,438860000.0,2183400000.0,0.0,0.0,-26070000.0,288830000.0,0.1156106152,314900000.0,0.1260457111,-55050000.0,259850000.0,0.1040107273,90400000.0,165800000.0,0.0663651283,0.34,0.32,487647059,518125000,https://www.sec.gov/Archives/edgar/data/62996/000095012403001620/0000950124-03-001620-index.htm,https://www.sec.gov/Archives/edgar/data/62996/000095012403001620/k76797e10vq.txt,5.123172495130335,0.3399999998769601,0.206583835872165,0.0466731001037371,1.5348190585519352,10.661645351992169,1.0275874543929115,10.661645351992169,9.479848006219596,7982782355.830001,11857152355.830002,12.03676471023824,3.195285736632911,79.2414369250546,350.73736185544817,1.5354102917089816,1.5354102917089816,4.746088282364008,41.05235728916664,117.7005395655152,520.9645147552725,0.0207697006644447,0.0028511362311384,0.8891543184231178,0.3861901770378736,13.414015164629712,1.966272858023423,0.0,0.607599517490953,0.0088878785412687,0.4279252110977081,0.0,0.0,0.392472381690715,0.7740718681755013,0.0312132249929952,0.0,0.0,9.031145382133122,0.0198893018801926,0.0227988394318166,-8.60939263862145,1881140000.0,501100000.0,-2943260000.0,8944090000.0,1614870000.0,599575000.0,1089410000.0,60.65588600248169,33.90206014192854,57.94536095475026,1.4837801560811053,2.654705927109488,1.553187321937322,0.0318900121559033,0.1599107357684279,2003-05-06,0.31,bmo,2417709677.0,2025-04-25,2003-03-31,0.032258064516129,16.3172131147541,2277716.049180328
2002-12-31,MAS,USD,62996,2003-03-14,2003-03-14 17:29:25,2002,Q4,2487400000.0,1729850000.0,757550000.0,0.304554957,0,0.0,0.0,402480000.0,-34830000.0,367650000.0,2097500000.0,0.0,0.0,3170000.0,389900000.0,0.1567500201,389900000.0,0.1567500201,-90400000.0,299500000.0,0.1204068505,104700000.0,194800000.0,0.0783147061,0.4,0.4,487647059,487647059,https://www.sec.gov/Archives/edgar/data/62996/000095012403000656/0000950124-03-000656-index.htm,https://www.sec.gov/Archives/edgar/data/62996/000095012403000656/k74353e10vk.txt,5.100820263534082,0.3994692399036902,1.0950952951404962,0.8711218332191356,2.187176115010672,10.855884193900163,1.318207478413194,10.855884193900163,9.510259345171196,9026347062.09,12597427062.09,11.584120972908112,3.6288281185535096,16.902638594228684,21.248462952189264,1.7050660885274207,1.7050660885274207,5.064495884091823,32.30937948727879,23.58980386893749,29.654960127330508,0.0215812663373144,0.0470622276185378,0.8760464993275203,0.3848534865560814,9.158963836881252,2.0439183420010867,0.0,5.2150390625,0.0079079609402335,0.3664271047227926,0.0,0.0,0.385962990532288,0.2045241751245271,0.0439093028865482,0.0,0.0,9.877920614529412,0.0242933437509458,0.0263264233229406,-8.20821109473768,2017320000.0,642820000.0,-2806820000.0,8983400000.0,1630565000.0,553515000.0,1025100000.0,55.93792715285037,28.19897678989508,54.92140937075469,1.6089262613195343,3.1916051660516604,1.6387052158920823,0.0367974853792332,0.2239734619213606,2003-02-13,0.37,bmo,2554627027.0,2025-04-25,2002-12-31,-0.027027027027027,17.68859375,2922832.671875
2002-09-30,MAS,USD,62996,2002-11-14,2002-11-14 19:46:54,2002,Q3,2518000000.0,1717040000.0,800960000.0,0.3180937252,0,379460000.0,0.0,379460000.0,166000000.0,545460000.0,2262500000.0,0.0,0.0,181300000.0,436800000.0,0.1734710087,255500000.0,0.1014694202,-86130000.0,179200000.0,0.0711675933,56400000.0,122800000.0,0.0487688642,0.25,0.23,494700000,521900000,https://www.sec.gov/Archives/edgar/data/62996/000095012402003562/0000950124-02-003562-index.htm,https://www.sec.gov/Archives/edgar/data/62996/000095012402003562/k72403e10vq.txt,5.089953507176066,0.2482312512633919,0.6106327066909238,0.4930058621386699,1.2130382049727106,10.785587224580556,1.7031736405902569,10.785587224580556,8.643602183141297,8503893000.000001,12179793000.0,17.31248574918567,3.377241064336776,28.15112884004237,34.867739554717296,1.5937936101266392,1.5937936101266392,4.837090150913423,27.884141483516483,40.31975966631356,49.93969822460946,0.0144404450996737,0.0286798058254025,0.8014030208241576,0.3739718156129225,8.415521978021978,1.853252863940316,0.0,2.4599348534201955,0.0079669393770594,0.5517100977198697,0.1506989674344718,0.0,0.392957314113446,0.1926310911016949,0.0231096108022239,0.0,0.0,7.761423566478119,0.0177601124626967,0.0176921791347544,-7.508858904386497,1610310000.0,842560000.0,-2600790000.0,8223980000.0,1617880000.0,517080000.0,991855000.0,61.30329626687848,29.61649117085216,52.13169174859059,1.468110289015993,3.038847494823284,1.7263970721309498,0.0230150891272445,0.1176268445522538,2002-11-12,0.44,bmo,2518000000.0,2025-04-25,2002-09-30,0.0,20.65625,2849075.734375
2002-06-30,MAS,USD,62996,2002-08-13,2002-08-13 17:07:02,2002,Q2,2314000000.0,1549650000.0,764350000.0,0.330315471,0,369250000.0,0.0,369250000.0,0.0,369250000.0,1918900000.0,0.0,0.0,16200000.0,395100000.0,0.1707433016,395100000.0,0.1707433016,-70400000.0,324700000.0,0.1403197926,110400000.0,214300000.0,0.0926101988,0.45,0.43,476222222,498372093,https://www.sec.gov/Archives/edgar/data/62996/000095012402002686/0000950124-02-002686-index.htm,https://www.sec.gov/Archives/edgar/data/62996/000095012402002686/k71162e10vq.txt,4.859076063863311,0.450000000209986,0.5301936540038235,0.4029631359789842,1.320286981484035,10.671026603206265,2.842937472161893,10.671026603206265,7.916451240278326,11234082216.98,14375322216.98,13.105555549440036,4.854832418746759,44.49317682672581,58.54133515883272,2.210658906324162,2.210658906324162,6.212325936464995,36.38400966079473,56.93422399691077,74.91048575810318,0.0190758796189057,0.0170819472648997,0.7418640712506248,0.3618699414863391,7.9504935459377375,2.1681689735471887,0.0,1.1782081194587029,0.0057361161112565,0.3006999533364442,0.1595721694036301,0.0,0.3578308095157649,0.2399698997980118,0.0261840968020743,0.0,0.0,10.394428527239036,0.0288972161896839,0.0320320709339224,-6.451846129935532,1785850000.0,1353870000.0,-2021690000.0,7609960000.0,1448905000.0,435835000.0,943190000.0,59.14291270527225,27.2459587648824,57.446326589875135,1.5217377008213702,3.303242171679492,1.5666798095295866,0.0421702631755014,0.1272305180248392,2002-07-31,0.42,bmo,2130767441.0,2025-04-25,2002-06-30,0.0238095238095238,23.91234375,2548136.09375
2002-03-31,MAS,USD,62996,2002-05-15,2002-05-15 16:05:55,2002,Q1,2100000000.0,1454050000.0,645950000.0,0.3075952381,0,355350000.0,0.0,355350000.0,0.0,355350000.0,1809400000.0,0.0,0.0,7900000.0,290600000.0,0.1383809524,290600000.0,0.1383809524,-63000000.0,227600000.0,0.1083809524,77400000.0,150200000.0,0.0715238095,0.32,0.31,469375000,484516129,https://www.sec.gov/Archives/edgar/data/62996/000095012402001852/0000950124-02-001852-index.htm,https://www.sec.gov/Archives/edgar/data/62996/000095012402001852/k69700e10-q.txt,4.474034620505992,0.32,0.2903009320905459,0.1695659121171771,0.5073981358189081,9.018013315579228,1.3912330226364846,9.018013315579228,7.897821571238349,11255612500.0,14724492500.0,18.734375,5.359815476190477,82.60393732570087,141.4199334087197,2.659122265718207,2.659122265718207,7.011663095238095,50.66927907777013,108.06173858799356,185.00430330443524,0.0133444537114261,0.0070711389540107,0.875782868671787,0.3967765862597119,11.936958017894012,2.039279607887837,0.0,0.907190412782956,0.0057135939958842,0.4281624500665779,0.1692142857142857,0.0,0.3831598145755756,0.4158960810215764,0.0269857142857142,0.0,0.0,8.057896491775658,0.0235087361375184,0.0260624979394662,-7.223201065246339,1367640000.0,653010000.0,-2426470000.0,6957180000.0,1290695000.0,362410000.0,905175000.0,59.022000000000006,24.915649393074517,55.53626078883119,1.5248551387618177,3.612187608684851,1.6205628308721092,0.0354845339878993,0.1207350199733688,2002-05-06,0.29,bmo,1964516129.0,2025-04-25,2002-03-31,0.0689655172413793,23.351166666666664,2478510.8
2001-12-31,MAS,USD,62996,2002-03-28,2002-03-28 00:00:00,2001,Q4,2115000000.0,1509900000.0,605100000.0,0.2860992908,0,368300000.0,0.0,368300000.0,23200000.0,391500000.0,1901400000.0,0.0,0.0,199490000.0,413090000.0,0.1953144208,213600000.0,0.1009929078,-22100000.0,191500000.0,0.0905437352,64000000.0,127500000.0,0.0602836879,0.27,0.27,459050000,469375000,https://www.sec.gov/Archives/edgar/data/62996/000095012402001084/0000950124-02-001084-index.htm,https://www.sec.gov/Archives/edgar/data/62996/000095012402001084/k67904e10-k405.txt,4.60734124823004,0.2777475220564209,0.9009476091928984,0.740093671713321,0.6796427404422176,8.974686853283956,1.3008604727153903,8.974686853283956,8.185361071778674,9887937000.0,13333437000.0,19.38811176470588,4.675147517730497,23.908160452633105,29.104423971272148,2.400083741319424,2.400083741319424,6.304225531914893,32.27731729163136,32.23907587407515,39.24600282569023,0.0128944996312173,0.0343590376839981,0.9120497690438684,0.4091642138527092,8.340797404923867,2.1243773047810053,0.0,3.243764705882353,0.0064998391474379,0.504078431372549,0.1741371158392435,0.0,0.3835939686366492,0.1785386140529039,0.0349125295508274,0.3701438668604943,0.0,7.489037540396564,0.0176080988254643,0.0225238753078262,-7.388743056311949,1390360000.0,597160000.0,-2436580000.0,6929760000.0,1261840000.0,304365000.0,957325000.0,51.242978723404256,19.21001390820584,54.42678323067753,1.756338180217736,4.6850564726324935,1.653597634432154,0.0309478789173339,0.1608539374795773,2002-02-15,0.25,bmo,2030400000.0,2025-04-25,2001-12-31,0.04,19.29953125,1898156.78125
2001-09-30,MAS,USD,62996,2001-11-13,2001-11-13 00:00:00,2001,Q3,2247000000.0,1530300000.0,716700000.0,0.3189586115,0,361900000.0,0.0,361900000.0,23900000.0,385800000.0,1916100000.0,0.0,0.0,23900000.0,354800000.0,0.1578994215,330900000.0,0.1472630174,-612700000.0,-281800000.0,-0.12541166,-98800000.0,-183000000.0,-0.0814419226,-0.39,-0.39,469230769,469230769,https://www.sec.gov/Archives/edgar/data/62996/000095012401503973/0000950124-01-503973-index.htm,https://www.sec.gov/Archives/edgar/data/62996/000095012401503973/k66076e10-q.txt,4.788688526945257,-0.3900000001918032,0.7248885249466664,0.580439344547757,0.3118081968746597,8.75198361086163,1.2575475416020725,8.75198361086163,8.562929512407997,8178692303.67,12050372303.67,-11.173076917581968,3.6398274604672896,24.045076449902982,30.02897746978264,1.991548519168676,1.991548519168676,5.362871519212283,33.96384527528185,35.4276836116599,44.24428074485974,-0.0223752151573036,0.0333011672144438,0.9783987142961502,0.436110897046964,10.91228861330327,2.247018417550337,0.0,-1.858688524590164,0.007333690738443,-0.32775956284153,0.1610591900311526,0.0,0.3816924140610839,0.1992708884576939,0.0301646639964396,2.8359832635983264,0.0,,0.0260671872818791,-0.032124368703492,-7.394746315112171,1452340000.0,590080000.0,-2489540000.0,6975180000.0,1328145000.0,299895000.0,1012360000.0,52.84926568758344,16.846696726132134,58.90315624387375,1.7029564901058758,5.342293593995461,1.5279317058559234,-0.0445613266126086,0.1444491803989094,2001-11-02,0.32,bmo,2159515151.0,2025-04-25,2001-09-30,0.03125,21.48983050847458,1891626.06779661
2001-06-30,MAS,USD,62996,2001-08-07,2001-08-07 00:00:00,2001,Q2,2085000000.0,1429100000.0,655900000.0,0.3145803357,0,354300000.0,0.0,354300000.0,23100000.0,377400000.0,1806500000.0,0.0,0.0,23100000.0,295620000.0,0.1417841727,278500000.0,0.1335731415,-58520000.0,214000000.0,0.1026378897,75000000.0,139000000.0,0.0666666667,0.31,0.3,451000000,462800000,https://www.sec.gov/Archives/edgar/data/62996/000095012401502598/0000950124-01-502598-index.htm,https://www.sec.gov/Archives/edgar/data/62996/000095012401502598/k64100e10-q.txt,4.623059866962306,0.3082039911308204,0.5423946784922394,0.3926164079822616,0.2361197339246119,8.267228381374723,2.179689578713969,8.267228381374723,8.635720620842571,9894940000.0,13683160000.0,17.796654676258992,4.745774580335731,40.45024936636416,55.88151578471791,2.6538519305247124,2.6538519305247124,6.562666666666667,46.28631351058792,55.93639113727414,77.27542779691647,0.014047583916628,0.0178950049217074,1.0445726454464506,0.441327912357875,12.814491577024558,2.209462939353771,0.0,1.7598561151079135,0.00604046108415,0.43,0.1699280575539568,0.0,0.3111032546249396,0.2761425885046194,0.0323980815347721,2.9242424242424243,0.0,7.571646955016976,0.0230453403282091,0.0228637223455876,-7.706807095343681,1432500000.0,983040000.0,-2479550000.0,6127590000.0,1312235000.0,296335000.0,1005865000.0,57.704460431654674,19.73311874606396,64.43586872857043,1.5596714591343637,4.560860407225378,1.396737590038801,0.0372802076963513,0.1497782705099778,2001-08-03,0.3,bmo,2064000000.0,2025-04-25,2001-06-30,0.0,21.01507936507937,1885296.7936507936
2001-03-31,MAS,USD,62996,2001-05-14,2001-05-14 00:00:00,2001,Q1,1911000000.0,1337500000.0,573500000.0,0.3001046572,0,333700000.0,0.0,333700000.0,23000000.0,356700000.0,1694200000.0,0.0,0.0,23000000.0,239800000.0,0.1254840398,216800000.0,0.1134484563,-39800000.0,177000000.0,0.0926216641,62000000.0,115000000.0,0.0601779173,0.25,0.25,460000000,460000000,https://www.sec.gov/Archives/edgar/data/62996/000095012401501115/0000950124-01-501115-index.htm,https://www.sec.gov/Archives/edgar/data/62996/000095012401501115/k62290e10-q.txt,4.154347826086957,0.25,-0.0689130434782608,-0.2107826086956521,0.1944130434782608,7.98995652173913,2.1940434782608698,7.98995652173913,8.307326086956522,9761200000.0,13493140000.0,21.22,5.107901622187336,-307.9242902208202,-100.67244224422444,2.655834226664998,2.655834226664998,7.060774463631606,56.26830692243536,-425.6511041009464,-139.16192244224422,0.0117813383600377,-0.0099332049338196,1.0397210628560856,0.4457146256289671,15.562718932443705,2.2813764629920974,0.0,-0.2756521739130435,0.0061252714830143,0.5199130434782608,0.1746206174777603,0.0,0.3109692800440423,-2.0586750788643533,0.0341496598639455,2.8373913043478263,0.0,6.703991753782415,0.0183157997677863,0.0194669113290652,-7.279896739130435,1409040000.0,1009260000.0,-2389530000.0,5999980000.0,1193400000.0,264895000.0,950760000.0,60.642857142857146,18.79603738317757,66.51992523364486,1.4840989399293287,4.788243296459385,1.3529780691106257,0.0312892816525094,0.1418695652173913,2001-05-07,0.25,bmo,1896000000.0,2025-04-25,2001-03-31,0.0,20.585483870967742,1881997.7741935484
2000-12-31,MAS,USD,62996,2001-03-29,2001-03-29 00:00:00,2000,Q4,1733000000.0,1187530000.0,545470000.0,0.3147547605,0,168240000.0,0.0,168240000.0,190530000.0,358770000.0,1546300000.0,0.0,0.0,190530000.0,377230000.0,0.2176745528,186700000.0,0.1077322562,-161200000.0,25500000.0,0.0147143681,-19400000.0,44900000.0,0.0259088286,0.0976,0.0976,443365431,460000000,https://www.sec.gov/Archives/edgar/data/62996/000095012401001796/0000950124-01-001796-index.htm,https://www.sec.gov/Archives/edgar/data/62996/000095012401001796/k60919e10-k.txt,3.90873956070788,0.1012708634020679,0.5444493032655945,0.2410201439453226,0.3821452647263336,7.727395417979712,2.786166700488654,7.727395417979712,7.283359897312337,10011191431.98,13070951431.98,55.741600400779504,5.776798287351413,41.4730992666639,93.6851154031443,2.9220712515192377,2.9220712515192377,7.5423839769070975,34.6498195583066,54.14868649065827,122.31846745255474,0.0044849806643962,0.0106740542048415,0.9425374920462573,0.4169925103305785,8.111125838347958,2.1410509716617967,0.0,5.376169265033408,0.0055138292355161,1.2293986636971046,0.0970802077322562,0.0,0.2828990185950413,0.5573138903848543,0.0776283900750144,0.706083031543589,0.0,4.196141100002449,0.0478032880182275,0.0080853845419692,-6.46795464755122,1230110000.0,1235290000.0,-2009780000.0,5327720000.0,1140755000.0,252395000.0,912710000.0,57.082227351413735,18.981752039948464,69.19100991132855,1.5766728835918664,4.741395831669728,1.300747020679986,0.013105433063052,0.3034291593202718,2001-02-16,0.3,bmo,1733000000.0,2025-04-25,2000-12-31,0.0,16.642380952380954,1826844.015873016
2000-09-30,MAS,USD,62996,2000-11-14,2000-11-14 00:00:00,2000,Q3,1893000000.0,1215900000.0,677100000.0,0.3576862124,0,359200000.0,0.0,359200000.0,17700000.0,376900000.0,1592800000.0,0.0,0.0,17700000.0,317900000.0,0.1679344955,300200000.0,0.1585842578,-2700000.0,297500000.0,0.1571579503,110100000.0,187400000.0,0.0989963022,0.42,0.41,446190476,457073171,https://www.sec.gov/Archives/edgar/data/62996/000095012400006931/0000950124-00-006931-index.htm,https://www.sec.gov/Archives/edgar/data/62996/000095012400006931/k58507e10-q.txt,4.242582712590217,0.4200000001792956,0.652994664099464,0.4654962648732108,0.4061718251467116,7.881275350216126,3.0660448252149606,7.881275350216126,7.094638210072418,7304138092.120001,10288468092.12,9.744047614887942,3.8584987280084526,25.069117559445363,35.16676982243621,2.077075000247402,2.077075000247402,5.435006916069731,32.36385055715634,35.311875659390445,49.535233953394325,0.0256566890763161,0.0284359355450953,0.9001891057997184,0.4014630199389732,9.387637621893678,1.295115230191279,0.0,1.5547491995731058,0.0076970067228948,0.3,0.1897517168515583,0.0,0.2724785860855846,0.2871361889071938,0.0441944004226096,4.726553672316384,0.0,8.630066748950245,0.0273442458903174,0.0326677184021755,-6.374586982443794,548330000.0,1368040000.0,-1962160000.0,4524100000.0,1187575000.0,262085000.0,925500000.0,56.2136291600634,18.825314581791265,67.53960029607698,1.6010352177001927,4.780796602838832,1.3325515639041712,0.0532908674695369,0.1874983992262533,2000-11-09,0.41,bmo,1893000000.0,2025-04-25,2000-09-30,0.0,17.15825396825397,1149002.4285714286
2000-06-30,MAS,USD,62996,2000-08-10,2000-08-10 00:00:00,2000,Q2,1871000000.0,1196700000.0,674300000.0,0.3603955104,0,357100000.0,0.0,357100000.0,15900000.0,373000000.0,1569700000.0,0.0,0.0,15900000.0,317200000.0,0.169535008,301300000.0,0.1610368787,-6900000.0,294400000.0,0.1573490112,109000000.0,185400000.0,0.099091395,0.42,0.41,441500000,450200000,https://www.sec.gov/Archives/edgar/data/62996/000095012400004793/0000950124-00-004793-index.htm,https://www.sec.gov/Archives/edgar/data/62996/000095012400004793/e10-q.txt,4.237825594563986,0.4199320498301245,0.4134994337485844,0.223850509626274,0.2781879954699887,7.681925254813137,2.7610192525481314,7.681925254813137,7.331710079275198,7011020000.0,10125150000.0,9.453910463861922,3.747204703367183,38.40392199824715,70.94020034402509,2.067190121389209,2.067190121389209,5.411624799572421,31.920397225725093,55.46203987730061,102.45016695335424,0.0264440837424511,0.0140963796993875,0.9544104942548732,0.4176424063902726,9.817559899117276,1.329740895415151,0.0,0.9846817691477886,0.0076893233794797,0.2907766990291262,0.1908605024051309,0.0,0.2803137333833944,0.4586437335670464,0.0447514698022447,5.266037735849056,0.0,8.519533374847965,0.0276627715501594,0.0332380175512509,-6.505724801812004,587440000.0,1218990000.0,-1990000000.0,4557990000.0,1179830000.0,271140000.0,911270000.0,57.37632282202031,20.29380797192279,70.58460767109551,1.5685912859765758,4.434850281648385,1.2750655273083726,0.054664948681584,0.1896489241223103,2000-08-04,0.41,bmo,1871000000.0,2025-04-25,2000-06-30,0.0,18.07190476190476,1684086.4285714286
2000-03-31,MAS,USD,62996,2000-11-01,2000-11-01 00:00:00,2000,Q1,1746000000.0,1125900000.0,620100000.0,0.3551546392,0,337400000.0,0.0,337400000.0,14200000.0,351600000.0,1477500000.0,0.0,0.0,14200000.0,282700000.0,0.1619129439,268500000.0,0.1537800687,7500000.0,276000000.0,0.1580756014,102000000.0,174000000.0,0.0996563574,0.4,0.39,435000000,446153846,https://www.sec.gov/Archives/edgar/data/62996/000095012400006369/0000950124-00-006369-index.htm,https://www.sec.gov/Archives/edgar/data/62996/000095012400006369/k58101e10-qa.txt,4.0137931034482754,0.4,0.0425977011494252,-0.1553563218390804,0.1706206896551724,7.6274252873563215,3.312850574712644,7.6274252873563215,6.425080459770115,7838700000.0,10559390000.0,11.2625,4.489518900343643,423.0275229357798,-115.99141757916544,2.362527238368501,2.362527238368501,6.047760595647193,37.351927838698266,569.8537506745818,-156.25022195915952,0.0221975582685904,-0.0086213275160422,0.8423655713050004,0.3877758569498053,9.623947647683057,1.820980875450456,0.0,0.1064942528735632,0.0068059754806281,0.3066091954022988,0.1932416953035509,0.0,0.2603995260518845,4.647058823529412,0.0493184421534937,6.064084507042254,0.0,8.285338109347554,0.026692823451098,0.0326411165512972,-5.743074712643678,1009240000.0,1441090000.0,-1651060000.0,4636460000.0,1084735000.0,258120000.0,826950000.0,60.1479381443299,21.77777777777778,70.6634692246203,1.4963106430022195,4.13265306122449,1.2736425339366515,0.0524423360348168,0.1979540229885057,2000-05-05,0.39,bmo,1746000000.0,2025-04-25,2000-03-31,0.0,18.034920634920635,1680215.4444444445
1999-12-31,MAS,USD,62996,2000-03-30,2000-03-30 00:00:00,1999,Q4,1645000000.0,916500000.0,728500000.0,0.4428571429,0,313000000.0,0.0,313000000.0,150100000.0,463100000.0,1379600000.0,0.0,0.0,150100000.0,415500000.0,0.2525835866,265400000.0,0.161337386,3300000.0,268700000.0,0.163343465,90000000.0,178700000.0,0.1086322188,0.41,0.41,435000000,435000000,https://www.sec.gov/Archives/edgar/data/62996/000095012400001746/0000950124-00-001746-index.html,https://www.sec.gov/Archives/edgar/data/62996/000095012400001746/,3.781609195402299,0.4108045977011494,0.4662068965517241,0.2225287356321839,0.5305747126436782,7.210344827586207,3.2036781609195404,7.210344827586207,5.732413793103448,9704850000.0,11967650000.0,13.577014549524344,5.899604863221884,47.8542899408284,100.25671487603306,3.094165471066475,3.094165471066475,7.27516717325228,28.80300842358604,59.0120808678501,123.6327479338843,0.0184134736755333,0.0099743942461758,0.7950263032042085,0.3758308339236462,5.445968712394706,2.4926748582230625,0.0,1.1348628987129268,0.0055024034374565,0.2988248461108002,0.190273556231003,0.0,0.2626867021356765,0.5226824457593688,0.0644376899696048,0.7061958694203864,0.0,8.163697883871016,0.0301677244001431,0.0365290269828291,-4.89816091954023,1263400000.0,1393600000.0,-1388600000.0,4630700000.0,1063750000.0,249600000.0,773750000.0,54.85349544072949,23.941080196399344,75.60392798690671,1.6407340913624575,3.759228876127974,1.1904143395246136,0.0569743344492268,0.2436781609195402,2000-02-17,0.39,bmo,1602820512.0,2025-04-25,1999-12-31,0.0256410256410256,24.0665625,1349835.140625
1999-09-30,MAS,USD,62996,1999-11-15,1999-11-15 00:00:00,1999,Q3,1704000000.0,1082000000.0,622000000.0,0.3650234742,0,463600000.0,0.0,463600000.0,13100000.0,476700000.0,1558700000.0,0.0,0.0,13400000.0,158700000.0,0.0931338028,145300000.0,0.0852699531,-32100000.0,113200000.0,0.0664319249,48300000.0,64900000.0,0.0380868545,0.15,0.15,435300000,445900000,https://www.sec.gov/Archives/edgar/data/62996/000095012499006141/0000950124-99-006141-index.html,https://www.sec.gov/Archives/edgar/data/62996/000095012499006141/,3.914541695382495,0.1490925798300023,0.280955662761314,-0.8950149322306455,0.3342522398345968,6.990810934987365,3.0059728922582125,6.990810934987365,5.898920284861015,11866278000.0,14288578000.0,45.70985362095532,6.963778169014084,97.02598528209322,-30.457592402464066,3.899404554566068,3.899404554566068,8.385315727699531,90.03514807813484,116.83219950940313,-36.67499486652977,0.005469280257887,-0.0328325360319385,0.8438105878873517,0.3862689351204176,15.26339004410838,2.2264248170668863,0.0,0.95546875,0.0031265068962651,0.5716486902927581,0.2720657276995305,0.0,0.2609323525429848,4.185609157808667,0.3004107981220657,38.20149253731344,0.0,4.842649671566567,0.0143015420114213,0.0132095825446255,-5.115150470939582,1190000000.0,1308500000.0,-1444300000.0,4504600000.0,985150000.0,221000000.0,702200000.0,59.4137323943662,21.243992606284657,64.68022181146026,1.5148013156725042,4.236491777603759,1.3914609053497942,0.0213269363478032,1.1759705949919597,1999-11-12,0.42,bmo,1664372093.0,2025-04-25,1999-09-30,0.0238095238095238,26.63796875,1173235.984375
1999-06-30,MAS,USD,62996,1999-08-06,1999-08-06 00:00:00,1999,Q2,1269000000.0,812600000.0,456400000.0,0.3596532703,0,241300000.0,0.0,241300000.0,10100000.0,251400000.0,1064000000.0,0.0,0.0,10100000.0,215100000.0,0.1695035461,205000000.0,0.1615445232,14900000.0,219900000.0,0.173286052,81300000.0,138600000.0,0.1092198582,0.42,0.41,435000000,446100000,https://www.sec.gov/Archives/edgar/data/62996/000095012499004479/0000950124-99-004479-index.html,https://www.sec.gov/Archives/edgar/data/62996/000095012499004479/,2.9172413793103447,0.3186206896551724,0.2848275862068966,-0.6514942528735632,0.1802298850574712,6.357471264367816,3.271954022988506,6.357471264367816,4.045517241379311,11044650000.0,12726050000.0,19.92180735930736,8.703427895981088,89.1416464891041,-38.97194777699365,3.993726270113904,3.993726270113904,10.028408195429472,59.163412366341234,102.71226795803068,-44.90490472829922,0.0125490622156428,-0.0256594821927358,0.6363406255649973,0.3261365110546896,7.816829381682938,1.764961915125136,0.0,0.8939393939393939,0.0033772007261434,0.2691197691197691,0.1901497241922773,0.0,0.2487444170573954,3.287328490718321,0.3209613869188337,40.32673267326733,0.0,6.751036384963855,0.0273174340348576,0.0341909860127784,-3.688620689655172,703000000.0,1423300000.0,-1008400000.0,3299100000.0,815800000.0,172050000.0,599500000.0,59.95744680851064,20.66699483140537,69.42160964804333,1.5010645848119233,4.354769560557342,1.2964262922782386,0.0501175194359067,0.9363218390804596,1999-08-02,0.4,bmo,1528780487.0,2025-04-25,1999-06-30,0.0249999999999998,25.944603174603174,1123052.4285714286
1999-03-31,MAS,USD,62996,1999-05-13,1999-05-13 00:00:00,1999,Q1,1147000000.0,730300000.0,416700000.0,0.3632955536,0,222800000.0,0.0,222800000.0,8200000.0,231000000.0,961300000.0,0.0,0.0,8200000.0,243100000.0,0.2119442023,185700000.0,0.1619006103,57600000.0,197300000.0,0.1720139494,73000000.0,124300000.0,0.10836966,0.37,0.36,410540541,421944444,https://www.sec.gov/Archives/edgar/data/62996/000006299699000011/0000062996-99-000011-index.html,https://www.sec.gov/Archives/edgar/data/62996/,2.7938775478936195,0.302771559898149,0.1013298221380772,-0.1926728108442766,0.7994338371566573,6.68752467980988,4.090704406218435,6.68752467980988,3.915813030508965,10197827038.44,11477227038.44,20.51051294939662,8.890869257576286,245.14007303942307,-128.92322425335018,3.714378815676562,3.714378815676562,10.006300818169136,47.21195820008227,275.8948807317308,-145.09768695878634,0.012188871171423,-0.0077565543818146,0.5855399745037334,0.3124829918749757,5.262854792266557,2.0380174927113703,0.0,0.33467417538214,0.00364783594189,0.2992759452936444,0.1942458587619878,0.0,0.2072269952960385,2.9014423076923075,0.105231037489102,14.71951219512195,0.0,6.749653789727045,0.0257436332283606,0.0304768910138531,-2.91116194539238,890100000.0,1679400000.0,-651500000.0,3139600000.0,743150000.0,177200000.0,565600000.0,61.689625108979946,19.409831576064636,70.5162262084075,1.4589163062833883,4.6368253968253965,1.2763019923103809,0.0452740848661446,0.2940026329823538,1999-04-30,0.36,bmo,1391000000.0,2025-04-25,1999-03-31,0.0,25.141147540983606,1230648.0983606558
1998-12-31,MAS,USD,62996,1999-03-26,1999-03-26 00:00:00,1998,Q4,1099000000.0,618500000.0,480500000.0,0.4372156506,0,204600000.0,0.0,204600000.0,116100000.0,320700000.0,939200000.0,0.0,0.0,116100000.0,275900000.0,0.2510464058,159800000.0,0.1454049136,25000000.0,184800000.0,0.1681528662,62300000.0,122500000.0,0.1114649682,0.36,0.36,335945946,335945946,https://www.sec.gov/Archives/edgar/data/62996/000095012499002075/0000950124-99-002075-index.html,https://www.sec.gov/Archives/edgar/data/62996/,3.271359613311125,0.3646419951142973,0.6265888977270171,0.173837489915714,1.612461785742162,8.122139982603034,5.037417537403472,8.122139982603034,4.897811744988284,8492713514.88,9596413514.88,17.332068397714288,7.727673807898089,40.34543237472684,145.42317662465754,3.112480215084659,3.112480215084659,8.731950423002731,34.78221643667996,45.58866277852732,164.3221492273973,0.0144241295535718,0.0068764829871722,0.6030198636663491,0.318419321128614,4.000362450163102,2.200094495629577,0.0,1.7183673469387757,0.0043802254644316,0.3036734693877551,0.1861692447679709,0.0,0.2005457289933041,0.7225653206650832,0.1383985441310282,1.310077519379845,0.0,8.16318870765061,0.0231546800522493,0.0296531190239887,-3.2520856792836548,1016000000.0,1692300000.0,-576200000.0,3216600000.0,717400000.0,176050000.0,554850000.0,57.33303002729754,28.65157639450283,81.34195634599838,1.569775746321954,3.1411884205180294,1.1064400715563507,0.0448948178553104,0.4527514078113031,1999-02-17,0.35,bmo,1067600000.0,2025-04-25,1998-12-31,0.0285714285714286,23.9909375,1053176.359375
1998-09-30,MAS,USD,62996,1998-11-13,1998-11-13 00:00:00,1998,Q3,1122000000.0,717100000.0,404900000.0,0.3608734403,0,216900000.0,0.0,216900000.0,7400000.0,224300000.0,941400000.0,0.0,0.0,7400000.0,241500000.0,0.2152406417,180600000.0,0.1609625668,61200000.0,197100000.0,0.1756684492,71200000.0,125900000.0,0.1122103387,0.35,0.34,436571429,436571429,https://www.sec.gov/Archives/edgar/data/62996/000006299698000008/0000062996-98-000008-index.html,https://www.sec.gov/Archives/edgar/data/62996/,2.5700261754875395,0.2883835075703041,0.2347840311831308,0.0153468586236778,1.0144960723025236,6.101865177256022,3.869469891489395,6.101865177256022,3.55978402791906,9499794295.04,10610994295.04,18.86376945003972,8.466839835151516,92.68091995160977,1417.8797455283584,3.566122712954691,3.566122712954691,9.457214166702318,43.93786457573499,103.52189556136588,1583.730491797015,0.0132529185464294,0.0007052784293969,0.5833927699988738,0.3098161955264941,4.601242236024845,2.106733852496564,0.0,0.8141382049245433,0.0039579804396008,0.2986497220015885,0.1933155080213904,0.0,0.19429049878394,0.9346341463414636,0.0853832442067736,12.945945945945946,0.0,6.292276126896309,0.0261938707521637,0.0311510292953285,-2.480750979240101,966400000.0,1689300000.0,-512700000.0,3060600000.0,704800000.0,156000000.0,555800000.0,58.93315508021391,19.47845488774229,69.11588341932784,1.52715394038383,4.62048969072165,1.3021608861449063,0.0472615338413604,0.219437172559453,1998-10-29,0.36,bmo,1342702702.0,2025-04-25,1998-09-30,0.0277777777777778,24.75109375,967627.15625
1998-06-30,MAS,USD,62996,1998-08-14,1998-08-14 00:00:00,1998,Q2,1085000000.0,691400000.0,393600000.0,0.362764977,0,213000000.0,0.0,213000000.0,6800000.0,219800000.0,911200000.0,0.0,0.0,6800000.0,180600000.0,0.1664516129,173800000.0,0.1601843318,15000000.0,188800000.0,0.1740092166,71800000.0,117000000.0,0.1078341014,0.35,0.34,334285714,344117647,https://www.sec.gov/Archives/edgar/data/62996/000095012498004500/0000950124-98-004500-index.html,https://www.sec.gov/Archives/edgar/data/62996/,3.245726498500621,0.3500000002991453,0.4765384619457594,0.2725213677542917,1.246239317304478,7.784957271611074,5.037905987211886,7.784957271611074,4.31487179855972,8891999992.4,9917799992.4,18.999999983760684,8.195391698064515,55.8192089918393,97.60702516355651,3.416845985398094,3.416845985398094,9.140829486082948,54.91583605980066,62.25863146516007,108.86717884083424,0.0131578947480881,0.0102451642012891,0.5542576083615125,0.3025865866705826,5.679955703211517,3.1737056016964127,0.0,1.3615384615384616,0.0040260908716372,0.305982905982906,0.1963133640552995,0.0,0.1926409196752606,0.4281230382925298,0.0628571428571428,10.029411764705882,0.0,7.829849204571947,0.0254891608454721,0.0304006651769474,-2.87560897681676,1230100000.0,1684100000.0,-368500000.0,3221600000.0,677150000.0,157100000.0,552400000.0,55.98248847926267,20.410760775238646,73.01272779866937,1.6076455771225366,4.409438775510204,1.2326617935460866,0.0449584998462957,0.2040170941914676,1998-07-29,0.33,bmo,1488882352.0,2025-04-25,1998-06-30,0.0303030303030303,25.510952380952386,936003.2222222222
1998-03-31,MAS,USD,62996,1998-05-14,1998-05-14 00:00:00,1998,Q1,1039000000.0,659200000.0,379800000.0,0.3655437921,0,207500000.0,0.0,207500000.0,6000000.0,213500000.0,872700000.0,0.0,0.0,6000000.0,172300000.0,0.1658325313,166300000.0,0.1600577478,18000000.0,184300000.0,0.1773820982,73700000.0,110600000.0,0.1064485082,0.34,0.33,325294118,335151515,https://www.sec.gov/Archives/edgar/data/62996/000006299698000006/0000062996-98-000006-index.html,https://www.sec.gov/Archives/edgar/data/62996/,3.194032546263256,0.339999999631103,-0.1635443036200242,-0.7654611203268052,0.5376672688560572,7.650614819908917,5.017920428551985,7.650614819908917,3.6517721479365934,8509694126.88,9522694126.88,19.23529413851718,8.19027346186718,-159.95665652030075,-34.17547842120482,3.41933303607506,3.41933303607506,9.165249400269492,55.26810288380731,-178.99800990375942,-38.2437515135743,0.0129969418819228,-0.0292607461898625,0.477317474986941,0.2710924484812524,5.879280325014509,2.7595926532096744,0.0,-0.4810126582278481,0.0040777023806756,0.3137432188065099,0.1997112608277189,0.0,0.1954403341016454,-3.680451127819549,0.1884504331087584,32.63333333333333,0.0,7.650307399627921,0.0258691603149591,0.0313714366756488,-2.879855331414262,967600000.0,1632300000.0,-375700000.0,2897900000.0,619250000.0,161850000.0,529450000.0,58.85081809432147,21.48968446601942,74.25819174757282,1.5292905504857226,4.188055908513342,1.2119874977017835,0.0444408727448065,0.601916816706781,1998-04-29,0.31,bmo,1006531250.0,2025-04-25,1998-03-31,0.032258064516129,23.460819672131144,1246621.213114754
1997-12-31,MAS,USD,62996,1998-03-27,1998-03-27 00:00:00,1997,Q4,990000000.0,529200000.0,460800000.0,0.4654545455,0,202600000.0,0.0,202600000.0,103200000.0,305800000.0,835000000.0,0.0,0.0,103200000.0,258200000.0,0.2608080808,155000000.0,0.1565656566,14400000.0,169400000.0,0.1711111111,63900000.0,105500000.0,0.1065656566,0.32,0.32,325294118,325294118,https://www.sec.gov/Archives/edgar/data/62996/000095012498001648/0000950124-98-001648-index.html,https://www.sec.gov/Archives/edgar/data/62996/,3.043399635034286,0.3243218802991082,0.6698553338120918,-0.1026763109193385,1.3566184433743742,6.852260390395378,4.610596740024669,6.852260390395378,4.273056053229957,7273576478.48,8222276478.48,17.23596321914692,7.347046947959596,33.38034180119321,-217.7717508526946,3.263156787115298,3.263156787115298,8.305329776242424,31.84460293756777,37.73417383423589,-246.17594246946103,0.014504556364003,-0.0045919638157128,0.6235980260206371,0.3207346901102958,3.67428350116189,2.6237096774193547,0.0,2.065402843601896,0.0047844413409223,0.3298578199052133,0.2046464646464646,0.0,0.1682588028981494,1.153281321707205,0.2538383838383838,2.435077519379845,0.0,7.071251969596539,0.0255220043924848,0.0292681573544914,-3.0331781160580347,1006700000.0,1499800000.0,-478100000.0,2773200000.0,571800000.0,153600000.0,505950000.0,50.82727272727273,28.282312925170068,87.58503401360544,1.7707029153997496,3.182200841852074,1.0275728155339805,0.0473306415432929,0.7725316447314304,1998-02-18,0.3,bmo,957000000.0,2025-04-25,1997-12-31,0.0333333333333333,20.903125,925029.734375
1997-09-30,MAS,USD,62996,1997-11-13,1997-11-13 00:00:00,1997,Q3,1003000000.0,634000000.0,369000000.0,0.3678963111,0,205100000.0,0.0,205100000.0,5400000.0,210500000.0,844500000.0,0.0,0.0,5400000.0,163900000.0,0.1634097707,158500000.0,0.1580259222,11400000.0,169900000.0,0.1693918245,68100000.0,101800000.0,0.1014955135,0.32,0.3,318125000,339333333,https://www.sec.gov/Archives/edgar/data/62996/000095012497005944/0000950124-97-005944-index.html,https://www.sec.gov/Archives/edgar/data/62996/,3.1528487229862474,0.32,0.2502161100196464,0.1301375245579567,1.1913555992141454,6.739803536345776,4.435363457760315,6.739803536345776,4.418388998035364,6407037500.0,7433637500.0,15.734375,6.387873878364905,80.49042085427135,154.75935990338164,2.988217667086423,2.988217667086423,7.411403290129611,45.35471323978035,93.38740577889448,179.556461352657,0.0158887785501489,0.0064616447148935,0.6555664381325498,0.3327966663509802,6.263575350823673,2.4454488778054864,0.0,0.7819253438113949,0.0050569393420906,0.3182711198428291,0.2044865403788634,0.0,0.1735723079837105,0.4798994974874372,0.0380857427716849,7.074074074074074,0.0,6.966102602007064,0.0259033340864184,0.0291648760922503,-3.186404715127701,927400000.0,1411000000.0,-510500000.0,2664700000.0,561000000.0,135250000.0,472600000.0,52.44765702891326,20.001577287066247,70.53785488958991,1.7159965782720277,4.499645138396025,1.2759106460052323,0.0474791287719789,0.1200785854616895,1997-11-03,0.3,bmo,970645161.0,2025-04-25,1997-09-30,0.0333333333333333,19.64765625,986300.078125
1997-06-30,MAS,USD,62996,1997-08-13,1997-08-13 00:00:00,1997,Q2,913000000.0,578200000.0,334800000.0,0.3667031763,0,187200000.0,0.0,187200000.0,3800000.0,191000000.0,769200000.0,0.0,0.0,3800000.0,147600000.0,0.1616648412,143800000.0,0.1575027382,8600000.0,152400000.0,0.1669222344,60800000.0,91600000.0,0.1003285871,0.29,0.28,315862069,327142857,https://www.sec.gov/Archives/edgar/data/62996/000006299697000011/0000062996-97-000011-index.html,https://www.sec.gov/Archives/edgar/data/62996/,2.8905021830905566,0.2899999999683406,0.349836244503293,0.233962882070528,1.0548908295791604,6.179279475307939,4.579530567185641,6.179279475307939,3.925764191711161,5796068966.150001,6702868966.150001,15.81896551896834,6.348377838061337,52.45311281583711,78.43124446752368,2.96960188859002,2.96960188859002,7.341587038499453,45.41239136957995,60.65944765746607,90.70188046211096,0.0158038147121711,0.0127500208212821,0.6353109949789938,0.3266338276743145,6.143631436314363,2.7646482461297275,0.0,1.2063318777292575,0.0055899955968814,0.3537117903930131,0.2050383351588171,0.0,0.1331032847772831,0.3312217194570135,0.0400876232201533,9.63157894736842,0.0,6.349787285569697,0.0262126500860124,0.027833485262838,-2.798769104497951,900500000.0,1446500000.0,-433700000.0,2355500000.0,527950000.0,129250000.0,436500000.0,52.98466593647317,20.172950536146665,69.78035281909375,1.6986046511627908,4.46141975308642,1.2897613205442784,0.0469310380161901,0.1158733624327649,1997-07-29,0.27,bmo,880392857.0,2025-04-25,1997-06-30,0.037037037037037,16.910625,862803.15625
1997-03-31,MAS,USD,62996,1997-05-15,1997-05-15 00:00:00,1997,Q1,854000000.0,539500000.0,314500000.0,0.3682669789,0,181000000.0,0.0,181000000.0,3700000.0,184700000.0,724200000.0,0.0,0.0,3700000.0,133500000.0,0.156323185,129800000.0,0.1519906323,9400000.0,139200000.0,0.1629976581,55700000.0,83500000.0,0.0977751756,0.27,0.26,309259259,321153846,https://www.sec.gov/Archives/edgar/data/62996/000006299697000004/0000062996-97-000004-index.html,https://www.sec.gov/Archives/edgar/data/62996/,2.76143712806348,0.2700000002263473,-0.0097005988105274,-0.1008862276294854,1.0593053901095972,6.100383238647028,4.573832339163692,6.100383238647028,3.953964075170988,4861555551.4800005,5756755551.4800005,14.555555543353297,5.692687999391102,-1620.51851716,-155.81908818846156,2.5768872847874484,2.5768872847874484,6.740931559110071,43.12176443056181,-1918.91851716,-184.51139588076924,0.0171755725334826,-0.0064176989586186,0.6481501113113538,0.331912814527293,6.70561797752809,2.839483010214717,0.0,-0.0359281437125748,0.0066028248901172,0.3844311377245509,0.211943793911007,0.0,0.1281452729296164,-9.4,0.0330210772833723,7.621621621621622,0.0,6.0876783921170485,0.0242483184598918,0.0259962640099626,-2.809131738881907,882400000.0,1414500000.0,-435400000.0,2293600000.0,492650000.0,139200000.0,418300000.0,54.63231850117096,21.5032437442076,70.84893419833179,1.6473765432098766,4.185415050426688,1.2703084530256652,0.0442595144704759,0.091185628818958,1997-04-29,0.25,bmo,821153846.0,2025-04-25,1997-03-31,0.04,15.56590163934426,998600.5737704918
1996-12-31,MAS,USD,62996,1997-03-28,1997-03-28 00:00:00,1996,Q4,843000000.0,461600000.0,381400000.0,0.4524317912,0,176100000.0,0.0,176100000.0,91100000.0,267200000.0,728800000.0,0.0,0.0,91100000.0,205300000.0,0.2435349941,114200000.0,0.1354685647,35500000.0,149700000.0,0.1775800712,66300000.0,83400000.0,0.0989323843,0.27,0.27,309259259,309259259,https://www.sec.gov/Archives/edgar/data/62996/000095012497001858/0000950124-97-001858-index.html,https://www.sec.gov/Archives/edgar/data/62996/,2.725868265758213,0.2696766469326631,-1.9394730555181208,-2.6870658705161032,1.531724552182284,5.949053897202799,4.470035931891048,5.949053897202799,4.022191620138364,4895574069.97,5665774069.97,14.674982224130694,5.807323926417556,-8.162010786878959,-5.8911841997232255,2.66092731273508,2.66092731273508,6.720965682052195,27.597535654992697,-9.446105485111705,-6.818019338110711,0.0170357957632762,-0.1697451592240115,0.6761060984889662,0.3360347948239998,3.751583049196298,2.758101851851852,0.0,-7.191846522781774,0.0065569429736351,0.3848920863309352,0.2088967971530249,0.0,0.1235648485830834,-0.3854618206068689,0.2742586002372479,2.5378704720087817,0.0,6.008096238987456,0.019938714748121,0.0257066239250377,-2.6905419184232087,911400000.0,1382400000.0,-432100000.0,2309400000.0,496450000.0,131950000.0,414450000.0,49.84697508896797,29.14861351819757,80.30979202772963,1.805525808524309,3.0876254180602007,1.1206603544549647,0.0453310142406783,0.747592814997982,1997-02-18,0.25,bmo,809280000.0,2025-04-25,1996-12-31,0.04,14.6253125,1049918.78125
1996-09-30,MAS,USD,62996,1996-11-14,1996-11-14 00:00:00,1996,Q3,843000000.0,522000000.0,321000000.0,0.3807829181,0,180900000.0,0.0,180900000.0,3300000.0,184200000.0,706200000.0,0.0,0.0,3300000.0,140100000.0,0.1661921708,136800000.0,0.1622775801,-500000.0,136300000.0,0.1616844603,54500000.0,81800000.0,0.0970344009,0.13,0.13,320764000,320764000,https://www.sec.gov/Archives/edgar/data/62996/000006299696000020/0000062996-96-000020-index.html,https://www.sec.gov/Archives/edgar/data/62996/,2.6281004102704792,0.2550161489443953,2.399895250090409,2.18041924904291,0.6125999176964996,5.540522003716128,4.117669065107057,5.540522003716128,3.4614233517477024,4211631320.000001,5125431320.0,12.871733863080683,4.99600393831554,5.471072122629255,6.021777695167287,2.369812806662165,2.369812806662165,6.079989703440095,36.58409221984297,6.658133697064173,7.32832616528453,0.0194224028137391,0.1660639184343419,0.62474679270763,0.3181557682388675,6.522483940042827,2.4360932475884245,0.0,9.41075794621027,0.0072418494598905,0.3728606356968215,0.2145907473309608,0.0,0.1307811335893174,0.0914523252792933,0.0835112692763938,21.33333333333333,0.0,5.638329375968636,0.0273621307673959,0.0269664402980154,-2.84664114426806,714600000.0,1320800000.0,-500400000.0,2077500000.0,509300000.0,116650000.0,408200000.0,56.15658362989324,19.724137931034484,71.89655172413794,1.602661596958175,4.562937062937063,1.2517985611510791,0.0460274589241503,0.2194760010474991,1996-11-04,0.24,bmo,,2025-04-25,1996-09-30,0.0833333333333334,12.9109375,665350.84375
1996-06-30,MAS,USD,62996,1996-08-14,1996-08-14 00:00:00,1996,Q2,787000000.0,496600000.0,290400000.0,0.3689961881,0,169800000.0,0.0,169800000.0,2700000.0,172500000.0,669100000.0,0.0,0.0,2700000.0,120600000.0,0.1532401525,117900000.0,0.1498094028,-8000000.0,109900000.0,0.1396442186,41900000.0,68000000.0,0.0864040661,0.11,0.11,320764000,320764000,https://www.sec.gov/Archives/edgar/data/62996/000006299696000011/0000062996-96-000011-index.html,https://www.sec.gov/Archives/edgar/data/62996/,2.4535172276190598,0.2119938646481525,0.4099587235475302,0.0183935853150602,0.2275816488134578,5.341933633450138,4.049082814779713,5.341933633450138,5.129004501752067,4372013320.0,5944213320.0,16.07357838235294,5.555290114358323,33.24724958174905,741.019206779661,2.551510545666764,2.551510545666764,7.553002947903431,49.28866766169154,45.20314311787072,1007.4937830508476,0.0155534750292114,0.001349492686358,0.96014006419609,0.419822394610595,13.03648424543947,2.177013422818792,0.0,1.9338235294117647,0.0069533182483533,0.4470588235294118,0.2157560355781448,0.0,0.105823211187098,0.9551330798479089,0.1595933926302414,0.0,0.0,5.047800115109893,0.0210521627912081,0.0194058388744613,-4.873208963599407,561200000.0,1298800000.0,-1167300000.0,1860000000.0,491150000.0,113000000.0,394400000.0,56.33290978398984,21.548530004027384,72.38421264599275,1.5976451481932603,4.176619007569386,1.2433650475713571,0.0396848555587977,0.3915651382324699,1996-08-07,0.21,bmo,,2025-04-25,1996-06-30,0.0,13.02984126984127,1230770.4603174604
1996-03-31,MAS,USD,62996,1996-05-15,1996-05-15 00:00:00,1996,Q1,764000000.0,480300000.0,283700000.0,0.3713350785,0,172100000.0,0.0,172100000.0,0.0,172100000.0,652400000.0,0.0,0.0,-12800000.0,98800000.0,0.1293193717,111600000.0,0.1460732984,-4800000.0,106800000.0,0.1397905759,44800000.0,62000000.0,0.0811518325,0.1,0.095,320800000,320800000,https://www.sec.gov/Archives/edgar/data/62996/000006299696000009/0000062996-96-000009-index.html,https://www.sec.gov/Archives/edgar/data/62996/,2.381546134663341,0.1932668329177057,0.1203241895261845,0.0417705735660847,0.1424563591022443,5.25,4.180174563591023,5.25,5.028990024937656,3929800000.0,5497400000.0,15.845967741935484,5.143717277486911,101.80829015544042,293.2686567164179,2.333333333333333,2.333333333333333,7.195549738219896,55.6417004048583,142.41968911917098,410.2537313432835,0.0157768843198127,0.0034098427400885,0.9579028618928868,0.4242177228503813,15.866396761133604,2.3547160845806605,0.0,0.6225806451612903,0.0077612092218433,0.4919354838709677,0.225261780104712,0.0,0.0902445437812253,0.6528497409326425,0.0329842931937172,0.0,0.0,4.778037739323957,0.0190520561252558,0.0179201109890745,-4.710489401496259,570200000.0,1341000000.0,-1127700000.0,1778700000.0,464800000.0,116150000.0,390600000.0,57.68717277486912,20.06870705808869,72.96689569019362,1.5601388605268531,4.484593837535014,1.2334360554699535,0.036812730079563,0.0785536159600997,1996-05-06,0.19,bmo,,2025-04-25,1996-03-31,0.0526315789473684,12.803492063492063,983958.126984127
1995-12-31,MAS,USD,62996,1996-03-29,1996-03-29 00:00:00,1995,Q4,-742000000.0,-723900000.0,-18100000.0,0.024393531,0,-103000000.0,0.0,-103000000.0,90100000.0,-12900000.0,-736800000.0,0.0,0.0,-2800000.0,-8000000.0,0.0107816712,-5200000.0,0.0070080863,15400000.0,10200000.0,-0.0137466307,15000000.0,-646500000.0,0.8712938005,-2.02,-2.02,320800000,320800000,https://www.sec.gov/Archives/edgar/data/62996/000095012496001430/0000950124-96-001430-index.html,https://www.sec.gov/Archives/edgar/data/62996/,-2.3129675810473818,-2.015274314214464,0.5517456359102244,0.5508104738154613,0.1885910224438902,5.160224438902743,4.089463840399002,5.160224438902743,4.996259351620948,4423832000.0,5966132000.0,-1.7106852281515852,-5.962037735849057,24.993401129943503,25.035834748160724,2.672364383230639,2.672364383230639,-8.040609164420486,-745.7665,33.7069604519774,33.76418788907753,-0.1461402693411504,0.0399427464695766,0.9682252023680076,0.4241782670830466,-192.7875,2.163041040592061,0.0,-0.2737819025522042,0.0069170800337806,-0.0473317865429234,0.1388140161725067,0.0,0.0909066850156142,0.0016949152542372,-0.0004043126684636,0.0,0.0,,0.0007286382871395,-0.1882041279729847,-4.790757481296758,518600000.0,1311900000.0,-1158700000.0,1718800000.0,632100000.0,160750000.0,695650000.0,-53.35714285714286,-15.565685868213842,-48.71114794861169,-1.686746987951807,-5.781948881789138,-1.847626339969372,-0.3905400507430228,0.000935162094763,1996-02-26,0.22,bmo,,2025-04-25,1995-12-31,-0.2727272727272727,12.7815873015873,789201.2380952381
1995-09-30,MAS,USD,62996,1995-11-13,1995-11-13 00:00:00,1995,Q3,1235000000.0,842800000.0,392200000.0,0.3175708502,0,258500000.0,0.0,258500000.0,0.0,258500000.0,1101300000.0,0.0,0.0,-7300000.0,126400000.0,0.1023481781,133700000.0,0.1082591093,-21800000.0,111900000.0,0.0906072874,44800000.0,67100000.0,0.0543319838,0.21,0.21,319523810,319523810,https://www.sec.gov/Archives/edgar/data/62996/000006299695000022/0000062996-95-000022-index.html,https://www.sec.gov/Archives/edgar/data/62996/,3.865126670841838,0.2099999996870342,0.3758718325247812,0.2153204169667356,0.2287779430271565,7.280521598687748,4.922637846613059,7.280521598687748,5.359225029270902,3863042862.9,5502342862.9,14.392857164307005,3.1279699294736845,32.165219507910074,56.14887882122093,1.660595307097107,1.660595307097107,4.455338350526316,43.53119353560126,45.81467829225645,79.97591370494186,0.01736972702126,0.0178097946209045,0.736104543695998,0.3637367772632652,12.969145569620252,3.203718292106507,0.0,1.7898658718330849,0.0074552628645646,0.4292101341281669,0.2093117408906882,0.0,0.1600322868431114,0.4271440466278101,0.0415384615384615,0.0,0.0,5.865190917824598,0.0194145071626035,0.0169684402184907,-3.725622200110846,1398700000.0,1572900000.0,-348100000.0,3475800000.0,808450000.0,193450000.0,1018650000.0,60.07044534412955,20.962268628381587,106.73350735643096,1.498240931699624,4.293428425878757,0.8432216108054027,0.0288440871770622,0.1605514155580455,1995-11-01,0.22,bmo,,2025-04-25,1995-09-30,-0.0454545454545455,12.187142857142856,767373.253968254
1995-06-30,MAS,USD,62996,1995-08-11,1995-08-11 00:00:00,1995,Q2,1208000000.0,821900000.0,386100000.0,0.3196192053,0,261800000.0,0.0,261800000.0,0.0,261800000.0,1083700000.0,0.0,0.0,-10100000.0,114200000.0,0.0945364238,124300000.0,0.102897351,-18700000.0,105600000.0,0.0874172185,42200000.0,63400000.0,0.0524834437,0.2,0.2,317000000,317000000,https://www.sec.gov/Archives/edgar/data/62996/000006299695000019/0000062996-95-000019-index.html,https://www.sec.gov/Archives/edgar/data/62996/,3.810725552050473,0.2,0.1962145110410094,0.0242902208201892,0.207570977917981,7.258359621451104,4.858044164037855,7.258359621451104,5.544164037854889,3762789999.999999,5454490000.0,14.8375,3.11489238410596,60.49501607717042,488.67402597402594,1.6353557303663782,1.6353557303663782,4.515306291390728,47.76260945709282,87.69276527331189,708.3753246753247,0.016849199663016,0.0020463539022905,0.763831544178365,0.3740555496435032,14.813485113835377,3.24512,0.0,0.9810725552050472,0.0076273190903558,0.4526813880126183,0.2167218543046357,0.0,0.1619453016920293,0.8762057877813505,0.0451158940397351,0.0,0.0,5.715121896909109,0.0179967403799004,0.0161011783827712,-3.843690851735016,1403200000.0,1540000000.0,-369400000.0,3472000000.0,801100000.0,190250000.0,1022600000.0,59.05132450331126,20.871152208297847,113.6415622338484,1.5240979056270505,4.312172088142707,0.7919637695124302,0.0275544352210004,0.1719242902208202,1995-08-02,0.19,bmo,,2025-04-25,1995-06-30,0.0526315789473684,11.893174603174604,1108281.9365079366
1995-03-31,MAS,USD,62996,1995-05-15,1995-05-15 00:00:00,1995,Q1,1226000000.0,815400000.0,410600000.0,0.3349102773,0,261000000.0,0.0,261000000.0,0.0,261000000.0,1076400000.0,0.0,0.0,-3000000.0,146600000.0,0.1195758564,149600000.0,0.1220228385,-25500000.0,124100000.0,0.101223491,49700000.0,74400000.0,0.060685155,0.24,0.24,310000000,310000000,https://www.sec.gov/Archives/edgar/data/62996/000006299695000010/0000062996-95-000010-index.html,https://www.sec.gov/Archives/edgar/data/62996/,3.954838709677419,0.24,-0.1187096774193548,-0.3109677419354839,0.1780645161290322,7.151935483870968,4.8674193548387095,7.151935483870968,5.370967741935484,3763400000.0,5373200000.0,12.645833333333334,3.069657422512235,-102.2663043478261,-39.03941908713693,1.6974426052049976,1.6974426052049976,4.382707993474715,36.65211459754434,-146.0108695652174,-55.738589211618255,0.0197693574958813,-0.0256151352500398,0.7509810112308872,0.3665221124001144,10.980900409276945,2.985172981878089,0.0,-0.4946236559139785,0.0075197959292129,0.3803763440860215,0.2128874388254486,0.0,0.1558984744755321,-1.6195652173913044,0.0486133768352365,0.0,0.0,6.214535510631766,0.0226027397260273,0.0194027904550788,-3.740322580645161,1325500000.0,1508900000.0,-332400000.0,3302600000.0,782350000.0,195600000.0,978100000.0,59.43230016313214,20.960264900662253,111.19205298013244,1.5143280632411067,4.293838862559242,0.809410363311495,0.0335573496910378,0.192258064516129,1995-05-04,0.23,bmo,,2025-04-25,1995-03-31,0.0434782608695651,10.928730158730158,935273.3968253968
1994-12-31,MAS,USD,62996,1995-03-28,1995-03-28 00:00:00,1994,Q4,1148000000.0,662400000.0,485600000.0,0.4229965157,0,251400000.0,0.0,251400000.0,120600000.0,372000000.0,1034400000.0,0.0,0.0,113300000.0,113600000.0,0.0989547038,113600000.0,0.0989547038,-136800000.0,-23200000.0,-0.0202090592,-9400000.0,-13800000.0,-0.0120209059,-0.0445,-0.0445,310000000,310000000,https://www.sec.gov/Archives/edgar/data/62996/000095012495000913/0000950124-95-000913-index.html,https://www.sec.gov/Archives/edgar/data/62996/,3.703225806451613,-0.044516129032258,0.4264516129032258,0.2354838709677419,0.1974193548387096,6.815161290322581,4.537096774193548,6.815161290322581,5.293548387096775,3084500000.0,4664300000.0,-55.87862318840579,2.6868466898954706,23.332072617246595,42.25342465753425,1.459980120225304,1.459980120225304,4.062979094076655,41.05897887323944,35.2821482602118,63.894520547945206,-0.0044739828173123,0.0236667207002755,0.7767311970464335,0.3738041002277904,13.90669014084507,3.1455180442374853,0.0,-9.579710144927535,0.0093694277840817,-2.0942028985507246,0.2189895470383275,0.0,0.1608656036446469,0.4478063540090771,0.051567944250871,0.0,0.0,,0.0176102821904832,-0.0037461317118193,-3.791532258064516,1290100000.0,1406500000.0,-385900000.0,3228100000.0,747100000.0,186950000.0,939050000.0,59.197735191637626,27.35054347826087,128.91304347826087,1.5203284333200902,3.290611028315946,0.6981450252951096,-0.0065319259715056,0.1909677419354838,1995-02-15,0.21,bmo,,2025-04-25,1994-12-31,0.0,10.16904761904762,1363273.4285714286
1994-09-30,MAS,USD,62996,1994-11-14,1994-11-14 00:00:00,1994,Q3,1150000000.0,767300000.0,382700000.0,0.3327826087,0,241300000.0,0.0,241300000.0,0.0,241300000.0,1008600000.0,0.0,0.0,-5700000.0,135700000.0,0.118,141400000.0,0.1229565217,-21300000.0,120100000.0,0.1044347826,48000000.0,72100000.0,0.0626956522,0.23,0.23,313478261,313478261,https://www.sec.gov/Archives/edgar/data/62996/000006299694000040/0000062996-94-000040-index.html,https://www.sec.gov/Archives/edgar/data/62996/,3.66851594854292,0.2299999999042996,0.2867822467600074,0.1582246878675902,0.2536061025297062,7.097142854189816,5.156338416717197,7.097142854189816,4.755991676245773,3326004349.21,4737404349.21,11.532608700450762,2.8921776949652176,36.996711337152384,67.05653929858872,1.4949677945028763,1.4949677945028763,4.119482042791304,34.910864769417834,52.69637763303671,95.51218445987904,0.0216776625734495,0.0149127886774354,0.6701276519237684,0.3416204573575913,10.400884303610908,3.200455182072829,0.0,1.246879334257975,0.0081779808876259,0.377253814147018,0.2098260869565217,0.0,0.1394069932633701,0.4482758620689655,0.0350434782608695,0.0,0.0,6.060339450488752,0.0221267579210352,0.0191969753448,-3.3205651858582947,1256900000.0,1616400000.0,-311300000.0,3038400000.0,727850000.0,169000000.0,914650000.0,57.842608695652174,20.245014987618923,109.00169425257396,1.555946421323231,4.445538818076478,0.8256752394275261,0.0324074074074074,0.1285575588924171,1994-11-02,0.22,bmo,,2025-04-25,1994-09-30,0.0454545454545455,11.51546875,1001898.765625
1994-06-30,MAS,USD,62996,1994-08-12,1994-08-12 00:00:00,1994,Q2,1120000000.0,753500000.0,366500000.0,0.3272321429,0,233800000.0,0.0,233800000.0,0.0,233800000.0,987300000.0,0.0,0.0,-11300000.0,121400000.0,0.1083928571,132700000.0,0.1184821429,-16400000.0,116300000.0,0.1038392857,46200000.0,70100000.0,0.0625892857,0.22,0.22,318636364,318636364,https://www.sec.gov/Archives/edgar/data/62996/000006299694000033/0000062996-94-000033-index.html,https://www.sec.gov/Archives/edgar/data/62996/,3.5149785979857597,0.2199999997489301,0.2633095574741118,0.1271041368021636,0.1835948642697918,6.800855912352803,4.886447925949845,6.800855912352803,4.73549214866135,3852313640.76,5302713640.76,13.738636379315263,3.4395657506785717,45.91553803051252,95.1188553274074,1.7777174161329026,1.7777174161329026,4.734565750678572,43.679684026029655,63.20278475280096,130.93120100641977,0.0181968568857675,0.0105131626800797,0.6963082602676511,0.352901279322684,11.947281713344315,3.4149474503697936,0.0,1.1968616262482168,0.0069049414145708,0.3794579172610556,0.20875,0.0,0.1426666978506443,0.5172824791418356,0.03875,0.0,0.0,5.802088996881024,0.0210853389248584,0.0191232233952587,-3.3353067009012194,1240800000.0,1557000000.0,-354100000.0,3009300000.0,711650000.0,162700000.0,881500000.0,57.58392857142857,19.755806237558065,107.4983410749834,1.5629360870778677,4.555622732769045,0.8372222222222222,0.0323488694047069,0.1362054206719481,1994-07-29,0.22,bmo,,2025-04-25,1994-06-30,0.0,12.776451612903225,932858.9354838708
1994-03-31,MAS,USD,62996,1994-05-16,1994-05-16 00:00:00,1994,Q1,1050000000.0,698000000.0,352000000.0,0.3352380952,0,230100000.0,0.0,230100000.0,0.0,230100000.0,928100000.0,0.0,0.0,-14000000.0,107900000.0,0.1027619048,121900000.0,0.1160952381,-12500000.0,109400000.0,0.1041904762,44100000.0,65300000.0,0.0621904762,0.21,0.21,310952381,310952381,https://www.sec.gov/Archives/edgar/data/62996/000006299694000021/0000062996-94-000021-index.html,https://www.sec.gov/Archives/edgar/data/62996/,3.3767228172470563,0.2099999999678407,0.0167228177616044,-0.1366768759361903,0.1476110260110856,6.709709034194532,4.762465542915396,6.709709034194532,4.701041346906425,4306690476.849999,5722590476.849999,16.488095240620215,4.10160997795238,828.2097070865385,-101.33389357294116,2.064172966281633,2.064172966281633,5.450086168428571,53.0360563192771,1100.4981686249998,-134.64918769058824,0.0151624548713242,-0.0098683664935877,0.7006326687116564,0.3541267957072603,13.122335495829471,3.306847164999019,0.0,0.0796324655436447,0.0061067773830907,0.4027565084226646,0.2191428571428571,0.0,0.1466847549601492,9.173076923076923,0.0454285714285714,0.0,0.0,5.630575031177023,0.0198681534970088,0.0185384964796729,-3.3255091878521426,1175800000.0,1480900000.0,-356000000.0,2903200000.0,660850000.0,160600000.0,843550000.0,60.57428571428572,20.63037249283667,111.2750716332378,1.4857789726899675,4.3625,0.8088064889918888,0.0312979294478527,0.1533996936977948,1994-05-06,0.2,bmo,,2025-04-25,1994-03-31,0.0499999999999999,15.866190476190477,954901.238095238
1993-12-31,MAS,USD,62996,1994-03-25,1994-03-25 00:00:00,1993,Q4,1010000000.0,571900000.0,438100000.0,0.4337623762,0,0.0,0.0,222700000.0,116000000.0,338700000.0,910600000.0,0.0,0.0,-20400000.0,79000000.0,0.0782178218,99400000.0,0.0984158416,-7400000.0,92000000.0,0.0910891089,34400000.0,57600000.0,0.057029703,0.19,0.19,309444444,309444444,https://www.sec.gov/Archives/edgar/data/62996/000095012494000563/0000950124-94-000563-index.html,https://www.sec.gov/Archives/edgar/data/62996/,3.2639138287452982,0.1861400361739892,0.3726032321330028,0.1602872533720463,0.3877917420291443,6.45802514392535,4.502262124958365,6.45802514392535,4.690664279627525,5034661103.88,6366161103.88,21.8518277078125,4.984812974138614,43.665751117779706,101.50526419112904,2.5193460287630103,2.5193460287630103,6.303129805821782,80.58431777063291,55.21388641699913,128.35002225564517,0.0114406906068831,0.0098517058003716,0.7263310648518815,0.3609708786153042,16.854430379746834,3.351957585644372,0.0,2.001736111111111,0.0051642006211625,0.4513888888888889,0.0,0.0,0.1505060804257541,0.5698178664353859,0.065049504950495,0.0,0.0,5.2006906524819305,0.0174620622010328,0.0168623203255364,-3.3266068270400098,1153400000.0,1393200000.0,-378900000.0,2853800000.0,628050000.0,150050000.0,834750000.0,54.801980198019805,25.36807134114356,129.6887567756601,1.6422764227642277,3.5477667493796528,0.6939691784977551,0.0288230584467574,0.2123159787609565,1994-02-11,0.19,bmo,,2025-04-25,1993-12-31,0.0,14.86,1050999.90625
1993-09-30,MAS,USD,62996,1993-09-30,1993-09-29 20:00:00,1993,Q3,982000000.0,662100000.0,319900000.0,0.3257637475,0,0.0,0.0,215200000.0,0.0,215200000.0,877300000.0,0.0,0.0,-17500000.0,87200000.0,0.0887983707,104700000.0,0.1066191446,-6600000.0,98100000.0,0.099898167,42400000.0,55700000.0,0.0567209776,0.18,0.18,309444444,309444444,,,3.173429088938498,0.1800000002585278,0.290520646736834,0.1719210056329206,0.4785996416209689,6.354937172502603,4.380430886004209,6.354937172502603,5.200287260610826,4319844438.240001,5780944438.240001,19.38888886104129,4.399026922851324,48.05166227185762,81.20008342556392,2.196717232768879,2.196717232768879,5.886908796578412,66.29523438348625,64.30416505272525,108.66436913984964,0.0128939828265421,0.0123152582831605,0.8183066361556064,0.3880021218112552,16.755733944954127,2.9905445631237964,0.0,1.614003590664273,0.0055789045981986,0.4326750448833034,0.0,0.0,0.1473212132902541,0.4082313681868743,0.0373727087576374,0.0,0.0,5.073213536369372,0.0160417185524369,0.0157504807148512,-3.649362662333016,1136800000.0,1355500000.0,-473000000.0,2806400000.0,631000000.0,139200000.0,835750000.0,58.75661914460285,18.8808337109198,114.91617580425915,1.5317423178911247,4.766738660907127,0.783179559971611,0.028324434274091,0.1185996411039133,1993-11-02,0.18,bmo,,2025-04-25,1993-09-30,0.1111111111111112,13.11,941385.625
1993-06-30,MAS,USD,62996,1993-06-30,1993-06-29 20:00:00,1993,Q2,948000000.0,638500000.0,309500000.0,0.3264767932,0,0.0,0.0,212500000.0,0.0,212500000.0,851000000.0,0.0,0.0,-12600000.0,84400000.0,0.0890295359,97000000.0,0.1023206751,-12400000.0,84600000.0,0.0892405063,31300000.0,53300000.0,0.0562236287,0.18,0.18,296111111,296111111,,,3.2015009392876177,0.1800000000675422,0.1404878049307646,0.0155347091990749,0.1678424015639183,6.581988745434142,4.4966228909931045,6.581988745434142,5.2021013152728335,3887938887.43,5378638887.43,18.236111104268293,4.101201358048524,93.460069409375,845.2041059630435,1.994837807814264,1.994837807814264,5.673669712478903,63.72794890319906,129.29420402475964,1169.269323354348,0.0137090632191578,0.0011831461690079,0.7903540277065162,0.3833271121065074,17.662322274881518,2.978405000947149,0.0,0.7804878048780488,0.0063015393784121,0.4596622889305816,0.0,0.0,0.1536643026004728,0.8894230769230769,0.0390295358649789,0.0,0.0,5.163047010149231,0.0169047310293513,0.015671861217289,-3.8535365868118334,1044400000.0,1331500000.0,-497200000.0,2711800000.0,621500000.0,140350000.0,810700000.0,58.94620253164557,19.663273296789352,116.44322631166798,1.5268159123852472,4.577060931899641,0.7729088488076504,0.0273473576192919,0.1249530957316897,1993-07-28,0.19,bmo,,2025-04-25,1993-06-30,-0.0526315789473684,13.825714285714286,744031.6031746032
1993-03-31,MAS,USD,62996,1993-03-31,1993-03-30 19:00:00,1993,Q1,946000000.0,633100000.0,312900000.0,0.3307610994,0,0.0,0.0,210100000.0,0.0,210100000.0,843200000.0,0.0,0.0,-14100000.0,88700000.0,0.0937632135,102800000.0,0.1086680761,-14900000.0,87900000.0,0.0929175476,33400000.0,54500000.0,0.0576109937,0.18,0.18,302777778,302777778,,,3.1244036674316304,0.1799999998678899,0.0465688073052706,-0.0429357797850012,0.1638165136412356,6.320477059581301,4.2681467858582405,6.320477059581301,5.041321097217379,4541666670.0,6018466670.0,20.833333348623853,4.800916141649049,322.1040191489362,-349.3589746153846,2.373238579714689,2.373238579714689,6.362015507399577,67.85193540022549,426.8416078014184,-462.9589746153846,0.0119999999911926,-0.002862385319,0.7976171813763913,0.3838937652473529,16.649379932356258,2.994975845410628,0.0,0.2587155963302752,0.005372477060277,0.4477064220183486,0.0,0.0,0.1562837956791831,1.9219858156028369,0.0286469344608879,0.0,0.0,5.059439897114778,0.0178859409085238,0.0162458640116851,-3.79345871281214,1032400000.0,1292300000.0,-512500000.0,2687700000.0,584950000.0,137200000.0,788500000.0,59.184989429175474,20.072658347812357,113.05796872531988,1.5206558431120398,4.48371104815864,0.7960518043505596,0.0284788629356743,0.0895045870902718,1993-04-23,0.18,bmo,,2025-04-25,1993-03-31,0.0,14.358064516129032,909849.3548387096
1992-12-31,MAS,USD,62996,1992-12-31,1992-12-30 19:00:00,1992,Q4,908000000.0,502100000.0,405900000.0,0.4470264317,0,0.0,0.0,204600000.0,114500000.0,319100000.0,821200000.0,0.0,0.0,-8600000.0,78200000.0,0.086123348,86800000.0,0.0955947137,-15500000.0,71300000.0,0.0785242291,28300000.0,43000000.0,0.0473568282,0.14,0.14,286960086,298823529,,,3.164203121963101,0.1498466236171953,0.3355867407985095,0.1948006107023539,0.158210156098155,6.575478932634555,4.389460630423703,6.575478932634555,5.512613346512588,3736220319.72,5272720319.719999,21.722211161162797,4.114780087797357,38.79771879252336,66.83757280357781,1.9800839046690333,1.9800839046690333,5.8069607045374445,67.42609104501278,54.75306666375908,94.3241559878354,0.0115089572670656,0.0149616444471854,0.8383592135248291,0.3968042943861937,19.64833759590793,2.981688708036623,0.0,2.23953488372093,0.0065038991067371,0.5651162790697675,0.0,0.0,0.1573521296342748,0.4195223260643821,0.0444933920704845,0.0,0.0,4.708455120974285,0.0145819733382424,0.0128002857738219,-4.365066994020904,974000000.0,1259600000.0,-634200000.0,2631800000.0,575850000.0,134550000.0,784700000.0,54.29735682819384,23.87572196773551,140.11750647281417,1.6575392479006936,3.76951951951952,0.642318024817705,0.0227887010440404,0.1407861300961556,1992-12-30,,bmo,,2025-04-25,1992-12-31,,11.57515625,803093.140625
1992-09-30,MAS,USD,62996,1992-09-30,1992-09-29 20:00:00,1992,Q3,899000000.0,605500000.0,293500000.0,0.3264738598,0,0.0,0.0,195700000.0,0.0,195700000.0,801200000.0,0.0,0.0,-12300000.0,85500000.0,0.095105673,97800000.0,0.1087875417,-13300000.0,84500000.0,0.0939933259,33700000.0,50800000.0,0.0565072303,0.17,0.17,298823529,298823529,,,3.008464571074656,0.1700000002342519,0.2312401577989529,0.1187992127621249,0.2486417326260811,6.349566937883261,4.2362795333964485,6.349566937883261,5.199055125274288,3463364701.11,4942664701.110001,17.044117623572834,3.8524635162513903,50.12105211447178,97.55956904535212,1.82532133504269,1.82532133504269,5.497958510689656,57.80894387263159,71.52915631128799,139.2299915805634,0.0146678171039043,0.0102501477793032,0.8188046800885422,0.3878473175724592,17.301754385964912,2.779111429595128,0.0,1.360236220472441,0.0065831935033271,0.4488188976377952,0.0,0.0,0.1576503482537384,0.4862518089725036,0.0373748609566184,0.0,0.0,4.928193743235948,0.0164657050646831,0.0150554205441289,-3.972997052718697,993100000.0,1265900000.0,-557000000.0,2646200000.0,584350000.0,128950000.0,777200000.0,60.45717463848721,20.19983484723369,117.08175061932288,1.488657062427554,4.455481972038263,0.7686936651009267,0.0267734794982607,0.112440945036828,1993-02-10,0.16,bmo,,2025-04-25,1992-09-30,-0.1249999999999999,11.4771875,661722.125
1992-06-30,MAS,USD,62996,1992-06-30,1992-06-29 20:00:00,1992,Q2,867000000.0,581700000.0,285300000.0,0.3290657439,0,0.0,0.0,190800000.0,0.0,190800000.0,772500000.0,0.0,0.0,-13200000.0,81300000.0,0.0937716263,94500000.0,0.1089965398,-13500000.0,81000000.0,0.0934256055,32500000.0,48500000.0,0.0559400231,0.16,0.16,303125000,303125000,,,2.8602061855670105,0.16,0.1576907216494845,0.0831340206185567,0.4024742268041237,6.111010309278351,4.030680412371134,6.111010309278351,5.380948453608247,3464718750.0,4973818750.0,17.859375,3.996215397923875,72.48365585774059,137.48883928571428,1.8703944882314831,1.8703944882314831,5.736815167243368,61.178582410824106,104.05478556485356,197.3737599206349,0.0139982502187226,0.0072733176394187,0.880533362124811,0.4106495468277946,18.562115621156213,3.054916732751784,0.0,0.9855670103092784,0.0066094830929638,0.4721649484536082,0.0,0.0,0.1587613293051359,0.4728033472803347,0.0260668973471741,0.0,0.0,4.690377075822589,0.0157302641943046,0.0145148740049081,-3.927917525773196,1036500000.0,1221800000.0,-578700000.0,2675700000.0,567200000.0,128900000.0,754200000.0,58.62975778546713,18.87570912841671,118.62300154718928,1.535056657223796,4.768032786885246,0.7587061432111647,0.026182250053984,0.0745567010309278,1992-06-29,,bmo,,2025-04-25,1992-06-30,,12.107460317460315,868709.5079365079
1992-03-31,MAS,USD,62996,1992-03-31,1992-03-30 19:00:00,1992,Q1,851000000.0,577200000.0,273800000.0,0.3217391304,0,0.0,0.0,194300000.0,0.0,194300000.0,771500000.0,0.0,0.0,-12800000.0,66700000.0,0.0783783784,79500000.0,0.0934195065,-11500000.0,68000000.0,0.0799059929,27200000.0,40800000.0,0.0479435958,0.14,0.14,291428571,291428571,,,2.920098043509948,0.1400000002058823,-0.0329411765190311,-0.1053431374098183,0.122500000180147,6.21044118560359,4.067549025589533,6.21044118560359,5.283970596005839,3523371423.39,5027571423.389999,21.589285682536765,4.140271942878965,-367.017856603125,-114.76779880749186,1.946721599751368,1.946721599751368,5.907839510446533,75.37588340914542,-523.705356603125,-163.7645414785016,0.01157981804846,-0.0087132454433265,0.8508204873197415,0.4012245961438249,22.55172413793104,2.700529701097238,0.0,-0.2352941176470588,0.0064426928848049,0.5563725490196079,0.0,0.0,0.1627149557060969,-2.1979166666666665,0.0247943595769682,0.0,0.0,4.422995564481188,0.0137845335799329,0.0126964369067994,-4.098259809948421,898900000.0,1185400000.0,-600600000.0,2525300000.0,537400000.0,132100000.0,740300000.0,60.23971797884841,21.174636174636177,115.64968814968816,1.4940308988764044,4.250368188512518,0.7782122151813402,0.0225426819161279,0.0724019608907872,1992-03-30,,bmo,,2025-04-25,1992-03-31,,11.637142857142855,981360.5555555556
1991-12-31,MAS,USD,62996,1991-12-31,1991-12-30 19:00:00,1991,Q4,806000000.0,476600000.0,329400000.0,0.4086848635,0,0.0,0.0,178800000.0,102700000.0,281500000.0,758100000.0,0.0,0.0,40100000.0,47900000.0,0.0594292804,47900000.0,0.0594292804,-69900000.0,-22000000.0,-0.0272952854,5700000.0,-27700000.0,-0.0343672457,-0.0986,-0.0986,280909091,280909091,,,2.869255662501859,-0.09860841420757,0.4207766988929525,0.2737540452188498,0.2210679610935055,6.40385113061364,4.157928801243389,6.40385113061364,5.34478964228324,2901790910.03,4341090910.030001,-26.189448646480145,3.600236861079405,24.54983849433164,37.73460221105332,1.6130918394741232,1.6130918394741232,5.385968871004963,90.6282027146138,36.72665744526227,56.45111716553967,-0.0095458290617202,0.0265008756262197,0.8346211573739507,0.3965872470811981,30.04801670146138,2.677890229661347,0.0,-4.2671480144404335,0.0078227552238646,-0.8194945848375451,0.0,0.0,0.1666490570024829,0.3494077834179357,0.0512406947890818,0.0,0.0,,0.0177170043610512,-0.0087799930267203,-4.1880097073825215,862100000.0,1168000000.0,-611000000.0,2493100000.0,518550000.0,126800000.0,739250000.0,56.41191066997519,24.24674779689467,139.5321023919429,1.5954077593032463,3.7118380062305296,0.6450128569495196,-0.0153982989604758,0.1470226536741027,1991-12-30,,bmo,,2025-04-25,1991-12-31,,9.541875,648585.328125
1991-09-30,MAS,USD,62996,1991-09-30,1991-09-29 20:00:00,1991,Q3,804000000.0,557200000.0,246800000.0,0.3069651741,0,0.0,0.0,170000000.0,0.0,170000000.0,727200000.0,0.0,0.0,-6000000.0,70800000.0,0.0880597015,76800000.0,0.0955223881,-25700000.0,51100000.0,0.0635572139,20200000.0,30900000.0,0.0384328358,0.11,0.11,280909091,280909091,,,2.8621359214038398,0.1099999999644013,0.2623624594620186,0.1922330096465265,0.1626860840897456,6.504239480095715,4.276828477580314,6.504239480095715,5.432718444843781,2685490909.96,4165890909.96,21.727272734304208,3.340162823333334,36.43813989090909,49.731313147407405,1.469810579585135,1.469810579585135,5.181456355671642,58.84026708983051,56.52497842550882,77.14612796222222,0.0115062761469039,0.0201080554023563,0.8352580592195282,0.3990534215411971,20.90960451977401,2.583209509658247,0.0,2.385113268608414,0.0078570364627725,0.6828478964401294,0.0,0.0,0.1636116413461287,0.2672998643147897,0.024502487562189,0.0,0.0,4.012230390696326,0.0134035743768697,0.0096604764584505,-4.210525888605008,852400000.0,1201400000.0,-606400000.0,2464400000.0,524250000.0,121350000.0,736700000.0,59.5410447761194,20.22254127781766,119.46159368269922,1.5115623237450648,4.4504792332268375,0.7533802055164954,0.0169120464123474,0.070129449815492,1991-09-29,,bmo,,2025-04-25,1991-09-30,,9.9903125,742249.84375
1991-06-30,MAS,USD,62996,1991-06-30,1991-06-29 20:00:00,1991,Q2,778000000.0,544200000.0,233800000.0,0.3005141388,0,0.0,0.0,169000000.0,0.0,169000000.0,713200000.0,0.0,0.0,-8600000.0,56200000.0,0.0722365039,64800000.0,0.0832904884,-23900000.0,40900000.0,0.0525706941,16000000.0,24900000.0,0.0320051414,0.09,0.09,276666667,276666667,,,2.8120481893830744,0.0899999998915662,0.3267469875581361,0.2389156623627522,0.0567469878834373,6.593493967959646,4.312409633358542,6.593493967959646,5.453132523550443,2783266670.02,4276266670.02,27.94444447811245,3.577463586143959,30.78834811969027,42.10690877488653,1.525746447768885,1.525746447768885,5.496486722390745,76.0901542708185,47.30383484535398,64.6938981848714,0.0089463220568157,0.0237490718054425,0.8270474728648175,0.4006958461701901,26.565836298932386,2.772529521441889,0.0,3.6305220883534135,0.0074013748743134,0.8273092369477911,0.0,0.0,0.1676139381706151,0.2688053097345133,0.0312339331619537,0.0,0.0,3.654014951944196,0.0114601344260301,0.0079448645544175,-4.2323493924911455,855600000.0,1193100000.0,-602700000.0,2471700000.0,519550000.0,115800000.0,742450000.0,59.760925449871465,19.432194046306503,121.35611907386988,1.5060007742934571,4.631489361702128,0.741618969746525,0.013649819098783,0.0878313251953839,1991-06-29,,bmo,,2025-04-25,1991-06-30,,10.17328125,711353.140625
1991-03-31,MAS,USD,62996,1991-03-31,1991-03-30 19:00:00,1991,Q1,753000000.0,525800000.0,227200000.0,0.3017264276,0,0.0,0.0,163600000.0,0.0,163600000.0,689400000.0,0.0,0.0,3500000.0,63600000.0,0.0844621514,63600000.0,0.0844621514,-36000000.0,27600000.0,0.0366533865,10800000.0,16800000.0,0.022310757,0.06,0.06,280000000,280000000,,,2.6892857142857145,0.06,-0.1125,-0.2114285714285714,0.1864285714285714,6.331428571428572,4.0582142857142856,6.331428571428572,5.761428571428572,2830800000.0,4391800000.0,42.125,3.7593625498007968,-89.86666666666666,-47.817567567567565,1.5967960288808662,1.5967960288808662,5.832403718459496,69.05345911949685,-139.42222222222222,-74.1858108108108,0.0059347181008902,-0.0209128161650416,0.9099729241877256,0.4250968404964558,24.544025157232703,2.768880079286422,0.0,-1.875,0.0073477462201497,1.238095238095238,0.0,0.0,0.1677251047458431,-0.8793650793650793,0.0367861885790172,0.0,0.0,2.9235985653691534,0.011097332228253,0.0053191489361702,-4.294553571428572,892400000.0,1136300000.0,-625200000.0,2507400000.0,501500000.0,120400000.0,752250000.0,62.450199203187246,19.530239634842147,128.56409281095475,1.4411483253588515,4.608238387379492,0.7000399414192517,0.0094765342960288,0.0989285714285714,1991-03-30,,bmo,,2025-04-25,1991-03-31,,9.09672131147541,742714.7704918033
1990-12-31,MAS,USD,62996,1990-12-31,1990-12-30 19:00:00,1990,Q4,767000000.0,452800000.0,314200000.0,0.4096479791,0,0.0,0.0,170700000.0,93500000.0,264200000.0,717000000.0,0.0,0.0,33500000.0,50000000.0,0.0651890482,50000000.0,0.0651890482,-68500000.0,-18500000.0,-0.0241199478,16500000.0,-35000000.0,-0.0456323338,-0.12,-0.12,292219680,302142857,,,2.6247376631170085,-0.119772905096604,0.417494126336734,0.2309906026863077,0.1748684414410418,6.070775246896445,3.876193417226383,6.070775246896445,5.249817534534293,2200414190.4,3683414190.4,-15.717244217142856,2.8688581361147327,18.03618188852459,32.598728746666666,1.2403687657271705,1.2403687657271705,4.80236530691004,73.668283808,30.191919593442623,54.56909911703704,-0.0159060962943697,0.0306760428534273,0.8647688838782412,0.4079293748504268,29.66,2.474084813338166,0.0,-3.4857142857142858,0.0088619679354345,-0.5571428571428572,0.0,0.0,0.1705267636344297,0.4467213114754098,0.0710560625814863,0.0,0.0,,0.027750929854371,-0.0112201064307238,-4.101452030883067,813400000.0,1132700000.0,-621500000.0,2424800000.0,542600000.0,126000000.0,753700000.0,56.38200782268579,25.183303886925795,149.7482332155477,1.5962539021852238,3.57379636937648,0.6010087602867002,-0.0197294250281848,0.1865035236504262,1990-12-30,,bmo,,2025-04-25,1990-12-31,,7.0717187500000005,662415.59375
1990-09-30,MAS,USD,62996,1990-09-30,1990-09-29 20:00:00,1990,Q3,807000000.0,558800000.0,248200000.0,0.30755886,0,0.0,0.0,152900000.0,0.0,152900000.0,711700000.0,0.0,0.0,-1300000.0,94000000.0,0.1164807931,95300000.0,0.1180916976,-34300000.0,61000000.0,0.0755885998,18700000.0,42300000.0,0.0524163569,0.14,0.14,302142857,302142857,,,2.67092198707845,0.1400000000661938,0.1075650118711891,-0.0043026004748475,0.1141843972171084,6.177541374079216,4.081182035026564,6.177541374079216,5.042316787254051,2241899998.94,3730899998.94,13.249999993735226,2.7780669131846345,68.98153842892307,-1724.538460723077,1.2011250998874898,1.2011250998874898,4.623172241561338,39.6904255206383,114.79692304430768,-2869.9230761076924,0.0188679245372228,-0.0005798652931061,0.8162335922850255,0.3976976088545473,15.840425531914894,2.803973509933775,0.0,0.7683215130023641,0.0095008698024313,0.5035460992907801,0.0,0.0,0.1653440534614179,1.04,0.0418835192069392,0.0,0.0,4.411264596184423,0.0189594566121221,0.0132294989679114,-3.638262413067737,953400000.0,1233100000.0,-482400000.0,2524600000.0,598500000.0,125650000.0,751850000.0,67.43866171003718,20.180744452397995,121.4387974230494,1.3345460558954854,4.459696727853152,0.7411140583554376,0.0226627377444414,0.1118676123460366,1990-09-29,,bmo,,2025-04-25,1990-09-30,,9.295396825396825,753677.4920634921
1990-06-30,MAS,USD,62996,1990-06-30,1990-06-29 20:00:00,1990,Q2,825000000.0,557200000.0,267800000.0,0.3246060606,0,0.0,0.0,156500000.0,0.0,156500000.0,713700000.0,0.0,0.0,-5300000.0,106000000.0,0.1284848485,111300000.0,0.1349090909,-21600000.0,89700000.0,0.1087272727,28000000.0,61700000.0,0.0747878788,0.2,0.2,308500000,308500000,,,2.674230145867099,0.2,0.1828200972447325,0.0625607779578606,0.1085899513776337,6.377309562398703,4.319286871961102,6.377309562398703,4.525121555915721,3322545000.0,4685045000.0,13.4625,4.027327272727272,58.910372340425525,172.15259067357513,1.6887999390057944,1.6887999390057944,5.678842424242424,44.19853773584906,83.06817375886524,242.7484455958549,0.0185701021355617,0.0058088001817883,0.7095659245704992,0.3689412759659601,12.85377358490566,2.9555904892906266,0.0,0.9141004862236628,0.0061097742844716,0.3290113452188006,0.0,0.0,0.1677942808816533,0.6578014184397163,0.0449696969696969,0.0,0.0,5.357041443818982,0.0221462943919731,0.019594143986789,-3.1242301458670987,995200000.0,1332500000.0,-312300000.0,2550100000.0,600050000.0,131300000.0,729850000.0,64.61454545454546,20.35175879396985,121.0929648241206,1.392875232145872,4.422222222222223,0.7432306255835668,0.031361187353868,0.1202593192868719,1990-06-29,,bmo,,2025-04-25,1990-06-30,,10.983968253968252,601687.6984126985
1990-03-31,MAS,USD,62996,1990-03-31,1990-03-30 19:00:00,1990,Q1,810000000.0,547200000.0,262800000.0,0.3244444444,0,0.0,0.0,156600000.0,0.0,156600000.0,703800000.0,0.0,0.0,-25800000.0,80400000.0,0.0992592593,106200000.0,0.1311111111,-2500000.0,103700000.0,0.1280246914,33900000.0,69800000.0,0.0861728395,0.23,0.23,303478261,303478261,,,2.669054440113587,0.2299999999011461,-0.0204297994181533,-0.1528939827423091,0.0929226360632137,6.229770770961417,4.191404009659855,6.229770770961417,4.325515757453217,3435373914.52,4719873914.52,12.304347831375358,4.2412023636049385,-554.0925668580645,-74.0382309163793,1.817081304622871,1.817081304622871,5.827004832740741,58.70489943432836,-761.2699862129033,-101.72142057155172,0.0203180211926807,-0.0135065355779425,0.694329842378081,0.3578594405975683,15.97636815920398,2.728595411303861,0.0,-0.0888252148997134,0.0058217825766993,0.2865329512893982,0.0,0.0,0.1686385693255547,-6.483870967741935,0.0496296296296296,0.0,0.0,5.677945378908554,0.02169496454194,0.0228882476390346,-3.092643265146428,926700000.0,1272000000.0,-314800000.0,2423400000.0,560350000.0,132200000.0,711150000.0,67.53333333333333,22.467105263157897,116.77631578947368,1.332675222112537,4.0058565153733525,0.7707042253521127,0.0369194964561514,0.1324641833241558,1990-03-30,,bmo,,2025-04-25,1990-03-31,,10.90095238095238,584002.3333333334
1989-12-31,MAS,USD,62996,1989-12-31,1989-12-30 19:00:00,1989,Q4,781500000.0,481900000.0,299600000.0,0.3833653231,0,0.0,0.0,144000000.0,89100000.0,233100000.0,715000000.0,0.0,0.0,16100000.0,66500000.0,0.0850927703,66500000.0,0.0850927703,-46000000.0,20500000.0,0.0262316059,14200000.0,6300000.0,0.0080614203,0.0202,0.0202,311463564,312000000,,,2.5091217411228235,0.0202270850531974,0.3159278046404169,0.104988203371358,0.1492951515831238,5.966669025851126,3.9507028822157833,5.966669025851126,4.254430222855858,3422984568.36,4701584568.360001,135.83272096666667,4.380018641535509,34.786428540243904,104.67842716697248,1.8418987130650024,1.8418987130650024,6.016103094510558,70.70051982496241,47.7803309792683,143.77934459816515,0.0018404990949224,0.0095530667307878,0.7130327163151098,0.3639584706657877,19.22706766917293,2.582576459684893,0.0,15.61904761904762,0.0058720685409429,3.1904761904761907,0.0,0.0,0.172462096242584,0.6676829268292683,0.0840690978886756,0.0,0.0,1.6478735516048586,0.006243610340295,0.0020910086627501,-3.194835977668322,853800000.0,1230500000.0,-389100000.0,2362400000.0,523400000.0,127150000.0,710750000.0,59.067178502879074,23.86802241128865,133.02967420626686,1.523688828231624,3.770735524256651,0.6765407833777902,0.0033900129143349,0.2109396012690588,1989-12-30,,bmo,,2025-04-25,1989-12-31,,,
1989-09-30,MAS,USD,62996,1989-09-30,1989-09-29 20:00:00,1989,Q3,793000000.0,548800000.0,244200000.0,0.3079445145,0,0.0,0.0,139400000.0,0.0,139400000.0,688200000.0,0.0,0.0,-12900000.0,91900000.0,0.115889029,104800000.0,0.1321563682,-15700000.0,89100000.0,0.1123581337,26700000.0,62400000.0,0.0786885246,0.2,0.2,312000000,312000000,,,2.5416666666666665,0.2,,,0.1365384615384615,5.88974358974359,3.917307692307692,5.88974358974359,4.188461538461539,3566160000.0,4830360000.0,14.2875,4.497049180327869,0.0,0.0,1.9406617326948192,1.9406617326948192,6.09124842370744,52.56104461371056,0.0,0.0,0.0174978127734033,,0.7111449717022202,0.3644476671221798,13.756256800870512,2.629469326307866,0.0,0.0,0.0049972003499562,0.28559,0.0,0.0,0.1716261817776166,0.0,,0.0,,5.148188628425163,0.0227469429725674,0.021007978992021,-3.0463942307692307,865900000.0,1222200000.0,-350800000.0,2318500000.0,,,,60.59394703656998,20.74526239067055,116.30466472303206,1.485296872073422,4.338339920948616,0.7738296672306825,0.0339573356552024,,1989-09-29,,bmo,,2025-04-25,1989-09-30,,,
1989-06-30,MAS,USD,62996,1989-06-30,1989-06-29 20:00:00,1989,Q2,791000000.0,0.0,791000000.0,1.0,0,0.0,0.0,0.0,0.0,0.0,0.0,0.0,0.0,0.0,791000000.0,1.0,791000000.0,1.0,-791000000.0,0.0,0.0,0.0,0.0,0.0,0.25,0.25,311788000,311788000,,,2.5369802558148487,0.0,,,,,,,,4025183080.0,,0.0,5.088727029077117,0.0,0.0,0.0,0.0,,,0.0,0.0,0.0,,0.0,0.0,,0.0,0.0,0.0,0.0040839659178931,0.0,0.0,0.0,0.0,0.0,,0.0,,,0.0,0.0,,,,,,,,,,0.0,0.0,0.0,0.0,0.0,0.0,,1989-06-29,,bmo,,2025-04-25,1989-06-30,,,
1989-03-31,MAS,USD,62996,1989-03-31,1989-03-30 19:00:00,1989,Q1,659000000.0,0.0,659000000.0,1.0,0,0.0,0.0,0.0,0.0,0.0,0.0,0.0,0.0,0.0,659000000.0,1.0,659000000.0,1.0,-659000000.0,0.0,0.0,0.0,0.0,0.0,0.25,0.25,274620000,274620000,,,2.399679557206321,0.0,,,,,,,,3078490200.0,,0.0,4.671457056145675,0.0,0.0,0.0,0.0,,,0.0,0.0,0.0,,0.0,0.0,,0.0,0.0,0.0,0.0047033006244424,0.0,0.0,0.0,0.0,0.0,,0.0,,,0.0,0.0,,,,,,,,,,0.0,0.0,0.0,0.0,0.0,0.0,,1989-03-30,,bmo,,2025-04-25,1989-03-31,,,
1988-12-31,MAS,USD,62996,1988-12-31,1988-12-30 19:00:00,1988,Q4,609600000.0,0.0,609600000.0,1.0,0,0.0,0.0,0.0,-2042400000.0,-2042400000.0,-2042400000.0,0.0,0.0,0.0,-1432800000.0,-2.3503937008,-1432800000.0,-2.3503937008,1432800000.0,0.0,0.0,0.0,0.0,0.0,0.18,0.18,273620000,275536000,,,2.2279073167166143,0.0,,,0.5229880856662524,5.65053724142972,3.553102843359404,5.65053724142972,3.834880491192164,3050863000.0,3957063000.0,0.0,5.004696522309711,0.0,0.0,1.9732636957505985,1.9732636957505985,6.491245078740158,-2.7617692629815744,0.0,0.0,0.0,,0.6786753767544144,0.3498599626567084,-0.6324678950307091,3.0127084988085784,0.0,0.0,0.0047286098654708,0.0,0.0,0.0,0.1913510269405174,0.0,,0.0,,0.0,,0.0,-2.7613113076529494,760200000.0,972200000.0,-315200000.0,1986200000.0,,,,54.92125984251969,0.0,0.0,1.6387096774193548,0.0,0.0,0.0,,1988-12-30,,bmo,,2025-04-25,1988-12-31,,,
1988-09-30,MAS,USD,62996,1988-09-30,1988-09-29 20:00:00,1988,Q3,614000000.0,0.0,614000000.0,1.0,0,0.0,0.0,0.0,0.0,0.0,0.0,0.0,0.0,0.0,614000000.0,1.0,614000000.0,1.0,-614000000.0,0.0,0.0,0.0,0.0,0.0,0.27,0.27,275536000,275536000,,,2.228383949828697,0.0,,,,,,,,3223771200.0,,0.0,5.250441693811075,0.0,0.0,0.0,0.0,,,0.0,0.0,0.0,,0.0,0.0,,0.0,0.0,0.0,0.0045063247863247,0.0,0.0,0.0,0.0,0.0,,0.0,,,0.0,0.0,,,,,,,,,,0.0,0.0,0.0,0.0,0.0,0.0,,1988-09-29,,bmo,,2025-04-25,1988-09-30,,,
1988-06-30,MAS,USD,62996,1988-06-30,1988-06-29 20:00:00,1988,Q2,616000000.0,0.0,616000000.0,1.0,0,0.0,0.0,0.0,0.0,0.0,0.0,0.0,0.0,0.0,616000000.0,1.0,616000000.0,1.0,-616000000.0,0.0,0.0,0.0,0.0,0.0,0.3,0.3,265508000,265508000,,,2.320080750862497,0.0,,,,,,,,3443638760.0,,0.0,5.590322662337663,0.0,0.0,0.0,0.0,,,0.0,0.0,0.0,,0.0,0.0,,0.0,0.0,0.0,0.0033875867386276,0.0,0.0,0.0,0.0,0.0,,0.0,,,0.0,0.0,,,,,,,,,,0.0,0.0,0.0,0.0,0.0,0.0,,1988-06-29,,bmo,,2025-04-25,1988-06-30,,,
1988-03-31,MAS,USD,62996,1988-03-31,1988-03-30 19:00:00,1988,Q1,556000000.0,0.0,556000000.0,1.0,0,0.0,0.0,0.0,0.0,0.0,0.0,0.0,0.0,0.0,556000000.0,1.0,556000000.0,1.0,-556000000.0,0.0,0.0,0.0,0.0,0.0,0.3,0.3,265180000,265180000,,,2.096689041405837,0.0,,,,,,,,3073436200.0,,0.0,5.527762949640287,0.0,0.0,0.0,0.0,,,0.0,0.0,0.0,,0.0,0.0,,0.0,0.0,0.0,0.0037909404659188,0.0,0.0,0.0,0.0,0.0,,0.0,,,0.0,0.0,,,,,,,,,,0.0,0.0,0.0,0.0,0.0,0.0,,1988-03-30,,bmo,,2025-04-25,1988-03-31,,,
1987-12-31,MAS,USD,62996,1987-12-31,1987-12-30 19:00:00,1987,Q4,543300000.0,0.0,543300000.0,1.0,0,0.0,0.0,0.0,-1667200000.0,-1667200000.0,-1667200000.0,0.0,0.0,0.0,-1123900000.0,-2.0686545187,-1123900000.0,-2.0686545187,1123900000.0,0.0,0.0,0.0,0.0,0.0,0.12,0.12,264680000,264680000,,,2.05266737192081,0.0,,,1.1504458213692006,5.179461991839202,2.986247544204322,5.179461991839202,4.456324618407133,2517106800.0,3392106800.0,0.0,4.632996134732192,0.0,0.0,1.8360980377853968,1.8360980377853968,6.243524387999264,-3.018157131417386,0.0,0.0,0.0,,0.8603836895470129,0.4138451282411143,-0.7785390159266838,2.287050509249636,0.0,0.0,0.0046200841219768,0.0,0.0,0.0,0.2036770639626679,0.0,,0.0,,0.0,,0.0,-2.6569820160193443,619200000.0,790400000.0,-378900000.0,1815000000.0,,,,54.798453892876864,0.0,0.0,1.6423821039903266,0.0,0.0,0.0,,1987-12-30,,bmo,,2025-04-25,1987-12-31,,,
1987-09-30,MAS,USD,62996,1987-09-30,1987-09-29 20:00:00,1987,Q3,541000000.0,0.0,541000000.0,1.0,0,0.0,0.0,0.0,0.0,0.0,0.0,0.0,0.0,0.0,541000000.0,1.0,541000000.0,1.0,-541000000.0,0.0,0.0,0.0,0.0,0.0,0.25,0.25,264680000,264680000,,,2.043977633368596,0.0,,,,,,,,3753162400.0,,0.0,6.93745360443623,0.0,0.0,0.0,0.0,,,0.0,0.0,0.0,,0.0,0.0,,0.0,0.0,0.0,0.0030985190409026,0.0,0.0,0.0,0.0,0.0,,0.0,,,0.0,0.0,,,,,,,,,,0.0,0.0,0.0,0.0,0.0,0.0,,1987-09-29,,bmo,,2025-04-25,1987-09-30,,,
1987-06-30,MAS,USD,62996,1987-06-30,1987-06-29 20:00:00,1987,Q2,489000000.0,0.0,489000000.0,1.0,0,0.0,0.0,0.0,0.0,0.0,0.0,0.0,0.0,0.0,489000000.0,1.0,489000000.0,1.0,-489000000.0,0.0,0.0,0.0,0.0,0.0,0.25,0.25,264400000,264400000,,,1.8494704992435704,0.0,,,,,,,,4111420000.0,,0.0,8.407811860940695,0.0,0.0,0.0,0.0,,,0.0,0.0,0.0,,0.0,0.0,,0.0,0.0,0.0,0.0025429581993569,0.0,0.0,0.0,0.0,0.0,,0.0,,,0.0,0.0,,,,,,,,,,0.0,0.0,0.0,0.0,0.0,0.0,,1987-06-29,,bmo,,2025-04-25,1987-06-30,,,
1987-03-31,MAS,USD,62996,1987-03-31,1987-03-30 19:00:00,1987,Q1,450000000.0,0.0,450000000.0,1.0,0,0.0,0.0,0.0,0.0,0.0,0.0,0.0,0.0,0.0,450000000.0,1.0,450000000.0,1.0,-450000000.0,0.0,0.0,0.0,0.0,0.0,0.21,0.21,258440000,258440000,,,1.7412165299489244,0.0,,,,,,,,4401233200.0,,0.0,9.780518222222222,0.0,0.0,0.0,0.0,,,0.0,0.0,0.0,,0.0,0.0,,0.0,0.0,0.0,0.002321961244862,0.0,0.0,0.0,0.0,0.0,,0.0,,,0.0,0.0,,,,,,,,,,0.0,0.0,0.0,0.0,0.0,0.0,,1987-03-30,,bmo,,2025-04-25,1987-03-31,,,
1986-12-31,MAS,USD,62996,1986-12-31,1986-12-30 19:00:00,1986,Q4,450000000.0,0.0,450000000.0,1.0,0,0.0,0.0,0.0,-1188300000.0,-1188300000.0,-1188300000.0,0.0,0.0,0.0,-738300000.0,-1.6406666667,-738300000.0,-1.6406666667,738300000.0,0.0,0.0,0.0,0.0,0.0,0.2,0.2,257860000,257860000,,,1.745133017916699,0.0,,,0.8275808578298302,4.487318700069805,2.9969751027689444,4.487318700069805,3.1920421934383,3287715000.0,3897415000.0,0.0,7.306033333333334,0.0,0.0,2.8413404200155563,2.8413404200155563,8.660922222222222,-5.278904239469051,0.0,0.0,0.0,,0.7113473338518711,0.3697331776120743,-0.8258160639306515,3.752503576537911,0.0,0.0,0.0031014117647058,0.0,0.0,0.0,0.1726259994609648,0.0,,0.0,,0.0,,0.0,-1.9803381679981384,577200000.0,772800000.0,-282200000.0,1454400000.0,,,,52.2,0.0,0.0,1.7241379310344829,0.0,0.0,0.0,,1986-12-30,,bmo,,2025-04-25,1986-12-31,,,
1986-09-30,MAS,USD,62996,1986-09-30,1986-09-29 20:00:00,1986,Q3,367000000.0,0.0,367000000.0,1.0,0,0.0,0.0,0.0,0.0,0.0,0.0,0.0,0.0,0.0,367000000.0,1.0,367000000.0,1.0,-367000000.0,0.0,0.0,0.0,0.0,0.0,0.2,0.2,257860000,257860000,,,1.4232529279453967,0.0,,,,,,,,2792623800.0,,0.0,7.609329155313351,0.0,0.0,0.0,0.0,,,0.0,0.0,0.0,,0.0,0.0,,0.0,0.0,0.0,0.0036512465373961,0.0,0.0,0.0,0.0,0.0,,0.0,,,0.0,0.0,,,,,,,,,,0.0,0.0,0.0,0.0,0.0,0.0,,1986-09-29,,bmo,,2025-04-25,1986-09-30,,,
1986-06-30,MAS,USD,62996,1986-06-30,1986-06-29 20:00:00,1986,Q2,327000000.0,0.0,327000000.0,1.0,0,0.0,0.0,0.0,0.0,0.0,0.0,0.0,0.0,0.0,327000000.0,1.0,327000000.0,1.0,-327000000.0,0.0,0.0,0.0,0.0,0.0,0.2,0.2,257860000,257860000,,,1.2681299930194678,0.0,,,,,,,,3741548600.0,,0.0,11.442044648318042,0.0,0.0,0.0,0.0,,,0.0,0.0,0.0,,0.0,0.0,,0.0,0.0,0.0,0.0024223983459682,0.0,0.0,0.0,0.0,0.0,,0.0,,,0.0,0.0,,,,,,,,,,0.0,0.0,0.0,0.0,0.0,0.0,,1986-06-29,,bmo,,2025-04-25,1986-06-30,,,
1986-03-31,MAS,USD,62996,1986-03-31,1986-03-30 19:00:00,1986,Q1,308000000.0,0.0,308000000.0,1.0,0,0.0,0.0,0.0,0.0,0.0,0.0,0.0,0.0,0.0,308000000.0,1.0,308000000.0,1.0,-308000000.0,0.0,0.0,0.0,0.0,0.0,0.18,0.18,257240000,257240000,,,1.197325454828176,0.0,,,,,,,,3272092800.0,,0.0,10.623677922077922,0.0,0.0,0.0,0.0,,,0.0,0.0,0.0,,0.0,0.0,,0.0,0.0,0.0,0.002763286163522,0.0,0.0,0.0,0.0,0.0,,0.0,,,0.0,0.0,,,,,,,,,,0.0,0.0,0.0,0.0,0.0,0.0,,1986-03-30,,bmo,,2025-04-25,1986-03-31,,,
1985-12-31,MAS,USD,62996,1985-12-31,1985-12-30 19:00:00,1985,Q4,704900000.0,0.0,704900000.0,1.0,0,0.0,0.0,0.0,-954300000.0,-954300000.0,-954300000.0,0.0,0.0,0.0,-249400000.0,-0.3538090509,-249400000.0,-0.3538090509,249400000.0,0.0,0.0,0.0,0.0,0.0,0.35,0.35,232240000,232240000,,,3.0352221839476403,0.0,,,1.3494660695831897,4.215466758525663,4.215466758525663,4.215466758525663,2.7798828797795383,2055324000.0,2387524000.0,0.0,2.9157667754291388,0.0,0.0,2.09941164453524,2.09941164453524,3.387039296354093,-9.573071371291098,0.0,0.0,0.0,,0.6594484167517876,0.3552522973642216,-1.3319967923015237,4.550498753117207,0.0,0.0,0.003971638418079,0.0,0.0,0.0,0.0,0.0,,0.0,,0.0,,0.0,-1.1685110230795728,569500000.0,979000000.0,-108400000.0,912700000.0,,,,24.450276634983688,0.0,0.0,3.680939947780679,0.0,0.0,0.0,,1985-12-30,,bmo,,2025-04-25,1985-12-31,,,
1985-09-30,MAS,USD,62996,1985-09-30,1985-09-29 20:00:00,1985,Q3,155400000.0,0.0,155400000.0,1.0,0,0.0,0.0,0.0,0.0,0.0,0.0,0.0,0.0,0.0,155400000.0,1.0,155400000.0,1.0,-155400000.0,0.0,0.0,0.0,0.0,0.0,0.1,0.1,232240000,232240000,,,0.6691353771960041,0.0,,,,,,,,1639614400.0,,0.0,10.550929214929216,0.0,0.0,0.0,0.0,,,0.0,0.0,0.0,,0.0,0.0,,0.0,0.0,0.0,0.004356373937677,0.0,0.0,0.0,0.0,0.0,,0.0,,,0.0,0.0,,,,,,,,,,0.0,0.0,0.0,0.0,0.0,0.0,,1985-09-29,,bmo,,2025-04-25,1985-09-30,,,
