date,symbol,reportedCurrency,cik,fillingDate,acceptedDate,calendarYear,period,revenue,costOfRevenue,grossProfit,grossProfitRatio,researchAndDevelopmentExpenses,generalAndAdministrativeExpenses,sellingAndMarketingExpenses,sellingGeneralAndAdministrativeExpenses,otherExpenses,operatingExpenses,costAndExpenses,interestIncome,interestExpense,depreciationAndAmortization,ebitda,ebitdaratio,operatingIncome,operatingIncomeRatio,totalOtherIncomeExpensesNet,incomeBeforeTax,incomeBeforeTaxRatio,incomeTaxExpense,netIncome,netIncomeRatio,eps,epsdiluted,weightedAverageShsOut,weightedAverageShsOutDil,link,finalLink,revenuePerShare,netIncomePerShare,operatingCashFlowPerShare,freeCashFlowPerShare,cashPerShare,bookValuePerShare,tangibleBookValuePerShare,shareholdersEquityPerShare,interestDebtPerShare,marketCap,enterpriseValue,peRatio,priceToSalesRatio,pocfratio,pfcfRatio,pbRatio,ptbRatio,evToSales,enterpriseValueOverEBITDA,evToOperatingCashFlow,evToFreeCashFlow,earningsYield,freeCashFlowYield,debtToEquity,debtToAssets,netDebtToEBITDA,currentRatio,interestCoverage,incomeQuality,dividendYield,payoutRatio,salesGeneralAndAdministrativeToRevenue,researchAndDdevelopementToRevenue,intangiblesToTotalAssets,capexToOperatingCashFlow,capexToRevenue,capexToDepreciation,stockBasedCompensationToRevenue,grahamNumber,roic,returnOnTangibleAssets,grahamNetNet,workingCapital,tangibleAssetValue,netCurrentAssetValue,investedCapital,averageReceivables,averagePayables,averageInventory,daysSalesOutstanding,daysPayablesOutstanding,daysOfInventoryOnHand,receivablesTurnover,payablesTurnover,inventoryTurnover,roe,capexPerShare,report_date,epsEstimated,time,revenueEstimated,updatedFromDate,fiscalDateEnding,surprise(%),QuarterAvgPrice,QuarterAvgVolume
2024-12-31,MCK,USD,927653,2025-02-06,2025-02-05 17:35:47,2025,Q3,95294000000.0,92010000000.0,3284000000.0,0.0344617709,0,0.0,0.0,2028000000.0,32000000.0,1933000000.0,89982000000.0,0.0,67000000.0,153000000.0,1446000000.0,0.0151740928,1224000000.0,0.0128444603,2000000.0,1226000000.0,0.012865448,298000000.0,879000000.0,0.0092240855,6.98,6.94,126000000,126600000,https://www.sec.gov/Archives/edgar/data/927653/000092765325000014/0000927653-25-000014-index.htm,https://www.sec.gov/Archives/edgar/data/927653/000092765325000014/mck-20241231.htm,756.3015873015873,6.976190476190476,-18.91269841269841,-20.46825396825397,8.976190476190476,-21.46031746031746,-112.83333333333331,-24.47619047619047,77.96825396825396,71808660000.0,80434660000.0,20.42339590443686,0.7535485969735765,-30.13372219890893,-27.843606048856145,-23.284260700389105,-23.284260700389105,0.8440684618129158,55.62562932226832,-33.75352916491817,-31.188313299728577,0.0122408634278929,-0.0359148882599953,-3.163748378728924,0.1372659360447939,5.9654218533886585,0.8835251528294799,18.26865671641791,-2.44912641315519,0.0012811825203255,0.1046643913538111,0.0,0.0,0.1619701467340076,-0.0822492656315568,0.0020567926627069,-1.3066666666666666,0.0,,0.0566138792403515,0.0147562449637389,-328.2718253968254,-6821000000.0,-14217000000.0,-22044000000.0,8847000000.0,25550500000.0,51503000000.0,24006500000.0,24.39597456293156,48.60352135637431,23.31626997065536,3.689133212032055,1.8517176839944456,3.859965599697949,-0.2850194552529183,1.5555555555555556,2025-02-05,8.6,amc,96054811805.0,2025-05-05,2024-12-31,-0.0662790697674419,,
2024-09-30,MCK,USD,927653,2024-11-07,2024-11-07 16:09:20,2025,Q2,93651000000.0,90403000000.0,3248000000.0,0.0346819575,0,8902000000.0,-6399000000.0,2503000000.0,167000000.0,2670000000.0,93073000000.0,0.0,78000000.0,163000000.0,775000000.0,0.0082754055,578000000.0,0.0061718508,-44000000.0,534000000.0,0.0057020213,247000000.0,241000000.0,0.0025733842,1.87,1.86,128699999,129300000,https://www.sec.gov/Archives/edgar/data/927653/000092765324000125/0000927653-24-000125-index.htm,https://www.sec.gov/Archives/edgar/data/927653/000092765324000125/mck-20240930.htm,727.6690033229914,1.8725718871217707,16.317016443799663,17.614607751473255,19.494949646425404,-20.52836068786605,-111.12665199010608,-23.442113624258848,56.69774713828863,63631853505.58,68341853505.58,66.00814679002075,0.6794572776113442,30.30088262170476,28.0687487894045,-21.09110159283394,-21.09110159283394,0.7297503871350013,88.18303678139355,32.543739764561906,30.14638443122188,0.0037874112841749,0.0356268107104754,-2.392774279085184,0.0996700216764003,6.077419354838709,0.907607493491688,7.410256410256411,7.317073170731708,0.0012572319615518,0.3319502074688796,0.0950550447939691,0.0,0.1609852407184967,0.0795238095238095,0.0017832164098621,1.0245398773006136,0.0,,0.0222622860882117,0.0039658378449538,-322.622380129156,-5430000000.0,-14302000000.0,-21730000000.0,10086000000.0,24506500000.0,52510500000.0,24873500000.0,24.28484479610469,53.079322588852136,24.068227824297868,3.706015037593985,1.695575520003001,3.73936962276638,-0.0798806761683791,1.297591307673592,2024-11-06,6.88,amc,89330109066.0,2025-04-25,2024-09-30,0.0276162790697674,693.3435714285714,1197961.357142857
2024-06-30,MCK,USD,927653,2024-08-07,2024-08-07 17:30:32,2025,Q1,79283000000.0,76327000000.0,2956000000.0,0.0372841593,0,3896000000.0,-2001000000.0,1895000000.0,130000000.0,1895000000.0,78222000000.0,0.0,75000000.0,169000000.0,1320000000.0,0.0166492186,1061000000.0,0.0133824401,55000000.0,1084000000.0,0.0136725401,124000000.0,915000000.0,0.0115409356,7.05,7.0,129800000,130699999,https://www.sec.gov/Archives/edgar/data/927653/000092765324000098/0000927653-24-000098-index.htm,https://www.sec.gov/Archives/edgar/data/927653/000092765324000098/mck-20240630.htm,610.808936825886,7.049306625577812,-10.631741140215716,-11.91833590138675,17.750385208012325,-10.63944530046225,-104.34514637904468,-13.52080123266564,57.56548536209553,76106932000.0,81199932000.0,20.794243715847,0.9599401132651388,-55.14995072463768,-49.19646541693601,-43.36577321937322,-43.36577321937322,1.024178348447965,61.5151,-58.84053043478261,-52.48864382676148,0.0120225579451816,-0.0203266635422907,-4.214814814814815,0.1032091530626482,3.858333333333333,0.9258957366126804,14.146666666666668,-1.5081967213114753,0.0010774314224097,0.0896174863387978,0.0491404210234224,0.0,0.169708385656481,-0.1210144927536231,0.0021063784165584,0.9881656804733728,0.0,,0.0591744440021388,0.0153763422790596,-309.35477657935286,-4182000000.0,-13544000000.0,-20799000000.0,12073000000.0,22682500000.0,49400500000.0,23355000000.0,26.95243620952789,60.966106358169455,30.151715644529457,3.33921576885819,1.4762300789107226,2.9849047749403623,-0.5213675213675214,1.2865947611710324,2024-08-07,7.21,amc,82530734666.0,2025-04-25,2024-06-30,0.0929264909847434,618.3431666666668,822516.85
2024-03-31,MCK,USD,927653,2024-05-08,2024-05-07 17:35:09,2024,Q4,76355000000.0,72892000000.0,3463000000.0,0.0453539388,77000000,4361000000.0,-2189000000.0,2091000000.0,-64000000.0,2091000000.0,74983000000.0,118000000.0,80000000.0,160000000.0,1410000000.0,0.0184663742,1372000000.0,0.0179686988,-46000000.0,1170000000.0,0.0153231615,340000000.0,791000000.0,0.0103595049,6.05,6.01,130699999,131600000,https://www.sec.gov/Archives/edgar/data/927653/000092765324000035/0000927653-24-000035-index.htm,https://www.sec.gov/Archives/edgar/data/927653/000092765324000035/mck-20240331.htm,584.2004635363463,6.0520275902986045,31.7291509696186,29.67100252234891,35.08033691721757,-12.234124041577076,-105.89900616602146,-15.080336764195383,57.15378773644826,70119242463.51,72924242463.51,22.161581056735145,0.9183320340974396,16.90842596178201,18.081289959646725,-35.575465481232875,-35.575465481232875,0.9550683316549012,51.71932089610638,17.584818534726306,18.80460094469056,0.0112807835939134,0.0553057885931684,-3.7493658041603246,0.109574010646027,1.9893617021276595,0.9162098668754894,17.15,5.2427307206068265,0.0011694364787621,0.1036662452591656,0.0571147927444175,0.0010084473839303,0.1815162433462331,0.0648661683144441,0.0035230174841202,1.68125,0.0023836029074716,,0.0618910813493034,0.014329450553432,-288.22494482192,-4387000000.0,-13841000000.0,-21072000000.0,11900000000.0,22344000000.0,46898000000.0,21579500000.0,25.485953768580973,58.15082587938319,26.10039510508697,3.531356951253353,1.547699428838355,3.4482236624249016,-0.4013191273465246,2.05814844726969,2024-05-07,6.34,amc,79318344949.0,2025-04-25,2024-03-31,-0.0252365930599369,560.03546875,847262.453125
2023-12-31,MCK,USD,927653,2024-02-08,2024-02-07 17:33:42,2024,Q3,80898000000.0,77746000000.0,3152000000.0,0.0389626443,0,5012000000.0,-2506000000.0,2506000000.0,34000000.0,2506000000.0,80252000000.0,0.0,64000000.0,159000000.0,1318000000.0,0.0162921209,642000000.0,0.0079359193,-30000000.0,612000000.0,0.007565082,-18000000.0,589000000.0,0.0072807733,4.45,4.42,132500000,133300000,https://www.sec.gov/Archives/edgar/data/927653/000092765324000021/0000927653-24-000021-index.htm,https://www.sec.gov/Archives/edgar/data/927653/000092765324000021/mck-20231231.htm,610.5509433962264,4.445283018867925,1.9169811320754715,0.7547169811320755,14.958490566037735,-12.69433962264151,-103.78867924528302,-15.49433962264151,57.90188679245283,61344850000.0,66970850000.0,26.037712224108656,0.7582987218472644,241.51515748031497,613.4485,-29.880589381393083,-29.880589381393083,0.8278430863556577,50.81248103186646,263.6647637795276,669.7085,0.0096014579871007,0.0016301286905094,-3.705796395518753,0.1143853740678373,4.268588770864947,0.9221656568784964,10.03125,0.4031746031746032,0.0013530068131228,0.1409168081494057,0.0619545600632895,0.0,0.181471012749579,0.6062992125984252,0.0019036317337882,0.9685534591194968,0.0005562560261069,,0.0420703006519305,0.0108188530913632,-286.0566037735849,-4021000000.0,-13752000000.0,-20554000000.0,11929000000.0,22780000000.0,46747000000.0,21982500000.0,25.661202996365795,54.05950145345098,25.490700486198648,3.507240093644325,1.664832223388081,3.5306993642143505,-0.2868972235752557,1.1622641509433962,2024-02-07,7.04,amc,77934926430.0,2025-04-25,2023-12-31,0.0994318181818182,556.84015625,988695.828125
2023-09-30,MCK,USD,927653,2023-11-02,2023-11-01 17:34:34,2024,Q2,77215000000.0,74146000000.0,3069000000.0,0.0397461633,0,4184000000.0,-2092000000.0,2092000000.0,26000000.0,2092000000.0,76238000000.0,61000000.0,61000000.0,157000000.0,1296000000.0,0.0167843036,951000000.0,0.0123162598,-35000000.0,916000000.0,0.01186298,213000000.0,664000000.0,0.0085993654,4.95,4.93,134100000,134800000,https://www.sec.gov/Archives/edgar/data/927653/000092765323000083/0000927653-23-000083-index.htm,https://www.sec.gov/Archives/edgar/data/927653/000092765323000083/mck-20230930.htm,575.8016405667412,4.951528709917971,7.196122296793438,6.152125279642058,18.82177479492916,-10.917225950782996,-100.96942580164055,-13.631618195376584,55.01118568232662,58313385000.0,63105385000.0,21.95534073795181,0.7552079906753869,60.42837823834197,70.68289090909091,-31.90010120350109,-31.90010120350109,0.8172684711519782,48.69242669753086,65.39418134715027,76.49137575757575,0.0113867510863929,0.0141476952504129,-4.00218818380744,0.1106958587402218,3.697530864197531,0.9293018163333138,15.59016393442623,1.372688477951636,0.0012861541136739,0.1129518072289156,0.054186362753351,0.0,0.1827177679260413,0.1450777202072538,0.0018131192125882,0.89171974522293,0.0005957391698504,,0.0468310140334803,0.012292881606961,-277.3154362416107,-3616000000.0,-13540000000.0,-20024000000.0,12311000000.0,22177000000.0,45388500000.0,21227500000.0,26.21848086511688,56.800771450921154,26.63731017182316,3.432693162621143,1.584485521957474,3.3787195260879472,-0.3632385120350109,1.0439970171513795,2023-11-01,6.15,amc,75958900000.0,2025-04-25,2023-09-30,0.0130081300813008,556.6990476190476,684986.7301587302
2023-06-30,MCK,USD,927653,2023-08-02,2023-08-02 17:30:23,2024,Q1,74483000000.0,71461000000.0,3022000000.0,0.0405730167,0,3740000000.0,-1870000000.0,1870000000.0,38000000.0,1870000000.0,73331000000.0,47000000.0,47000000.0,217000000.0,1283000000.0,0.0172254071,1100000000.0,0.0147684707,-9000000.0,1091000000.0,0.0146476377,94000000.0,958000000.0,0.0128619954,7.07,7.01,135500000,136600000,https://www.sec.gov/Archives/edgar/data/927653/000092765323000062/0000927653-23-000062-index.htm,https://www.sec.gov/Archives/edgar/data/927653/000092765323000062/mck-20230630.htm,549.690036900369,7.070110701107011,-7.763837638376383,-8.678966789667896,19.45387453874539,-9.15129151291513,-99.12915129151293,-11.822878228782288,55.12915129151291,57900505000.0,62687505000.0,15.10973512526096,0.7773653719640723,-55.03850285171103,-49.23512329931973,-36.142637328339575,-36.142637328339575,0.8416350710900474,48.86009742790335,-59.58888307984791,-53.30570153061225,0.016545624256645,-0.020310703680391,-4.633583021223471,0.1158106590114827,3.731098986749805,0.940460947503201,23.404255319148938,-1.0551654964894683,0.0012780544832899,0.0772442588726513,0.0502128002362955,0.0,0.1902146779830254,-0.11787072243346,0.0016648094195991,0.779874213836478,0.0,,0.0615795494131104,0.0184571516646115,-266.0516605166052,-2883000000.0,-13432000000.0,-19797000000.0,13174000000.0,20635000000.0,43236000000.0,20100500000.0,26.41408106547803,55.39217195393291,25.830872783756178,3.4072735590118937,1.6247783184029831,3.4842028278888346,-0.5980024968789014,0.915129151291513,2023-08-02,5.87,amc,70280000000.0,2025-04-25,2023-06-30,0.2385008517887563,507.7326229508196,739130.4262295082
2023-03-31,MCK,USD,927653,2023-05-09,2023-05-08 17:46:40,2023,Q4,68910000000.0,65844000000.0,3066000000.0,0.0444928167,0,764000000.0,1200000000.0,1964000000.0,122000000.0,2086000000.0,67930000000.0,0.0,0.0,161000000.0,1172000000.0,0.0170076912,980000000.0,0.0142214483,-48000000.0,932000000.0,0.0135248875,106000000.0,787000000.0,0.0114206937,5.75,5.7,136900000,138000000,https://www.sec.gov/Archives/edgar/data/927653/000092765323000038/0000927653-23-000038-index.htm,https://www.sec.gov/Archives/edgar/data/927653/000092765323000038/mck-20230331.htm,503.3601168736304,5.7487216946676405,24.287801314828343,22.95836376917458,34.1709276844412,-10.883856829802776,-100.17531044558072,-13.564645726807887,53.28707085463842,48743245000.0,51360245000.0,15.48387706480305,0.7073464664054564,14.659622556390977,15.508509385937003,-26.248381798599898,-26.248381798599898,0.7453235379480482,43.82273464163823,15.44669022556391,16.341153356665608,0.0161458269756147,0.0644807295862226,-3.928379106085083,0.1170571245186136,2.2329351535836177,0.9235773713952082,0.0,4.02542372881356,0.0015591904067938,0.096569250317662,0.0110869249746045,0.0,0.1961489088575096,0.0547368421052631,0.0026411261065157,1.1304347826086956,0.0,,0.0555688274172865,0.0157098371127435,-253.68151935719504,-3665000000.0,-13714000000.0,-19518000000.0,12371000000.0,19973500000.0,42364000000.0,20174000000.0,25.35045711797997,58.0781848004374,26.91498086386003,3.5502318392581143,1.549635208284302,3.343862678380986,-0.42380183091007,1.329437545653762,2023-05-08,7.17,amc,68082800000.0,2025-04-25,2023-03-31,0.00278940027894,454.7336507936509,816936.5396825396
2022-12-31,MCK,USD,927653,2023-02-02,2023-02-01 17:36:25,2023,Q3,70490000000.0,67316000000.0,3174000000.0,0.0450276635,0,3806000000.0,-1903000000.0,1903000000.0,276000000.0,1903000000.0,69219000000.0,69000000.0,69000000.0,205000000.0,1722000000.0,0.024428997,1241000000.0,0.0176053341,207000000.0,1448000000.0,0.0205419208,329000000.0,1079000000.0,0.0153071358,7.71,7.65,139900000,141000000,https://www.sec.gov/Archives/edgar/data/927653/000092765323000017/0000927653-23-000017-index.htm,https://www.sec.gov/Archives/edgar/data/927653/000092765323000017/mck-20221231.htm,503.8598999285203,7.7126518942101505,11.922802001429591,10.822015725518227,19.82844889206576,-14.932094353109363,-102.18727662616156,-17.548248749106506,58.92780557541101,52479288000.0,57880288000.0,12.15924189063948,0.74449266562633,31.46240287769784,34.66267371202114,-21.376492057026475,-21.376492057026475,0.8211134629025394,33.6122462253194,34.700412470023984,38.23004491413474,0.0205604923603384,0.0288494767688159,-3.329938900203666,0.1304035731376615,3.136469221835076,0.9302378869308005,17.985507246376812,1.4892857142857143,0.0014672455159833,0.0713623725671918,0.0539934742516669,0.0,0.1947200510448237,0.092326139088729,0.0021847070506454,1.0405405405405406,0.0,,0.058876079474709,0.0213735316839332,-259.28341672623304,-3349000000.0,-14296000000.0,-20122000000.0,12651000000.0,20323000000.0,41620500000.0,20266500000.0,26.221166122854303,56.47126983183789,27.61795115574306,3.432341627306812,1.5937307637672238,3.258750060512175,-0.4395112016293279,1.1007862759113654,2023-02-01,6.35,amc,71044037469.0,2025-04-25,2022-12-31,0.0866141732283465,421.4236507936508,777442.5238095238
2022-09-30,MCK,USD,927653,2022-11-02,2022-11-01 17:37:42,2023,Q2,70157000000.0,67062000000.0,3095000000.0,0.0441153413,0,0.0,1950000000.0,1950000000.0,175000000.0,1950000000.0,69012000000.0,55000000.0,55000000.0,214000000.0,1513000000.0,0.0215659164,1124000000.0,0.0160212096,120000000.0,1244000000.0,0.017731659,271000000.0,926000000.0,0.013198968,6.47,6.43,143100000,144100000,https://www.sec.gov/Archives/edgar/data/927653/000092765322000097/0000927653-22-000097-index.htm,https://www.sec.gov/Archives/edgar/data/927653/000092765322000097/mck-20220930.htm,490.26554856743536,6.47099930118798,7.735849056603773,6.883298392732355,20.37735849056604,-8.72816212438854,-86.37316561844864,-12.348008385744237,50.78266946191474,48635397000.0,52931397000.0,13.130506749460045,0.6932365551548669,43.93441463414634,49.376037563451774,-27.52427674023769,-27.52427674023769,0.7544706444118192,34.98439986781229,47.815173441734416,53.73745888324873,0.0190396307446611,0.0202527389670531,-4.081494057724957,0.1143291957958814,2.8393919365499007,0.9605227785015612,20.43636363636364,1.1447776628748707,0.0013981586291975,0.0734341252699784,0.0,0.0,0.1761386154309538,0.1102077687443541,0.0017389569109283,0.8079470198675497,0.0,,0.0546322072520307,0.0178179719068693,-254.32739343116705,-1909000000.0,-12360000000.0,-17882000000.0,12821000000.0,20004500000.0,40355500000.0,19690500000.0,25.796570548911728,55.02773552831707,26.67442068533596,3.488835844646676,1.6355388630100236,3.3740189172871804,-0.5240520656479909,0.8525506638714185,2022-11-01,6.09,amc,70247544699.0,2025-04-25,2022-09-30,-0.0049261083743842,384.3543548387097,923154.1774193548
2022-06-30,MCK,USD,927653,2022-08-04,2022-08-03 17:35:58,2023,Q1,67154000000.0,64131000000.0,3023000000.0,0.0450159335,0,0.0,1959000000.0,1959000000.0,15000000.0,1959000000.0,66090000000.0,0.0,45000000.0,211000000.0,1262000000.0,0.0187926259,1036000000.0,0.015427227,-30000000.0,1006000000.0,0.0149804926,199000000.0,768000000.0,0.0114363999,5.33,5.26,144200000,145900000,https://www.sec.gov/Archives/edgar/data/927653/000092765322000077/0000927653-22-000077-index.htm,https://www.sec.gov/Archives/edgar/data/927653/000092765322000077/mck-20220630.htm,465.7004160887656,5.325936199722608,-6.5256588072122055,-7.219140083217753,15.485436893203884,-10.208044382801663,-88.87656033287101,-13.897364771151178,51.851595006934815,47039482000.0,52238482000.0,15.312331380208333,0.7004717812788516,-49.98882252922422,-45.18682228626321,-23.47279540918164,-23.47279540918164,0.7778908479018376,41.3934088748019,-55.51379596174283,-50.1810585975024,0.0163267104004249,-0.0221303457380759,-3.708582834331337,0.1193033148727827,4.119651347068146,0.9614838668672274,23.022222222222226,-1.1631644004944377,0.0015093703625392,0.0924479166666666,0.0,0.0,0.1821012922385424,-0.106269925611052,0.0014891145724752,0.6756756756756757,0.0,,0.0504317984320546,0.0150733057251084,-255.59292649098475,-1818000000.0,-12816000000.0,-18384000000.0,13207000000.0,19241500000.0,38897000000.0,19103500000.0,26.670041993030942,55.72531225148524,27.372877391589093,3.374572864321608,1.6150649743124812,3.2879261727762112,-0.3832335329341317,0.6934812760055479,2022-08-03,5.28,amc,64917421785.0,2025-04-25,2022-06-30,0.1041666666666666,361.2090322580645,986369.8064516129
2022-03-31,MCK,USD,927653,2022-05-09,2022-05-09 08:15:36,2022,Q4,66102000000.0,62784000000.0,3318000000.0,0.0501951529,70000000,6210000000.0,-7432000000.0,2531000000.0,57000000.0,2531000000.0,65315000000.0,10000000.0,43000000.0,205000000.0,895000000.0,0.0135396811,844000000.0,0.0127681462,-197000000.0,647000000.0,0.0097879035,240000000.0,368000000.0,0.0055671538,2.5,2.47,147200000,149200000,https://www.sec.gov/Archives/edgar/data/927653/000092765322000051/0000927653-22-000051-index.htm,https://www.sec.gov/Archives/edgar/data/927653/000092765322000051/mck-20220331.htm,449.0625,2.5,19.612771739130437,18.55978260869565,24.20516304347826,-12.173913043478262,-90.36684782608695,-15.434782608695652,51.52853260869565,45062336000.0,49072336000.0,30.613,0.6817091162143354,15.60870661586422,16.49426647144949,-19.833774647887324,-19.833774647887324,0.7423729387915645,54.82942569832402,16.99769172151022,17.962055636896046,0.008166465227191,0.0606271277192553,-3.319542253521127,0.1191506840658472,4.4804469273743015,0.9538851978706724,19.627906976744185,7.128395061728395,0.0015755951932895,0.1929347826086956,0.0939457202505219,0.0010589694714229,0.1818382887295017,0.0536889504676134,0.0023448609724365,0.9567901234567902,0.0024356297842727,,0.0327226049825793,0.0071058932571252,-259.77411684782606,-2235000000.0,-13302000000.0,-18859000000.0,12915000000.0,18469000000.0,37634500000.0,18863000000.0,25.30135245529636,54.59575688073394,26.809059633027523,3.5571221008448584,1.6484797563409126,3.3570741097208856,-0.1619718309859155,1.0529891304347827,2022-05-05,6.06,amc,63675887601.0,2025-04-25,2022-03-31,-0.0379537953795378,372.9690476190476,1046895.1428571428
2021-12-31,MCK,USD,927653,2022-02-03,2022-02-02 17:41:12,2022,Q3,68614000000.0,65186000000.0,3428000000.0,0.0499606494,0,6210000000.0,-3105000000.0,3105000000.0,20000000.0,3105000000.0,68291000000.0,0.0,41000000.0,231000000.0,549000000.0,0.0080012825,298000000.0,0.004343137,-21000000.0,277000000.0,0.004037077,238000000.0,-7000000.0,-0.00010202,-0.0462,-0.0462,151600000,151600000,https://www.sec.gov/Archives/edgar/data/927653/000092765322000017/0000927653-22-000017-index.htm,https://www.sec.gov/Archives/edgar/data/927653/000092765322000017/mck-20211231.htm,452.598944591029,-0.046174142480211,9.08311345646438,8.41688654353562,18.16622691292876,-5.191292875989446,-81.65567282321899,-8.403693931398417,53.12664907651715,37683212000.0,42942212000.0,-1345.829,0.549205876351765,27.36616702977487,29.53229780564263,-29.57865934065934,-29.57865934065934,0.6258520418573469,78.21896539162113,31.185339143064635,33.65377115987461,-0.0001857591120417,0.0338612324236055,-6.289638932496075,0.1257769824825767,9.579234972677597,0.979895473320408,7.268292682926829,35.30769230769231,0.0019106651524291,-10.285714285714286,0.0905063106654618,0.0,0.1819551704652477,0.0733478576615831,0.0014720027982627,0.5459459459459459,0.0,,0.0023766103262921,-0.0001343157571571,-253.71207124010556,-954000000.0,-12379000000.0,-17997000000.0,14283000000.0,19247500000.0,38052500000.0,19183000000.0,24.075990322674677,51.33725032982542,26.26576258705857,3.7381639880141657,1.7531129817389668,3.426513877207737,0.0054945054945054,0.6662269129287599,2022-02-02,5.38,amc,66624778953.0,2025-04-25,2021-12-31,0.1431226765799257,347.14640625,964347.484375
2021-09-30,MCK,USD,927653,2021-11-02,2021-11-01 17:41:12,2022,Q2,66576000000.0,63224000000.0,3352000000.0,0.0503484739,0,5338000000.0,-2669000000.0,2669000000.0,139000000.0,2669000000.0,65893000000.0,0.0,45000000.0,257000000.0,744000000.0,0.0111751983,539000000.0,0.0080960106,-97000000.0,442000000.0,0.0066390291,132000000.0,267000000.0,0.0040104542,1.73,1.71,154100000,155800000,https://www.sec.gov/Archives/edgar/data/927653/000092765321000098/0000927653-21-000098-index.htm,https://www.sec.gov/Archives/edgar/data/927653/000092765321000098/mck-20210930.htm,432.03114860480207,1.7326411421155097,11.62881245944192,10.850097339390006,13.958468526930565,-0.5645684620376379,-77.51460090850097,-3.705386112913693,51.8040233614536,30724458000.0,36511458000.0,28.768219101123595,0.4614945025234319,17.14534486607143,18.375872009569377,-53.808157618213656,-53.808157618213656,0.5484177180966114,49.074540322580646,20.374697544642856,21.83699641148325,0.0086901451605753,0.0544191861740897,-13.901926444833624,0.1248093583434222,7.778225806451613,0.989256646771568,11.977777777777778,5.780645161290322,0.0021155784098778,0.2434456928838951,0.0801790434991588,0.0,0.186443609377211,0.0669642857142857,0.0018024513338139,0.6153846153846154,0.0,,0.0207015866714936,0.0051601182768683,-238.55288773523685,-495000000.0,-11945000000.0,-18108000000.0,15353000000.0,20169000000.0,38655500000.0,19679000000.0,27.22602739726027,55.405858534733646,27.533531570289764,3.3056603773584907,1.6243769590462978,3.268741598593734,-0.467600700525394,0.7787151200519143,2021-11-01,4.67,amc,63216400000.0,2025-04-25,2021-09-30,0.3169164882226982,319.94790322580644,1189905.8548387096
2021-06-30,MCK,USD,927653,2021-08-05,2021-08-04 17:44:11,2022,Q1,62674000000.0,59642000000.0,3032000000.0,0.0483773175,0,4464000000.0,-2232000000.0,2232000000.0,43000000.0,2232000000.0,61874000000.0,0.0,49000000.0,308000000.0,919000000.0,0.0146631777,568000000.0,0.0090627693,-6000000.0,562000000.0,0.0089670358,26000000.0,486000000.0,0.0077544117,3.11,3.07,156200000,158100000,https://www.sec.gov/Archives/edgar/data/927653/000092765321000065/0000927653-21-000065-index.htm,https://www.sec.gov/Archives/edgar/data/927653/000092765321000065/mck-20210630.htm,401.2419974391805,3.111395646606914,-10.384122919334189,-11.402048655569782,15.512163892445583,-0.2432778489116517,-79.09731113956467,-3.386683738796415,60.85147247119078,29871688000.0,36904688000.0,15.366094650205762,0.4766200976481475,-18.41657706535142,-16.77242448062886,-56.46821928166352,-56.46821928166352,0.5888356894405974,40.15744069640914,-22.75258199753391,-20.72132959011791,0.0162695861044076,-0.0596216725348765,-17.87523629489603,0.1503482049162082,7.652883569096844,0.9889357819094332,11.591836734693878,-3.0431519699812384,0.0023098795086504,0.1419753086419753,0.0712257076299582,0.0,0.1958374407733647,-0.0980271270036991,0.0025369371669272,0.7293577981651376,0.0,,0.0263035892172287,0.0096091108606678,-226.3284250960307,-485000000.0,-12355000000.0,-19582000000.0,16452000000.0,19689500000.0,38682000000.0,19631000000.0,29.00437182882854,57.92914389188827,30.20421850373898,3.1029804931181304,1.5536221313397067,2.979716227018385,-0.9187145557655956,1.0179257362355951,2021-08-04,4.09,amc,62674000000.0,2025-04-25,2021-06-30,0.3594132029339852,271.945,1218711.0
2021-03-31,MCK,USD,927653,2021-05-12,2021-05-12 16:09:57,2021,Q4,59142000000.0,55845000000.0,3297000000.0,0.0557471847,74000000,1224000000.0,1000000000.0,2224000000.0,71000000.0,2224000000.0,58069000000.0,12000000.0,52000000.0,291000000.0,1372000000.0,0.0231984038,1010000000.0,0.0170775422,19000000.0,1029000000.0,0.0173988029,316000000.0,666000000.0,0.0112610328,4.19,4.15,158800000,160500000,https://www.sec.gov/Archives/edgar/data/927653/000092765321000039/0000927653-21-000039-index.htm,https://www.sec.gov/Archives/edgar/data/927653/000092765321000039/mck-20210331.htm,372.4307304785894,4.193954659949622,21.221662468513856,19.87405541561713,39.53400503778337,9.105793450881611,-68.79722921914357,-0.1322418136020151,59.5528967254408,30972352000.0,34099352000.0,11.62625825825826,0.5236947008893849,9.19060890207715,9.813799746514576,-1474.873904761905,-1474.873904761905,0.5765674478374083,24.85375510204081,10.118502077151335,10.804610899873255,0.0215030489127851,0.101897330884009,-447.8571428571428,0.144658924863493,2.2791545189504374,1.0290002947645285,19.423076923076923,4.726507713884993,0.0021632196353702,0.1006006006006006,0.020695952115248,0.0012512258631767,0.1902791663462278,0.0635014836795252,0.0036184099286463,0.9683257918552036,0.002553177099185,,0.0311952746304395,0.0126510143606108,-209.5859571788413,1279000000.0,-10925000000.0,-18187000000.0,18331000000.0,19029000000.0,37742000000.0,19228500000.0,29.188901288424468,62.812248186946015,31.016921837228043,3.083363745373026,1.432841565105837,2.9016418996155044,-31.714285714285715,1.3476070528967254,2021-05-06,5.04,amc,59024654761.0,2025-04-25,2021-03-31,0.0019841269841269,219.544375,890862.375
2020-12-31,MCK,USD,927653,2021-02-02,2021-02-02 16:04:49,2021,Q3,62599000000.0,59448000000.0,3151000000.0,0.0503362674,0,0.0,0.0,2291000000.0,54000000.0,2291000000.0,61739000000.0,0.0,55000000.0,227000000.0,-6989000000.0,-0.1116471509,-7362000000.0,-0.1176057126,-1000000.0,-7363000000.0,-0.1176216872,-1189000000.0,-6226000000.0,-0.0994584578,-39.03,-39.03,159500000,159500000,https://www.sec.gov/Archives/edgar/data/927653/000092765321000013/0000927653-21-000013-index.htm,https://www.sec.gov/Archives/edgar/data/927653/000092765321000013/mck-20201231.htm,392.4702194357367,-39.03448275862069,7.605015673981192,6.589341692789969,22.42633228840125,6.363636363636363,-71.94984326018809,-2.9905956112852663,60.075235109717866,27740240000.0,33690240000.0,-1.113886925795053,0.443141903225291,22.869117889530088,26.39413891531874,-58.1556394129979,-58.1556394129979,0.538191344909663,-4.820466447274288,27.774311624072546,32.05541389153187,-0.2244392982901373,0.0378871992455725,-19.9727463312369,0.1540464063384267,-0.851337816568894,1.0104459813975677,-133.85454545454544,-0.1964690638160026,0.0024873613205941,-0.0110825570189527,0.0,0.0,0.2019726736195327,0.133553173948887,0.0025879007651879,0.7136563876651982,0.0,,-0.2856358265357732,-0.1261498561413462,-209.96708463949844,438000000.0,-11476000000.0,-18462000000.0,17402000000.0,19081000000.0,36382000000.0,18823000000.0,27.139890413584883,55.27200242228502,29.084073475979004,3.316151930921227,1.6283108274671998,3.094477122481911,13.052410901467503,1.0156739811912223,2021-02-02,4.13,bmo,55475142857.0,2025-04-25,2020-12-31,0.1138014527845035,199.9034375,974942.640625
2020-09-30,MCK,USD,927653,2020-11-03,2020-11-03 09:07:59,2021,Q2,60808000000.0,57808000000.0,3000000000.0,0.0493356137,0,0.0,0.0,2237000000.0,71000000.0,2237000000.0,60045000000.0,0.0,50000000.0,222000000.0,985000000.0,0.0161985265,634000000.0,0.0104262597,21000000.0,655000000.0,0.010771609,28000000.0,577000000.0,0.009488883,3.56,3.54,162000000,163200000,https://www.sec.gov/Archives/edgar/data/927653/000092765320000093/0000927653-20-000093-index.htm,https://www.sec.gov/Archives/edgar/data/927653/000092765320000093/mck-20200930.htm,375.358024691358,3.561728395061728,6.302469135802469,5.388888888888889,19.080246913580247,45.401234567901234,-31.41358024691358,36.358024691358025,59.83950617283951,24126660000.0,30679660000.0,10.453492201039865,0.3967678594921721,23.63042115572968,27.636494845360826,4.096207130730051,4.096207130730051,0.5045332850940666,31.14686294416244,30.048638589618022,35.142794959908365,0.0239154528641759,0.036184038735573,1.6373514431239389,0.1566652587803372,6.6527918781725885,0.9911291077614456,12.68,1.6283891547049445,0.0027355630659196,0.1143847487001733,0.0,0.0,0.2021508171155658,0.1449559255631733,0.002433890277595,0.6666666666666666,0.0,53.97862262933558,0.0284554440136751,0.0117481777090035,-169.3256172839506,-379000000.0,-5089000000.0,-11858000000.0,16431000000.0,18526500000.0,34732000000.0,17521000000.0,28.543119326404423,56.44460974259618,28.70104483808469,3.153124189784807,1.5944835195145497,3.1357743422837,0.097962648556876,0.9135802469135802,2020-11-03,3.87,bmo,4145941666.0,2025-04-25,2020-09-30,0.2403100775193797,193.15492063492064,1140385.6825396826
2020-06-30,MCK,USD,927653,2020-08-03,2020-08-03 16:19:50,2021,Q1,55679000000.0,52979000000.0,2700000000.0,0.0484922502,0,0.0,0.0,2104000000.0,27000000.0,1966000000.0,54945000000.0,0.0,60000000.0,217000000.0,813000000.0,0.0146015553,678000000.0,0.0121769428,-33000000.0,645000000.0,0.0115842598,150000000.0,444000000.0,0.0079742811,2.74,2.72,162000000,163200000,https://www.sec.gov/Archives/edgar/data/927653/000092765320000061/0000927653-20-000061-index.htm,https://www.sec.gov/Archives/edgar/data/927653/000092765320000061/mck-20200630.htm,343.6975308641975,2.740740740740741,-6.555555555555555,-7.277777777777778,16.12962962962963,43.623456790123456,-33.592592592592595,33.617283950617285,58.598765432098766,24854040000.0,31674040000.0,13.99439189189189,0.4463808617252464,-23.403050847457624,-21.080610687022897,4.56372383400661,4.56372383400661,0.5688686937624597,38.95945879458794,-29.824896421845573,-26.86517387616624,0.017864298922831,-0.0474369559234635,1.7320969518912963,0.1635799257794888,8.388683886838868,1.002124352331606,11.3,-2.1497975708502026,0.0029773831538051,0.1666666666666666,0.0,0.0,0.2169215829084729,-0.1101694915254237,0.0021013308428671,0.5391705069124424,0.0,45.53093282177952,0.0249736300165754,0.0098323626458799,-162.69444444444446,82000000.0,-5442000000.0,-11917000000.0,16840000000.0,18859000000.0,35202000000.0,16670500000.0,28.720343396971927,56.41499462051001,28.211744276033897,3.133667266996848,1.5953205456352193,3.190160775576564,0.0815277267719427,0.7222222222222222,2020-08-03,2.32,bmo,46633675090.0,2025-04-25,2020-06-30,0.1939655172413794,182.5295081967213,1063000.0983606558
2020-03-31,MCK,USD,927653,2020-05-22,2020-05-22 08:38:58,2020,Q4,58535000000.0,55199000000.0,3336000000.0,0.0569915435,96000000,1403000000.0,1000000000.0,2403000000.0,27000000.0,2403000000.0,57602000000.0,49000000.0,65000000.0,231000000.0,1417000000.0,0.024207739,869000000.0,0.0148458187,332000000.0,1201000000.0,0.020517639,129000000.0,1021000000.0,0.0174425557,5.89,5.85,173000000,174000000,https://www.sec.gov/Archives/edgar/data/927653/000092765320000033/0000927653-20-000033-index.htm,https://www.sec.gov/Archives/edgar/data/927653/000092765320000033/mck10k3312020.htm,338.35260115606934,5.901734104046243,26.90173410404624,25.930635838150287,23.208092485549138,38.79190751445087,-33.554913294797686,29.43352601156069,54.71676300578034,23399980000.0,28785980000.0,5.729671890303624,0.3997604851798069,5.027928663515255,5.2162238074008025,4.5954399057344855,4.5954399057344855,0.4917738105407021,20.314735356386738,6.185212720240653,6.416847971466786,0.0436325159252272,0.1917095655637312,1.846229379418696,0.1534932323215831,3.8009880028228658,0.9905686936936936,13.36923076923077,4.317254174397031,0.0030769257067741,0.0705190989226248,0.0239685658153241,0.0016400444178696,0.2043528662628373,0.0360979802320584,0.0028700777312718,0.7272727272727273,0.0020329717263175,62.51758949253481,0.0380542747925927,0.0209517555560115,-157.17630057803467,-402000000.0,-5805000000.0,-12314000000.0,16365000000.0,19390500000.0,34969500000.0,16877000000.0,30.67395575296831,60.64512038261563,27.28418993097701,2.9340852130325814,1.4840435542411614,3.298613601051751,0.2005106048703849,0.9710982658959536,2020-05-20,4.1,bmo,56204566744.0,2025-04-25,2020-03-31,0.0414634146341463,166.54093749999998,1083752.171875
2019-12-31,MCK,USD,927653,2020-02-04,2020-02-04 16:08:50,2020,Q3,59172000000.0,56139000000.0,3033000000.0,0.0512573515,0,0.0,0.0,2535000000.0,26000000.0,2535000000.0,58674000000.0,0.0,64000000.0,228000000.0,726000000.0,0.0122693166,360000000.0,0.0060839586,-66000000.0,294000000.0,0.0049685662,47000000.0,186000000.0,0.0031433786,1.04,1.03,178700000,179700000,https://www.sec.gov/Archives/edgar/data/927653/000092765320000016/0000927653-20-000016-index.htm,https://www.sec.gov/Archives/edgar/data/927653/000092765320000016/mck10q12312019.htm,331.1247901510912,1.0408505875769447,-0.6771124790151091,-1.5388919977616116,11.555679910464466,43.54784555120313,-28.192501398992725,34.54952434247342,67.4818130945719,24717784000.0,34647784000.0,33.22282795698924,0.4177277090515784,-204.27920661157023,-89.8828509090909,4.003528344671202,4.003528344671202,0.5855435679037383,47.72422038567493,-286.3453223140496,-125.9919418181818,0.0075249464110536,-0.0111255928120417,1.942824748947198,0.1970495950585645,13.677685950413224,0.9833978279865184,5.625,-0.5,0.0029937958839675,0.3978494623655914,0.0,0.0,0.2106024017216171,-1.2727272727272727,0.0026025823024403,0.6754385964912281,0.0,28.445036228281847,0.0122627708235418,0.003870726073294,-158.88500279798546,-665000000.0,-5038000000.0,-13701000000.0,16576000000.0,18907500000.0,32652000000.0,16688000000.0,28.6417562360576,52.49398813658954,27.285844065622832,3.142265413414051,1.7144820425116052,3.298413631022327,0.0301263362487852,0.8617795187465025,2020-02-04,3.54,bmo,55289322834.0,2025-04-25,2019-12-31,0.0762711864406779,151.83125,1076875.328125
2019-09-30,MCK,USD,927653,2019-10-30,2019-10-30 16:03:30,2020,Q2,57616000000.0,54749000000.0,2867000000.0,0.0497604832,0,0.0,0.0,2219000000.0,-78000000.0,2196000000.0,56945000000.0,0.0,64000000.0,234000000.0,-672000000.0,-0.0116634268,626000000.0,0.0108650375,-1596000000.0,-970000000.0,-0.0168356012,-294000000.0,-730000000.0,-0.0126700916,-4.0,-3.99,182706766,183000000,https://www.sec.gov/Archives/edgar/data/927653/000092765319000021/0000927653-19-000021-index.htm,https://www.sec.gov/Archives/edgar/data/927653/000092765319000021/mck10q09302019.htm,315.34683285894295,-3.995473271088384,-0.5911111140788294,-0.990658441187668,7.421728432323081,44.20197553056136,-26.38654334235219,35.47761334684234,56.823292466355625,24968706641.56,33930706641.56,-8.550926932041095,0.4333641113850319,-231.1917281625926,-137.94865547823204,3.852006578457266,3.852006578457266,0.5889111816432935,-50.4921229785119,-314.17320964407406,-187.46246763292817,-0.0292365964516931,-0.0072490739147348,1.591792656587473,0.1748991422856561,-13.336309523809524,1.0055996769417148,9.78125,0.1595273264401772,0.0029236596451693,-0.1,0.0,0.0,0.21861545241889,-0.6759259259259259,0.001267009164121,0.3119658119658119,0.0,,0.0189170027545647,-0.015836171551294,-148.57687317392504,208000000.0,-4821000000.0,-13565000000.0,17600000000.0,19135500000.0,33290500000.0,16480000000.0,29.65426270480422,53.524265283384175,26.887066430437088,3.034976822587442,1.681480343980344,3.3473343115676206,-0.1126195618636223,0.3995473271088384,2019-10-30,3.6,bmo,57616000000.0,2025-04-25,2019-09-30,0.0,144.4193650793651,1641023.5396825396
2019-06-30,MCK,USD,927653,2019-08-01,2019-07-31 18:13:10,2020,Q1,55728000000.0,52941000000.0,2787000000.0,0.0500107666,0,0.0,0.0,2147000000.0,37000000.0,2130000000.0,55071000000.0,0.0,56000000.0,229000000.0,869000000.0,0.0155935975,634000000.0,0.0113766868,-15000000.0,619000000.0,0.0111075223,136000000.0,423000000.0,0.0075904393,2.25,2.24,188000000,189000000,https://www.sec.gov/Archives/edgar/data/927653/000092765319000015/0000927653-19-000015-index.htm,https://www.sec.gov/Archives/edgar/data/927653/000092765319000015/mck10q06302019.htm,296.4255319148936,2.25,-0.2712765957446808,-0.8617021276595744,10.356382978723405,50.3563829787234,-19.01063829787234,41.88297872340426,52.797872340425535,25237120000.0,33160120000.0,14.915555555555557,0.4528624748779787,-494.8454901960785,-155.7846913580247,3.2051206502413008,3.2051206502413008,0.5950351708297444,38.15894131185271,-650.1984313725491,-204.6920987654321,0.0167610250297973,-0.0064191159688585,1.253492506985014,0.1600194552529182,9.117376294591484,1.01254215851602,11.321428571428571,-0.1069182389937107,0.0029718129485456,0.1773049645390071,0.0,0.0,0.2114299610894941,-2.176470588235294,0.0019918173987941,0.4847161572052402,0.0,46.04699553578215,0.0199549982604166,0.0086967248504286,-146.26994680851064,476000000.0,-3574000000.0,-13785000000.0,18014000000.0,18766500000.0,33937000000.0,16656500000.0,31.148255813953487,57.83589278630929,28.226894089646965,2.8894073728418106,1.5561270979689017,3.188448566610455,0.0537211074422148,0.5904255319148937,2019-07-31,3.04,amc,50677123867.0,2025-04-25,2019-06-30,0.0888157894736842,146.47548387096774,5176862.467741936
2019-03-31,MCK,USD,927653,2019-05-15,2019-05-15 07:44:22,2019,Q4,52429000000.0,49228000000.0,3201000000.0,0.0610539968,71000000,11265000000.0,-8403000000.0,2862000000.0,38000000.0,2255000000.0,51483000000.0,39000000.0,70000000.0,235000000.0,-328000000.0,-0.0062560797,-569000000.0,-0.0108527723,-64000000.0,-633000000.0,-0.0120734708,111000000.0,-796000000.0,-0.0151824372,-4.17,-4.17,190918468,191000000,https://www.sec.gov/Archives/edgar/data/927653/000092765319000009/0000927653-19-000009-index.htm,https://www.sec.gov/Archives/edgar/data/927653/000092765319000009/mck_10kx3312019.htm,274.61460669169,-4.169319020515082,20.40137887551036,19.605227504758737,15.613994975069671,50.702271505761296,-17.635800429741558,42.39506049252396,40.14802800533681,22688750737.12,27302750737.12,-7.125863924974874,0.4327519261691048,5.825096466526316,6.061648607298958,2.8031567503236965,2.8031567503236965,0.5207566563756699,-83.2400937107317,7.009692101956354,7.294349649243921,-0.0350834653358724,0.164971621547953,0.9383493946132938,0.1272791258881887,-14.067073170731708,1.0222984106734705,-8.128571428571428,-5.235215053763441,0.0033496775948822,-0.0954773869346733,0.2148620038528295,0.0013542123633866,0.2186452607588148,0.0390243902439024,0.0028991588624616,0.6468085106382979,0.0018119742890385,,-0.0298881503032192,-0.0170723860589812,-130.799289673747,839000000.0,-3367000000.0,-11527000000.0,16434000000.0,18589000000.0,32972000000.0,16830000000.0,31.321215357912607,61.890996993580885,30.54785894206549,2.873451715444481,1.4541694975334534,2.9461966604823746,-0.0983444526809982,0.7961513707516237,2019-05-08,3.66,bmo,52002747967.0,2025-04-25,2019-03-31,0.0081967213114753,141.34265625,1517045.921875
2018-12-31,MCK,USD,927653,2019-01-31,2019-01-31 16:27:43,2019,Q3,56208000000.0,53238000000.0,2970000000.0,0.0528394535,0,0.0,0.0,1932000000.0,84000000.0,2156000000.0,55394000000.0,0.0,67000000.0,239000000.0,1080000000.0,0.0192143467,683000000.0,0.0121512952,-33000000.0,650000000.0,0.0115641902,123000000.0,469000000.0,0.008344008,2.41,2.4,194000000,195000000,https://www.sec.gov/Archives/edgar/data/927653/000092765319000005/0000927653-19-000005-index.htm,https://www.sec.gov/Archives/edgar/data/927653/000092765319000005/mck_10qx12312018.htm,289.7319587628866,2.417525773195876,-0.9123711340206184,-1.7216494845360826,9.530927835051546,55.634020618556704,-18.79381443298969,47.345360824742265,50.77835051546392,21431180000.0,29366180000.0,11.423869936034116,0.3812834471961286,-121.08011299435027,-64.16520958083832,2.333280348394121,2.333280348394121,0.5224555223455736,27.19090740740741,-165.91062146892656,-87.92269461077845,0.0218840026540769,-0.0155847694807285,1.0652150244964615,0.1603645244300208,7.347222222222222,1.0239151346729372,10.194029850746269,-0.3365019011406844,0.003592895958132,0.1641791044776119,0.0,0.0,0.2366622412351871,-0.8870056497175142,0.0027931966979789,0.6569037656903766,0.0,50.74760266051134,0.0215008885503935,0.0100704285836983,-132.4458762886598,895000000.0,-3646000000.0,-11899000000.0,17837000000.0,19072500000.0,32659000000.0,16811000000.0,30.31383432963279,54.25053533190578,28.6560351628536,2.968941474751743,1.6589698046181172,3.140699663736653,0.0510615133369624,0.8092783505154639,2019-01-31,3.18,amc,52240376470.0,2025-04-25,2018-12-31,0.0691823899371068,141.84140625,1568640.21875
2018-09-30,MCK,USD,927653,2018-10-25,2018-10-25 16:06:46,2019,Q2,53075000000.0,50271000000.0,2804000000.0,0.0528308997,0,0.0,0.0,1798000000.0,20000000.0,2033000000.0,52304000000.0,0.0,66000000.0,240000000.0,1048000000.0,0.019745643,689000000.0,0.0129816298,-102000000.0,587000000.0,0.011059821,35000000.0,499000000.0,0.0094017899,2.52,2.51,198000000,199000000,https://www.sec.gov/Archives/edgar/data/927653/000092765318000020/0000927653-18-000020-index.htm,https://www.sec.gov/Archives/edgar/data/927653/000092765318000020/mck_10qx09302018.htm,268.05555555555554,2.5202020202020203,6.9646464646464645,6.444444444444445,10.696969696969695,55.2979797979798,-19.22222222222222,47.1010101010101,46.23232323232323,26199360000.0,33169360000.0,13.125931863727454,0.4936290155440414,18.998810732414796,20.532413793103448,2.8092815783830147,2.8092815783830147,0.6249526142251531,31.650152671755727,24.05319796954315,25.994796238244515,0.0190462667790358,0.0487034797796587,0.9744799485309886,0.1479624232754269,6.650763358778626,0.991791678460232,10.43939393939394,2.4936708860759493,0.0025954832484457,0.1362725450901803,0.0,0.0,0.2402272838280067,0.0746918056562726,0.0019406500235515,0.4291666666666666,0.0,51.68018351580935,0.0258361204354169,0.0106930099001414,-129.33712121212122,-319000000.0,-3806000000.0,-11928000000.0,16924000000.0,19153000000.0,32645000000.0,16517500000.0,32.57974564295808,59.486184877961456,29.84603449304768,2.762452506115651,1.5129563306949168,3.015475976246176,0.0535063263993137,0.5202020202020202,2018-10-25,3.28,bmo,48357222222.0,2025-04-25,2018-09-30,0.0975609756097561,124.69015873015871,1422232.603174603
2018-06-30,MCK,USD,927653,2018-07-26,2018-07-26 16:09:30,2019,Q1,52607000000.0,49828000000.0,2779000000.0,0.0528256696,0,0.0,0.0,1908000000.0,40000000.0,2127000000.0,51955000000.0,0.0,61000000.0,235000000.0,907000000.0,0.0172410516,83000000.0,0.0015777368,-77000000.0,6000000.0,0.0001140533,87000000.0,-138000000.0,-0.002623225,-0.69,-0.68,201449275,202000000,https://www.sec.gov/Archives/edgar/data/927653/000092765318000015/0000927653-18-000015-index.htm,https://www.sec.gov/Archives/edgar/data/927653/000092765318000015/mck_10qx06302018.htm,261.14266234018464,-0.6850359724551006,-5.2668345418468245,-5.986618715803271,10.915899300208451,54.946834631199344,-18.73424463801123,46.69661878902269,48.71201447610075,26873333285.0,34426333285.0,-48.68357479166667,0.510831890908054,-25.32830658341188,-22.28302925787728,2.856737885085575,2.856737885085575,0.6544059399889749,37.956266025358325,-32.44706247408106,-28.54588166252073,-0.005135202192317,-0.0448772017676407,1.0366748166259168,0.1591331875591527,8.327453142227123,0.9965056847814748,1.360655737704918,13.2625,0.002642024316337,-0.5144927536231884,0.0,0.0,0.2422081524754414,-0.1366635249764373,0.0027562871861159,0.6170212765957447,0.0,,-0.042940905955392,-0.0029716402161975,-126.6435433932438,-134000000.0,-3774000000.0,-11999000000.0,17192000000.0,18402000000.0,32120000000.0,16337000000.0,32.66428422073108,57.91261941077306,29.55687565224372,2.7553029906248363,1.5540654336774475,3.044976778293816,-0.0146699266503667,0.7197841739564463,2018-07-26,2.89,bmo,52425596551.0,2025-04-25,2018-06-30,0.0034602076124566,123.42983606557378,1577461.6557377048
2018-03-31,MCK,USD,927653,2018-05-24,2018-05-24 16:27:59,2018,Q4,51628000000.0,48553000000.0,3075000000.0,0.0595607035,125000000,2218000000.0,-8138000000.0,2218000000.0,28000000.0,2316000000.0,50869000000.0,48000000.0,79000000.0,254000000.0,-761000000.0,-0.0147400635,-944000000.0,-0.0182846517,-150000000.0,-1094000000.0,-0.0211900519,-7000000.0,-1146000000.0,-0.0221972573,-5.59,-5.56,205000000,206000000,https://www.sec.gov/Archives/edgar/data/927653/000092765318000010/0000927653-18-000010-index.htm,https://www.sec.gov/Archives/edgar/data/927653/000092765318000010/mck_10kx3312018.htm,251.8439024390244,-5.590243902439024,14.741463414634149,13.82439024390244,13.034146341463414,56.17560975609756,-17.121951219512194,47.82439024390244,38.82439024390244,28878350000.0,34086350000.0,-6.29981457242583,0.559354420082126,9.556039046988747,10.189961185603387,2.9455681354549164,2.9455681354549164,0.660229914000155,-44.79152431011826,11.27940105890139,12.027646436132674,-0.0396837076910557,0.0981358006949843,0.8037535699714402,0.130504628939567,-6.8436268068331145,1.012293853073463,-11.949367088607596,-2.785253456221198,0.0024239612027695,-0.0610820244328097,0.0429611838537227,0.0024211668087084,0.2488531160464384,0.0622104566512243,0.0036414348802975,0.7401574803149606,0.000232432013636,,-0.0433558186475719,-0.0252673354646676,-120.75487804878048,451000000.0,-3510000000.0,-11729000000.0,17941000000.0,18863000000.0,32593000000.0,16706500000.0,30.87452545130549,59.64471814306016,30.23294132185447,2.915024561007284,1.5089349535382417,2.976885346413243,-0.116891064871481,0.9170731707317074,2018-05-24,3.54,bmo,52663518624.0,2025-04-25,2018-03-31,-0.0141242937853106,124.71,1717816.7301587302
2017-12-31,MCK,USD,927653,2018-02-01,2018-02-01 16:05:47,2018,Q3,53617000000.0,50902000000.0,2715000000.0,0.0506369249,0,1984000000.0,0.0,1984000000.0,20000000.0,1984000000.0,52886000000.0,0.0,67000000.0,234000000.0,989000000.0,0.0184456422,834000000.0,0.0155547681,-137000000.0,697000000.0,0.0129996083,-263000000.0,903000000.0,0.0168416733,4.35,4.33,207000000,208000000,https://www.sec.gov/Archives/edgar/data/927653/000092765318000005/0000927653-18-000005-index.htm,https://www.sec.gov/Archives/edgar/data/927653/000092765318000005/mck_10qx12312017.htm,259.0193236714976,4.36231884057971,-0.0772946859903381,-0.7391304347826086,12.652173913043478,64.76811594202898,-12.14975845410628,56.68599033816425,42.80676328502416,32281650000.0,38456650000.0,8.93733388704319,0.6020786317772348,-2017.603125,-210.9911764705882,2.751120674961649,2.751120674961649,0.7172473282727493,38.88437815975733,-2403.540625,-251.35065359477125,0.0279725478716236,-0.0047395346892119,0.7494460542014658,0.1369504617445065,6.243680485338726,1.0675395729310528,12.447761194029852,-0.0166493236212278,0.0021993919146016,0.0786267995570321,0.0370031892869798,0.0,0.2479560213663899,-8.5625,0.002555159744111,0.5854700854700855,0.0,74.59124065267046,0.0467005896894379,0.0186991364850593,-118.95772946859904,2543000000.0,-2515000000.0,-10611000000.0,20866000000.0,19821000000.0,33294500000.0,16994000000.0,33.596620474849395,58.36332560606656,30.23987269655416,2.678840869347989,1.5420642854978943,2.976203005320704,0.0769558547809783,0.6618357487922706,2018-02-01,2.94,bmo,46226973607.0,2025-04-25,2017-12-31,0.1598639455782313,130.39873015873016,1590619.3015873015
2017-09-30,MCK,USD,927653,2017-10-27,2017-10-27 07:11:33,2018,Q2,52061000000.0,49227000000.0,2834000000.0,0.0544361422,0,2009000000.0,0.0,2009000000.0,69000000.0,2009000000.0,51236000000.0,0.0,69000000.0,236000000.0,1067000000.0,0.0204951883,239000000.0,0.0045907685,-61000000.0,178000000.0,0.0034190661,122000000.0,1000000.0,1.92082e-05,0.01,0.01,209000000,210000000,https://www.sec.gov/Archives/edgar/data/927653/000092765317000018/0000927653-17-000018-index.htm,https://www.sec.gov/Archives/edgar/data/927653/000092765317000018/mck_10qx09302017.htm,249.0956937799043,0.0047846889952153,2.861244019138756,2.2057416267942584,12.263157894736842,61.17224880382775,-15.086124401913876,53.31578947368421,40.143540669856456,32104490000.000004,37862490000.0,8026.122500000001,0.6166706363688751,53.68643812709031,69.64097613882865,2.881135241855874,2.881135241855874,0.7272716620887036,35.48499531396438,63.31520066889632,82.1312147505423,3.1148291095731464e-05,0.0143593621951322,0.7467468365790182,0.1303292297089872,5.3964386129334585,1.0537269958956703,3.463768115942029,10.678571428571429,0.0018377491746481,59.0,0.0385893471120416,0.0,0.24963192682392,0.2290969899665551,0.0026315283993776,0.5805084745762712,0.0,2.39577505230227,0.0031498894573312,2.087334056942473e-05,-121.22129186602872,2029000000.0,-3153000000.0,-11267000000.0,20315000000.0,19379500000.0,32797500000.0,16191500000.0,33.93000518622385,61.39313791212141,30.870254128831743,2.6525194884597747,1.4659618820726623,2.915427894580989,8.974243919949744e-05,0.6555023923444976,2017-10-26,2.78,bmo,44442317073.0,2025-04-25,2017-09-30,0.1798561151079137,146.25390625,1771848.75
2017-06-30,MCK,USD,927653,2017-07-27,2017-07-27 16:05:26,2018,Q1,51051000000.0,48491000000.0,2560000000.0,0.0501459325,0,1964000000.0,0.0,1964000000.0,13000000.0,1964000000.0,50455000000.0,0.0,68000000.0,227000000.0,849000000.0,0.0166304284,633000000.0,0.0123993653,-175000000.0,458000000.0,0.0089714207,95000000.0,309000000.0,0.0060527708,1.46,1.45,211000000,213000000,https://www.sec.gov/Archives/edgar/data/927653/000092765317000011/0000927653-17-000011-index.htm,https://www.sec.gov/Archives/edgar/data/927653/000092765317000011/mck_10qx06302017.htm,241.9478672985782,1.4644549763033174,3.511848341232227,2.9526066350710902,11.085308056872035,61.15165876777251,-14.62085308056872,53.56872037914692,38.00947867298578,34717940000.0,40330940000.0,28.08894822006473,0.6800638577109165,46.852820512820514,55.727030497592295,3.071568610103512,3.071568610103512,0.7900127323656735,47.50405182567727,54.42771929824561,64.73666131621188,0.0089002976559093,0.017944613073241,0.7035300362735557,0.1286398343470946,6.6113074204947,1.0530182407329811,9.308823529411764,2.03013698630137,0.0017858202416387,0.2006472491909385,0.0384713325889796,0.0,0.2586385401837712,0.1592442645074224,0.0023114140761199,0.5198237885462555,0.0,42.01311736234838,0.0212261327366071,0.0067426027755957,-116.0,1898000000.0,-3085000000.0,-11216000000.0,20235000000.0,18673500000.0,31518500000.0,15388000000.0,33.72862431685961,59.42030479882865,28.764513002412823,2.6683566799080074,1.5146337654224582,3.128855336172409,0.0273378749004689,0.5592417061611374,2017-07-27,2.81,bmo,58729402439.0,2025-04-25,2017-06-30,-0.1245551601423487,155.8050819672131,1795435.786885246
2017-03-31,MCK,USD,927653,2017-05-22,2017-05-22 16:43:21,2017,Q4,48713000000.0,45917000000.0,2796000000.0,0.0573974093,341000000,1664000000.0,343000000.0,2007000000.0,25000000.0,2007000000.0,47924000000.0,29000000.0,77000000.0,247000000.0,887000000.0,0.0182086917,4726000000.0,0.0970172233,-52000000.0,4674000000.0,0.0959497465,1044000000.0,3588000000.0,0.0736559029,16.92,16.76,212000000,214000000,https://www.sec.gov/Archives/edgar/data/927653/000092765317000007/0000927653-17-000007-index.htm,https://www.sec.gov/Archives/edgar/data/927653/000092765317000007/mck_10kx3312017.htm,229.7783018867925,16.92452830188679,6.768867924528302,5.858490566037736,13.12735849056604,59.43396226415094,-7.787735849056604,52.33490566037736,40.66981132075472,31431120000.0,37193120000.0,2.1900167224080267,0.6452306365857162,21.90321951219512,25.30685990338164,2.8329085173501576,2.8329085173501576,0.7635152833945764,41.93136414881624,25.918550522648083,29.946151368760063,0.1141543794812275,0.0395149775127326,0.7701667417755745,0.1401531926060785,6.496054114994363,1.0375154442322811,61.37662337662338,0.3960805961910019,0.0019407517135883,0.0170011148272017,0.0341592593352903,0.0070001847556093,0.2337417376043563,0.1344947735191637,0.0039619814012686,0.7813765182186235,0.000123170406257,141.1709276748464,0.1551041712776474,0.0768012329294918,-114.55542452830188,1336000000.0,-1651000000.0,-11421000000.0,17879000000.0,18206500000.0,30916500000.0,15699500000.0,33.6532342495843,60.80493063571226,29.945771718535617,2.6743343398298105,1.4801431242344143,3.005432648252389,0.3233889139251915,0.910377358490566,2017-05-18,3.04,amc,42730701754.0,2025-04-25,2017-03-31,0.1151315789473684,148.14365079365078,2131798.6825396824
2016-12-31,MCK,USD,927653,2017-01-26,2017-01-26 16:03:34,2017,Q3,50130000000.0,47318000000.0,2812000000.0,0.0560941552,0,1981000000.0,0.0,1981000000.0,23000000.0,1981000000.0,49299000000.0,0.0,74000000.0,204000000.0,1107000000.0,0.0220825853,831000000.0,0.0165769001,-51000000.0,780000000.0,0.0155595452,131000000.0,633000000.0,0.0126271694,2.87,2.85,221000000,222000000,https://www.sec.gov/Archives/edgar/data/927653/000092765317000003/0000927653-17-000003-index.htm,https://www.sec.gov/Archives/edgar/data/927653/000092765317000003/mck_10qx12312016.htm,226.8325791855204,2.8642533936651584,1.7239819004524888,1.1402714932126696,11.013574660633484,41.46153846153846,-22.76923076923077,34.80542986425339,41.61538461538461,31039450000.0,37728450000.0,12.258866508688785,0.6191791342509475,81.46837270341206,123.1724206349206,4.035289911596464,4.035289911596464,0.7526122082585278,34.08170731707317,99.0248031496063,149.71607142857144,0.0203934025892855,0.0081187005568719,1.18603744149766,0.1576355530981097,6.042457091237579,1.0286582490700478,11.22972972972973,0.5897832817337462,0.0020296751392179,0.0995260663507109,0.0395172551366447,0.0,0.2452742164011473,0.3385826771653543,0.0025733093955715,0.6323529411764706,0.0005984440454817,47.360957957477005,0.0348997887837984,0.0144920900203759,-111.16742081447964,1094000000.0,-5032000000.0,-9443000000.0,17700000000.0,18253000000.0,30924000000.0,15697000000.0,32.67145421903052,58.60327993575383,30.66253856883215,2.754698318496538,1.5357502190776022,2.935177718503815,0.0822932917316692,0.583710407239819,2017-01-25,2.91,amc,47993311475.0,2025-04-25,2016-12-31,0.0481099656357387,156.085873015873,1608260.8412698412
2016-09-30,MCK,USD,927653,2016-10-27,2016-10-27 16:25:41,2017,Q2,49957000000.0,47201000000.0,2756000000.0,0.055167444,0,1886000000.0,0.0,1886000000.0,23000000.0,1886000000.0,49087000000.0,0.0,78000000.0,217000000.0,1116000000.0,0.0223392117,580000000.0,0.0116099846,-55000000.0,525000000.0,0.0105090378,200000000.0,307000000.0,0.0061452849,1.36,1.34,226000000,228000000,https://www.sec.gov/Archives/edgar/data/927653/000092765316000031/0000927653-16-000031-index.htm,https://www.sec.gov/Archives/edgar/data/927653/000092765316000031/mck_10qx09302016.htm,221.0486725663717,1.3584070796460177,4.730088495575221,4.172566371681416,24.17699115044248,48.51327433628319,-7.920353982300885,41.809734513274336,36.21681415929204,37685500000.0,40328500000.0,30.688517915309447,0.7543587485237304,35.25304022450889,39.96341463414634,3.988305640808551,3.988305640808551,0.8072642472526372,36.13664874551972,37.72544434050514,42.766171792152704,0.0081463692932294,0.0250228867866951,0.8579743888242142,0.139020835119609,2.368279569892473,1.11570537907209,7.435897435897436,3.299382716049383,0.0016717305064282,0.2052117263843648,0.0377524671217246,0.0,0.2187087370316385,0.117867165575304,0.0025221690653962,0.5806451612903226,0.0,35.747438868000415,0.0174753051225357,0.0067382190908891,-90.79424778761062,4287000000.0,-1790000000.0,-6013000000.0,19341000000.0,18321000000.0,30730500000.0,15386500000.0,32.98276517805313,59.17946653672591,29.12162877905129,2.7286978370111425,1.5207977575152238,3.090486479408106,0.0324902106042967,0.5575221238938053,2016-10-27,3.05,amc,51826139455.0,2025-04-25,2016-09-30,-0.0360655737704917,151.61253968253968,1772066.3174603174
2016-06-30,MCK,USD,927653,2016-07-27,2016-07-27 16:29:38,2017,Q1,49733000000.0,46826000000.0,2907000000.0,0.0584521344,0,1935000000.0,0.0,1935000000.0,19000000.0,1935000000.0,48761000000.0,0.0,79000000.0,242000000.0,1260000000.0,0.0253352905,972000000.0,0.0195443669,-60000000.0,912000000.0,0.0183379245,239000000.0,542000000.0,0.0108981964,2.41,2.38,225000000,228000000,https://www.sec.gov/Archives/edgar/data/927653/000092765316000024/0000927653-16-000024-index.htm,https://www.sec.gov/Archives/edgar/data/927653/000092765316000024/mck_10qx06302016.htm,221.0355555555556,2.408888888888889,8.262222222222222,7.7555555555555555,20.706666666666667,48.13777777777778,-15.284444444444444,41.10666666666667,36.39555555555555,41996250000.0,45447250000.0,19.37096402214022,0.8444342790501277,22.59077461000538,24.066618911174785,4.540626013623094,4.540626013623094,0.9138248245631672,36.06924603174603,24.44714900484131,26.04426934097421,0.0129059142185314,0.0415513289877072,0.8768515515190831,0.1400594086764299,2.738888888888889,1.0673702630283808,12.30379746835443,3.319642857142857,0.0015715688900794,0.1217712177121771,0.0389077674783343,0.0,0.2464423873998342,0.0613232920925228,0.002292240564615,0.4710743801652892,0.0,47.20149715139694,0.0305249942884276,0.0124215061649172,-92.94888888888887,2464000000.0,-3439000000.0,-8035000000.0,19164000000.0,18157000000.0,29504500000.0,15417500000.0,33.17837250919913,58.47520608209115,29.79114167342929,2.712610450529072,1.5391138574809362,3.021032258064516,0.0586009298302519,0.5066666666666667,2016-07-27,3.35,amc,47048548295.0,2025-04-25,2016-06-30,0.044776119402985,146.46645161290323,1925963.6129032257
2016-03-31,MCK,USD,927653,2016-05-05,2016-05-05 16:12:14,2016,Q4,46678000000.0,43826000000.0,2852000000.0,0.0610994473,392000000,1517000000.0,392000000.0,1909000000.0,15000000.0,1909000000.0,45735000000.0,18000000.0,86000000.0,214000000.0,1172000000.0,0.025108188,740000000.0,0.0158532928,-71000000.0,669000000.0,0.0143322336,204000000.0,431000000.0,0.0092334719,1.9,1.88,227000000,229000000,https://www.sec.gov/Archives/edgar/data/927653/000092765316000020/0000927653-16-000020-index.htm,https://www.sec.gov/Archives/edgar/data/927653/000092765316000020/mck_10kx3312016.htm,205.62995594713652,1.8986784140969164,13.682819383259911,12.537444933920703,17.83259911894273,45.87665198237885,-10.541850220264315,39.31277533039648,36.29955947136564,35695750000.0,39801750000.0,20.705191415313223,0.7647232100775526,11.492514488087574,12.54242796907941,3.999971985656656,3.999971985656656,0.8526875615921847,33.96053754266212,12.81447198969736,13.98515460295151,0.0120742665443365,0.0797293795479854,0.9137158225011206,0.1441578416986369,3.5034129692832763,1.095976732913233,8.604651162790697,6.995495495495495,0.0018209450704915,0.1508120649651972,0.0324992501820986,0.0083979604953082,0.2264200979438855,0.0837089504185447,0.0055700758387248,1.2149532710280373,0.0002142336861048,40.98111947173327,0.0222556261427352,0.0098500777036292,-92.284140969163,3366000000.0,-2393000000.0,-7712000000.0,18451000000.0,17691000000.0,27719500000.0,15873000000.0,34.66729508547924,58.70145575685666,31.49158034043718,2.5961067853170188,1.5331817386741298,2.857906749266384,0.0482967279246974,1.145374449339207,2016-05-04,2.92,amc,60069229508.0,2025-04-25,2016-03-31,-0.1643835616438356,147.10460317460317,2620129.1587301586
2015-12-31,MCK,USD,927653,2016-01-27,2016-01-27 16:25:21,2016,Q3,47899000000.0,45027000000.0,2872000000.0,0.0599594981,0,1952000000.0,0.0,1952000000.0,13000000.0,1952000000.0,46979000000.0,0.0,87000000.0,220000000.0,1194000000.0,0.0249274515,920000000.0,0.0192070816,-74000000.0,846000000.0,0.0176621641,204000000.0,634000000.0,0.0132361845,2.76,2.73,230000000,232000000,https://www.sec.gov/Archives/edgar/data/927653/000092765316000016/0000927653-16-000016-index.htm,https://www.sec.gov/Archives/edgar/data/927653/000092765316000016/mck_10qx12312015.htm,208.25652173913045,2.756521739130435,-2.9782608695652173,-3.6,14.808695652173911,44.947826086956525,-10.721739130434782,38.59130434782609,38.28260869565217,45362900000.0,50674900000.0,17.887578864353312,0.9470531743877744,-66.22321167883212,-54.78611111111111,5.11073681838666,5.11073681838666,1.0579531931773103,42.44128978224455,-73.97795620437957,-61.20157004830918,0.0139761787716393,-0.0182528012979769,0.9821991888237944,0.1582587543340534,4.44891122278057,1.1096899562052265,10.57471264367816,-1.0587326120556415,0.0014328889907832,0.1025236593059936,0.0407524165431428,0.0,0.2324323343075498,-0.2087591240875912,0.0029854485479863,0.65,0.0007307041900665,48.92340759763248,0.0323055864313911,0.0149942057091502,-87.33043478260869,3782000000.0,-2466000000.0,-6488000000.0,18698000000.0,17100000000.0,27002500000.0,15999000000.0,32.697551097100146,53.67579452328603,32.802318608834696,2.752499712676704,1.676733447531094,2.743708488209128,0.0714285714285714,0.6217391304347826,2016-01-27,3.13,amc,47145871069.0,2025-04-25,2015-12-31,0.0159744408945687,186.395625,1507560.21875
2015-09-30,MCK,USD,927653,2015-10-29,2015-10-29 16:05:50,2016,Q2,48761000000.0,45917000000.0,2844000000.0,0.058325301,0,1890000000.0,0.0,1890000000.0,17000000.0,1890000000.0,47807000000.0,0.0,91000000.0,222000000.0,1209000000.0,0.0247944054,954000000.0,0.0195648161,-74000000.0,880000000.0,0.0180472099,244000000.0,617000000.0,0.0126535551,2.66,2.63,232000000,235000000,https://www.sec.gov/Archives/edgar/data/927653/000092765315000013/0000927653-15-000013-index.htm,https://www.sec.gov/Archives/edgar/data/927653/000092765315000013/mck_10qx09302015.htm,210.17672413793105,2.659482758620689,3.435344827586207,2.771551724137931,23.099137931034484,44.32327586206897,-11.991379310344827,37.87931034482759,40.85775862068966,42926960000.0,46955960000.0,17.393419773095626,0.8803543815754394,53.86067754077792,66.76043545878693,4.884724624487938,4.884724624487938,0.9629818912655606,38.83867659222498,58.91588456712672,73.02637636080871,0.0143732516814607,0.0149789316550717,1.0682749203459263,0.1681864598075924,3.332506203473945,1.114277498202732,10.483516483516484,1.265079365079365,0.0012812460980232,0.0891410048622366,0.038760484813683,0.0,0.2340600870671277,0.1932245922208281,0.0031582617255593,0.6936936936936937,0.0,47.609199608232274,0.0309240140913983,0.0144313982317443,-85.28017241379311,3974000000.0,-2782000000.0,-6787000000.0,19147000000.0,16741000000.0,26735000000.0,15259500000.0,31.004696376202297,53.21754470021996,30.551429753686,2.902786045957852,1.6911715958896545,2.94585231282479,0.0702093764223941,0.6637931034482759,2015-10-29,2.99,bmo,44046945619.0,2025-04-25,2015-09-30,0.1070234113712374,175.4178125,1608638.53125
2015-06-30,MCK,USD,927653,2015-07-29,2015-07-29 16:26:47,2016,Q1,47546000000.0,44698000000.0,2848000000.0,0.0598998864,0,1917000000.0,0.0,1917000000.0,13000000.0,1917000000.0,46615000000.0,0.0,89000000.0,229000000.0,1151000000.0,0.0242081353,931000000.0,0.0195810373,-76000000.0,855000000.0,0.0179825853,256000000.0,576000000.0,0.0121145838,2.49,2.45,232000000,235000000,https://www.sec.gov/Archives/edgar/data/927653/000092765315000006/0000927653-15-000006-index.htm,https://www.sec.gov/Archives/edgar/data/927653/000092765315000006/mck_10qx06302015.htm,204.93965517241372,2.4827586206896552,1.956896551724138,1.4396551724137931,24.28879310344828,44.69396551724138,-12.95689655172414,38.15948275862069,42.60775862068966,52155920000.0,56316920000.0,22.63711805555555,1.096957052117949,114.88088105726872,156.15544910179642,5.891327233706089,5.891327233706089,1.1844723005089808,48.92868809730669,124.0460792951542,168.61353293413174,0.0110438086414734,0.0064038751497433,1.1065175646673444,0.1751631649530621,3.61511728931364,1.112421769099876,10.460674157303371,0.7707979626485568,0.0011312234545953,0.1024305555555555,0.0403188491145417,0.0,0.2391595887349128,0.2643171806167401,0.0025238716190636,0.5240174672489083,0.0,46.16998654483815,0.0284748294963958,0.0135370152761457,-85.95689655172414,3898000000.0,-3006000000.0,-6985000000.0,19373000000.0,16299000000.0,25742500000.0,14614000000.0,31.58120556934337,52.993646248154285,30.0657747550226,2.8497962119395828,1.6983168053497473,2.9934369140101795,0.0650626906133514,0.5172413793103449,2015-07-29,2.9,amc,43911910828.0,2025-04-25,2015-06-30,0.0827586206896552,161.57967213114756,2131762.7377049183
2015-03-31,MCK,USD,927653,2015-05-12,2015-05-12 16:56:22,2015,Q4,44925000000.0,42008000000.0,2917000000.0,0.0649304396,392000000,1495000000.0,572000000.0,2067000000.0,10000000.0,2067000000.0,44075000000.0,20000000.0,90000000.0,224000000.0,942000000.0,0.0209682805,700000000.0,0.0155815248,-92000000.0,620000000.0,0.0138007791,209000000.0,132000000.0,0.0029382304,0.57,0.56,232000000,236000000,https://www.sec.gov/Archives/edgar/data/927653/000162828015004098/0001628280-15-004098-index.htm,https://www.sec.gov/Archives/edgar/data/927653/000162828015004098/mck_10kx3312015.htm,193.64224137931035,0.5689655172413793,8.116379310344827,7.512931034482759,23.02155172413793,40.82327586206897,-16.323275862068964,34.48706896551724,42.81896551724138,52478400000.0,56981400000.0,99.39090909090908,1.1681335559265442,27.86956983536909,30.108089500860583,6.558980127484065,6.558980127484065,1.2683672787979967,60.48980891719745,30.26096654275093,32.69156626506024,0.0025153205890423,0.0332136650507637,1.2303462067241595,0.1827362168182661,4.780254777070064,1.0947249007373794,7.777777777777778,13.07638888888889,0.0010671057044422,0.4242424242424242,0.0332776850306065,0.008725653867557,0.2461110079821793,0.0743494423791821,0.0031163049526989,0.625,0.0010461880912632,21.011757261646498,0.021056961386056,0.0032502708559046,-86.09698275862068,3173000000.0,-3787000000.0,-7729000000.0,18476000000.0,16247500000.0,25185500000.0,14837000000.0,31.881135225375623,53.91687297657589,30.62845172348124,2.8229860500188515,1.669236271159501,2.938444320089536,0.0164979377577802,0.603448275862069,2015-05-12,2.75,amc,40430612244.0,2025-04-25,2015-03-31,0.069090909090909,188.79859375,1860377.109375
2014-12-31,MCK,USD,927653,2015-02-05,2015-02-05 16:43:42,2015,Q3,47005000000.0,44063000000.0,2942000000.0,0.0625890863,0,2162000000.0,0.0,2162000000.0,13000000.0,2162000000.0,46225000000.0,0.0,97000000.0,250000000.0,1073000000.0,0.0228273588,780000000.0,0.0165939794,-81000000.0,696000000.0,0.0148069354,183000000.0,472000000.0,0.0100414849,2.03,2.0,232000000,236000000,https://www.sec.gov/Archives/edgar/data/927653/000162828015000491/0001628280-15-000491-index.htm,https://www.sec.gov/Archives/edgar/data/927653/000162828015000491/mck_10qx12312014.htm,202.60775862068965,2.034482758620689,4.586206896551724,4.012931034482759,19.77155172413793,45.76293103448276,-13.80603448275862,39.1551724137931,45.2198275862069,48158560000.0,53965560000.0,25.507711864406783,1.024541219019253,45.2618045112782,51.72777658431794,5.301470717745487,5.301470717745487,1.148081267950218,50.29409133271202,50.71951127819549,57.96515574650913,0.0098009575037127,0.0193319733812638,1.1442095992954646,0.1886046089638904,5.41192917054986,1.1331075721520532,8.041237113402062,2.0821917808219177,0.0011628254665421,0.1186440677966101,0.0459951069035209,0.0,0.2507711849029214,0.125,0.0028294862248696,0.532,0.0009573449633017,42.33629378795877,0.0242119938135796,0.0114313393073383,-85.26400862068965,4363000000.0,-3203000000.0,-7352000000.0,20339000000.0,15986000000.0,23930500000.0,14720500000.0,31.74747367301351,51.48196899893335,31.41002655289018,2.834871238164164,1.748184883951597,2.865327090648979,0.0519594892118009,0.5732758620689655,2015-02-05,2.62,amc,42450882352.0,2025-04-25,2014-12-31,0.1030534351145038,211.945625,1608649.46875
2014-09-30,MCK,USD,927653,2014-10-28,2014-10-28 16:42:17,2015,Q2,44758000000.0,41835000000.0,2923000000.0,0.0653067608,0,2135000000.0,0.0,2135000000.0,24000000.0,2135000000.0,43970000000.0,0.0,99000000.0,259000000.0,1075000000.0,0.0240180526,788000000.0,0.0176057911,-73000000.0,713000000.0,0.0159301131,222000000.0,469000000.0,0.0104785737,2.02,1.99,232000000,235000000,https://www.sec.gov/Archives/edgar/data/927653/000144530514004514/0001445305-14-004514-index.htm,https://www.sec.gov/Archives/edgar/data/927653/000144530514004514/mck_10qx09302014.htm,192.92241379310343,2.021551724137931,-0.0732758620689655,-0.7327586206896551,16.396551724137932,45.37068965517241,-15.810344827586206,38.49568965517241,45.99568965517241,45163440000.0,51931440000.0,24.074328358208952,1.0090584923365655,-2656.6729411764704,-265.66729411764703,5.0569297950957335,5.0569297950957335,1.1602716832744984,48.30831627906976,-3054.7905882352943,-305.4790588235294,0.0103845056975287,-0.0037641065428142,1.1837420221699697,0.2024046561494869,6.295813953488372,1.1548215563963595,7.959595959595959,-0.0356394129979035,0.0012399409788094,0.1194029850746268,0.0477009696590553,0.0,0.2717491193138306,-9.0,0.0034183833057777,0.5907335907335908,0.0,41.84463078307158,0.0227553975904479,0.0123297754876702,-83.30711206896552,4542000000.0,-3668000000.0,-7827000000.0,20910000000.0,15155500000.0,22734000000.0,14093500000.0,30.948433799544212,48.7400501972033,30.25385442811044,2.9080631537911765,1.8465307203389831,2.974827561686696,0.0525137162691747,0.6594827586206896,2014-10-28,2.74,amc,43210322580.0,2025-04-25,2014-09-30,0.0182481751824816,231.21079365079365,973077.015873016
2014-06-30,MCK,USD,927653,2014-07-31,2014-07-31 16:17:18,2015,Q1,44058000000.0,41261000000.0,2797000000.0,0.0634844977,0,2109000000.0,0.0,2109000000.0,20000000.0,2109000000.0,43370000000.0,0.0,101000000.0,284000000.0,1010000000.0,0.022924327,688000000.0,0.0156157792,-77000000.0,607000000.0,0.0137772936,182000000.0,403000000.0,0.0091470335,1.75,1.72,231000000,235000000,https://www.sec.gov/Archives/edgar/data/927653/000144530514003299/0001445305-14-003299-index.htm,https://www.sec.gov/Archives/edgar/data/927653/000144530514003299/mck_10qx06302014.htm,190.72727272727272,1.744588744588745,0.7878787878787878,0.2727272727272727,17.77056277056277,46.6017316017316,-17.558441558441558,38.87012987012987,46.64069264069264,43014510000.0,49582510000.0,26.683939205955333,0.9763155386081984,236.34346153846155,682.77,4.790567991981289,4.790567991981289,1.125391756321213,49.09159405940594,272.4313736263736,787.0239682539683,0.0093689315535618,0.0014646220542788,1.1886624345695511,0.2013545636343055,6.502970297029703,1.1616686613096256,6.811881188118812,0.4428223844282238,0.0013716301778167,0.1464019851116625,0.047868718507422,0.0,0.2796098554880579,0.6538461538461539,0.0027009850651414,0.4190140845070422,0.0,39.06121860775666,0.0198293065622323,0.0105538824145606,-86.07792207792208,4728000000.0,-4056000000.0,-8268000000.0,21758000000.0,13480000000.0,21970000000.0,13716000000.0,30.478006264469563,49.75836746564552,30.807784590775796,2.9529490616621983,1.8087410135016653,2.9213395638629285,0.0448825036195567,0.5151515151515151,2014-07-31,2.34,bmo,40682361445.0,2025-04-25,2014-06-30,0.0641025641025642,221.79868852459012,1009015.606557377
2014-03-31,MCK,USD,927653,2014-05-14,2014-05-13 21:41:08,2014,Q4,38141000000.0,35601000000.0,2540000000.0,0.0665950028,456000000,1528000000.0,456000000.0,1984000000.0,25000000.0,1984000000.0,37585000000.0,23000000.0,116000000.0,229000000.0,810000000.0,0.0212369891,556000000.0,0.0145774888,-91000000.0,465000000.0,0.0121916048,103000000.0,371000000.0,0.0097270654,1.61,1.58,230000000,235000000,https://www.sec.gov/Archives/edgar/data/927653/000144530514002132/0001445305-14-002132-index.htm,https://www.sec.gov/Archives/edgar/data/927653/000144530514002132/mck_10kx3312014.htm,165.8304347826087,1.6130434782608696,11.582608695652176,11.065217391304348,18.230434782608697,44.86086956521739,-20.13478260869565,37.05217391304348,47.10869565217392,40611100000.0,47137100000.0,27.36597035040431,1.064762329251986,15.244406906906905,15.95721021611002,4.765442384416804,4.765442384416804,1.235864293018012,58.19395061728395,17.694106606606606,18.521453831041256,0.0091354334159872,0.0626675958050877,1.2578033325510445,0.207094418362024,8.056790123456791,1.1041320633198874,4.793103448275862,7.278688524590164,0.0014774285847957,0.1617250673854447,0.0400618756718491,0.0119556382895047,0.2888193357676926,0.0446696696696696,0.0031200020974804,0.519650655021834,0.0011798327259379,36.67086402624026,0.0181798064073538,0.0100787829394186,-93.75652173913043,3072000000.0,-4631000000.0,-8868000000.0,20243000000.0,11395000000.0,18883000000.0,12385000000.0,28.41037204058625,53.41198280947164,33.642875200134824,3.1678571428571427,1.6850151457781144,2.675157799819657,0.0435343816005632,0.5173913043478261,2014-05-12,2.38,amc,35606588235.0,2025-04-25,2014-03-31,0.0714285714285714,203.14625,1019815.734375
2013-12-31,MCK,USD,927653,2014-01-30,2014-01-30 16:21:45,2014,Q3,34306000000.0,32466000000.0,1840000000.0,0.0536349327,0,1337000000.0,0.0,1337000000.0,-8000000.0,1337000000.0,33803000000.0,0.0,69000000.0,159000000.0,654000000.0,0.0190637206,485000000.0,0.0141374687,-75000000.0,408000000.0,0.0118929633,252000000.0,64000000.0,0.0018655629,0.28,0.28,230000000,234000000,https://www.sec.gov/Archives/edgar/data/927653/000144530514000159/0001445305-14-000159-index.htm,https://www.sec.gov/Archives/edgar/data/927653/000144530514000159/mck_10qx12312013.htm,149.15652173913043,0.2782608695652174,-1.482608695652174,-1.9130434782608696,10.569565217391304,34.9,-1.4739130434782608,34.9,21.491304347826087,37122000000.0,39565000000.0,145.0078125,1.0820847665131463,-108.86217008797654,-84.36818181818182,4.624641833810888,4.624641833810888,1.153296799393692,60.49694189602447,-116.02639296187684,-89.92045454545455,0.0017240450406766,-0.0118528096546522,0.6072006976454466,0.1336111187258422,3.735474006116208,1.152027027027027,7.028985507246377,-5.328125,0.0014816012068315,0.859375,0.0389727744417886,0.0,0.2293374270128018,-0.2903225806451613,0.0028857925727278,0.6226415094339622,0.0012242756369148,14.781892565774076,0.0124223724859718,0.0022765268736883,-53.16304347826087,3330000000.0,-339000000.0,-3218000000.0,13055000000.0,10535500000.0,16536500000.0,10973000000.0,28.2020637789308,46.12271299205323,31.774163740528557,3.191255813953489,1.9513162639740351,2.8324899668469725,0.0079730908184876,0.4304347826086956,2014-01-30,1.85,amc,43571200000.0,2025-04-25,2013-12-31,-0.2162162162162162,192.485,920279.453125
2013-09-30,MCK,USD,927653,2013-10-24,2013-10-24 16:40:22,2014,Q2,32954000000.0,30945000000.0,2009000000.0,0.0609637677,0,1295000000.0,0.0,1295000000.0,9000000.0,1295000000.0,32240000000.0,0.0,59000000.0,162000000.0,904000000.0,0.0274321782,679000000.0,0.020604479,-50000000.0,629000000.0,0.0190872125,213000000.0,404000000.0,0.0122595133,1.76,1.74,229000000,233000000,https://www.sec.gov/Archives/edgar/data/927653/000144530513002484/0001445305-13-002484-index.htm,https://www.sec.gov/Archives/edgar/data/927653/000144530513002484/mck_10qx09302013.htm,143.90393013100436,1.7641921397379912,0.4235807860262008,0.0,12.925764192139738,34.88646288209607,-2.11353711790393,34.88646288209607,21.541484716157207,29380700000.000004,31294700000.000004,18.181126237623765,0.891567032833647,302.8938144329897,0.0,3.6776442608586817,3.6776442608586817,0.9496479941736968,34.61803097345133,322.6257731958763,0.0,0.0137505233027123,0.0,0.610088872199274,0.1355885052994686,2.1172566371681416,1.148089246456803,11.508474576271189,0.2400990099009901,0.0015656536433781,0.1138613861386138,0.0392972021605874,0.0,0.2357081258519487,1.0,0.0029434969958123,0.5987654320987654,0.0,37.21282750607294,0.030096398530938,0.0147048118220863,-52.46834061135371,3166000000.0,-484000000.0,-3413000000.0,12987000000.0,10167000000.0,16544500000.0,10408000000.0,28.18747344783637,47.79932137663597,30.491517207949588,3.192907663986048,1.882871919683602,2.9516405951926745,0.0505695331080235,0.4235807860262008,2013-10-24,2.04,bmo,29642907488.0,2025-04-25,2013-09-30,0.1127450980392156,177.9125396825397,1349354.396825397
2013-06-30,MCK,USD,927653,2013-07-25,2013-07-25 16:23:03,2014,Q1,32208000000.0,30288000000.0,1920000000.0,0.0596125186,0,1258000000.0,0.0,1258000000.0,6000000.0,1258000000.0,31546000000.0,0.0,59000000.0,154000000.0,823000000.0,0.0255526577,647000000.0,0.0200881769,-53000000.0,594000000.0,0.018442623,174000000.0,424000000.0,0.0131644312,1.86,1.83,227000000,232000000,https://www.sec.gov/Archives/edgar/data/927653/000156178713000013/0001561787-13-000013-index.htm,https://www.sec.gov/Archives/edgar/data/927653/000156178713000013/mck_10qx06302013.htm,141.88546255506608,1.86784140969163,3.154185022026432,2.7136563876651985,12.797356828193832,32.63436123348018,-4.625550660792952,32.63436123348018,21.73127753303965,26372860000.0,28341860000.0,15.55003537735849,0.8188294833581719,36.83360335195531,42.81308441558441,3.5600512958963284,3.5600512958963284,0.8799633631395927,34.4372539489672,39.5836033519553,46.00951298701299,0.0160771338413808,0.0233573453921948,0.6579373650107991,0.1373305908540193,2.392466585662212,1.1203854569154137,10.966101694915254,1.6886792452830188,0.0020096417301726,0.125,0.0390586189766517,0.0,0.2383139387450339,0.1396648044692737,0.0031048186785891,0.6493506493506493,0.0,37.03384606061614,0.0318531365739275,0.0156845337180483,-55.07599118942731,2586000000.0,-1050000000.0,-4016000000.0,12377000000.0,9994000000.0,16381000000.0,10333500000.0,27.979694485842025,49.48692551505547,30.701267828843108,3.2166183960850896,1.818662183259277,2.9314750290360045,0.0572354211663066,0.4405286343612334,2013-07-25,1.71,amc,26632217391.0,2025-04-25,2013-06-30,0.2105263157894736,174.7444262295082,1848638.8688524591
2013-03-31,MCK,USD,927653,2013-05-07,2013-05-07 16:33:17,2013,Q4,30620000000.0,28624000000.0,1996000000.0,0.0651861528,433000000,864000000.0,-805000000.0,864000000.0,-18000000.0,1344000000.0,29968000000.0,22000000.0,70000000.0,163000000.0,619000000.0,0.0202155454,640000000.0,0.0209013717,-254000000.0,386000000.0,0.0126061398,127000000.0,259000000.0,0.0084585238,1.14,1.14,227000000,227000000,https://www.sec.gov/Archives/edgar/data/927653/000156178713000010/0001561787-13-000010-index.htm,https://www.sec.gov/Archives/edgar/data/927653/000156178713000010/mck_10kx3312013.htm,134.88986784140968,1.1409691629955947,9.722466960352422,9.11453744493392,10.819383259911897,31.145374449339208,-7.070484581497797,31.145374449339208,21.77533039647577,24500110000.0,26917110000.0,23.648754826254827,0.800134225996081,11.101091980063435,11.841522474625425,3.4653620933521925,3.4653620933521925,0.879069562377531,43.48483037156704,12.19624376982329,13.00971967133881,0.0105713811080848,0.0844486004348551,0.6892503536067892,0.1400850917035589,3.9046849757673674,1.0848901999344478,9.142857142857142,8.521235521235521,0.0019183587338995,0.1814671814671814,0.0282168517308948,0.0141410842586544,0.249381935261312,0.0625283189850475,0.0045068582625734,0.8466257668711656,0.0014369693011103,28.27645691869043,0.0311610225537676,0.0099191911454942,-55.55616740088106,1813000000.0,-1605000000.0,-4546000000.0,11809000000.0,9968500000.0,15577500000.0,10362500000.0,29.31907250163292,50.647009502515374,32.495458356623814,3.069674185463659,1.7770052148000994,2.769617803580068,0.0366336633663366,0.6079295154185022,2013-05-07,2.31,amc,48404689655.0,2025-04-25,2013-03-31,-0.0043290043290044,153.59421875,1662068.828125
2012-12-31,MCK,USD,927653,2013-01-31,2013-01-31 16:21:52,2013,Q3,31187000000.0,29519000000.0,1668000000.0,0.0534838234,0,1183000000.0,0.0,1183000000.0,10000000.0,1183000000.0,30702000000.0,0.0,59000000.0,146000000.0,639000000.0,0.0204893064,485000000.0,0.0155513515,-49000000.0,436000000.0,0.0139801841,138000000.0,298000000.0,0.0095552634,1.27,1.24,235000000,240000000,https://www.sec.gov/Archives/edgar/data/927653/000156178713000004/0001561787-13-000004-index.htm,https://www.sec.gov/Archives/edgar/data/927653/000156178713000004/mck_10qx12312012.htm,132.71063829787235,1.2680851063829788,-0.7787234042553192,-1.2085106382978723,11.6,32.54893617021276,2.297872340425532,32.54893617021276,19.31063829787234,22785600000.0,24538600000.0,19.115436241610738,0.7306121140218681,-124.51147540983604,-80.23098591549295,2.978899202510132,2.978899202510132,0.786821432006926,38.40156494522691,-134.09071038251366,-86.40352112676057,0.0130784355031247,-0.0124640123586826,0.5855667407504249,0.1339694314001136,2.7433489827856024,1.159887173396675,8.220338983050848,-0.6140939597315436,0.002062706270627,0.1577181208053691,0.0379324718632763,0.0,0.212634223671223,-0.5519125683060109,0.0032385288742104,0.6917808219178082,0.0013146503350755,30.47430846936946,0.0241417832414298,0.0113204680139796,-44.21914893617021,3231000000.0,540000000.0,-2345000000.0,11587000000.0,9892500000.0,15274000000.0,10230000000.0,28.74851701029275,45.876554083810426,31.677902367966396,3.130596265810078,1.9617864026051703,2.841097208854668,0.0389593410903386,0.4297872340425532,2013-01-31,1.63,amc,33349585526.0,2025-04-25,2012-12-31,-0.067484662576687,122.84609375,954298.859375
2012-09-30,MCK,USD,927653,2012-10-25,2012-10-25 16:12:17,2013,Q2,29850000000.0,28130000000.0,1720000000.0,0.0576214405,0,1065000000.0,0.0,1065000000.0,0.0,1065000000.0,29195000000.0,0.0,55000000.0,142000000.0,743000000.0,0.0248911223,611000000.0,0.0204690117,-45000000.0,566000000.0,0.018961474,165000000.0,401000000.0,0.0134338358,1.7,1.67,236000000,240000000,https://www.sec.gov/Archives/edgar/data/927653/000155880312000004/0001558803-12-000004-index.htm,https://www.sec.gov/Archives/edgar/data/927653/000155880312000004/mck_10qx9302012.htm,126.48305084745763,1.6991525423728813,4.283898305084746,3.9322033898305087,11.995762711864408,32.690677966101696,3.76271186440678,32.690677966101696,15.40677966101695,20274760000.0,21024760000.0,12.640124688279302,0.6792214405360134,20.054164193867457,21.84780172413793,2.627966299416721,2.627966299416721,0.7043470686767169,28.2971197846568,20.79600395647873,22.655991379310343,0.0197782859081932,0.0457711953187115,0.4641607258587167,0.1086204804659063,1.009421265141319,1.1128192771084338,11.10909090909091,2.521197007481297,0.0023181532111847,0.1172069825436409,0.0356783919597989,0.0,0.2070795923319582,0.0820969337289812,0.0027805695142378,0.5845070422535211,0.0013400335008375,35.35244111804563,0.0340155292662027,0.0153398875329941,-42.456567796610166,2341000000.0,888000000.0,-2162000000.0,10391000000.0,9693500000.0,15326000000.0,10064500000.0,29.61708542713568,49.59438322076075,32.21827230714539,3.0387865214292984,1.814721630862525,2.7934458788480634,0.0519766688269604,0.3516949152542373,2012-10-25,1.78,bmo,27585364583.0,2025-04-25,2012-09-30,0.0786516853932583,111.3040625,1212570.25
2012-06-30,MCK,USD,927653,2012-07-26,2012-07-26 16:23:16,2013,Q1,30798000000.0,29198000000.0,1600000000.0,0.0519514254,0,1086000000.0,0.0,1086000000.0,-81000000.0,1005000000.0,30203000000.0,0.0,56000000.0,140000000.0,709000000.0,0.0230209754,579000000.0,0.0187999221,-45000000.0,531000000.0,0.0172413793,151000000.0,380000000.0,0.0123384635,1.61,1.58,236000000,240000000,https://www.sec.gov/Archives/edgar/data/927653/000119312512316890/0001193125-12-316890-index.htm,https://www.sec.gov/Archives/edgar/data/927653/000119312512316890/d371102d10q.htm,130.5,1.6101694915254237,-2.3389830508474576,-2.694915254237288,8.529661016949152,30.521186440677965,2.1186440677966103,30.521186440677965,15.40677966101695,22125000000.0,23692000000.0,14.55592105263158,0.7183908045977011,-40.08152173913044,-34.7877358490566,3.0716368179925038,3.0716368179925038,0.7692707318657056,33.41607898448519,-42.92028985507246,-37.25157232704402,0.0171751412429378,-0.0287457627118644,0.4970151325836457,0.112763008693461,2.2101551480959096,1.0973777180673732,10.339285714285714,-1.4526315789473685,0.0023954802259887,0.1394736842105263,0.0352620300019481,0.0,0.2111314098525891,-0.1521739130434782,0.0027274498344048,0.6,0.0013637249172024,33.25276489509751,0.0340776611963052,0.0151726891595128,-43.769067796610166,1957000000.0,500000000.0,-2491000000.0,9881000000.0,9770500000.0,15632500000.0,10066000000.0,27.948568088836936,46.7014864031783,31.005890814439347,3.2202007528230867,1.9271335225397663,2.902674222089671,0.0527557961960294,0.3559322033898305,2012-07-26,1.48,amc,29312593548.0,2025-04-25,2012-06-30,0.0472972972972973,104.9645,1489675.7333333334
2012-03-31,MCK,USD,927653,2012-05-02,2012-05-02 16:33:22,2012,Q4,31699000000.0,29854000000.0,1845000000.0,0.0582037288,440000000,694000000.0,764000000.0,694000000.0,440000000.0,1134000000.0,30988000000.0,19000000.0,59000000.0,143000000.0,859000000.0,0.0270986466,707000000.0,0.0223035427,-50000000.0,657000000.0,0.0207262059,136000000.0,521000000.0,0.0164358497,2.21,2.21,236000000,236000000,https://www.sec.gov/Archives/edgar/data/927653/000119312512204736/0001193125-12-204736-index.htm,https://www.sec.gov/Archives/edgar/data/927653/000119312512204736/d318930d10k.htm,134.3177966101695,2.207627118644068,5.228813559322034,4.822033898305085,13.34322033898305,28.944915254237287,0.2076271186440678,28.944915254237287,17.114406779661017,20713720000.0,21544720000.0,9.93940499040307,0.6534502665699233,16.78583468395462,18.201862917398945,3.032311521007173,3.032311521007173,0.6796656045932048,25.0811641443539,17.459254457050243,18.932091388400703,0.0251524110589503,0.0549394314493002,0.5826379739423218,0.1202671259783035,0.9674039580908032,1.0883980448215438,11.983050847457626,2.3685220729366603,0.0023655818462352,0.0940499040307101,0.0218934351241364,0.0138805640556484,0.2049376000966971,0.0777957860615883,0.0030284867030505,0.6713286713286714,0.0012934161960945,37.91754932610286,0.0455257753874542,0.0198016038919083,-44.88877118644068,1917000000.0,49000000.0,-2659000000.0,9742000000.0,9825000000.0,15895500000.0,10224500000.0,28.32676109656456,48.57841495277015,30.36678502043277,3.177207577428085,1.8526746928137023,2.9637645190112183,0.0762699458351632,0.4067796610169492,2012-04-30,2.06,amc,31243990430.0,2025-04-25,2012-03-31,0.0145631067961164,93.295,1314402.8064516129
2011-12-31,MCK,USD,927653,2012-01-30,2012-01-30 16:47:07,2012,Q3,30839000000.0,29273000000.0,1566000000.0,0.0507798567,0,1047000000.0,0.0,1047000000.0,1047000000.0,1047000000.0,30320000000.0,0.0,64000000.0,137000000.0,627000000.0,0.0203313986,492000000.0,0.0159538247,-66000000.0,426000000.0,0.0138136775,126000000.0,300000000.0,0.0097279419,1.22,1.2,246000000,251000000,https://www.sec.gov/Archives/edgar/data/927653/000119312512029656/0001193125-12-029656-index.htm,https://www.sec.gov/Archives/edgar/data/927653/000119312512029656/d280827d10q.htm,125.36178861788618,1.2195121951219512,1.304878048780488,0.9796747967479674,17.036585365853657,30.308943089430898,6.577235772357724,30.308943089430898,16.46747967479675,19165860000.0,18961860000.0,15.97155,0.6214812412853854,59.70672897196261,79.52639004149377,2.5705284334763947,2.5705284334763947,0.6148662407989883,30.2422009569378,59.07121495327103,78.67991701244813,0.0156528326931324,0.012574442263483,0.5347371244635193,0.1202461018789396,-0.3253588516746411,1.1860487569394158,7.6875,1.07,0.0025566293398783,0.1633333333333333,0.0339505172022439,0.0,0.1760714178001628,0.249221183800623,0.0025941178378027,0.583941605839416,0.0011349265540387,28.83830488557551,0.0269612382880271,0.0109813682784874,-36.858739837398375,3854000000.0,1618000000.0,-1132000000.0,10707000000.0,9430000000.0,15286000000.0,9901000000.0,28.2295145756996,48.19902299046903,31.90106924469648,3.188152589682622,1.8672577661542389,2.8212220508866617,0.0402360515021459,0.3252032520325203,2012-01-30,1.37,amc,30178164285.0,2025-04-25,2011-12-31,0.0218978102189779,89.66984126984127,1520252.9206349207
2011-09-30,MCK,USD,927653,2011-10-25,2011-10-25 16:32:36,2012,Q2,30216000000.0,28569000000.0,1647000000.0,0.0545075457,0,1051000000.0,0.0,1051000000.0,1051000000.0,1051000000.0,29620000000.0,0.0,64000000.0,136000000.0,620000000.0,0.0205189304,478000000.0,0.0158194334,-58000000.0,420000000.0,0.0138999206,124000000.0,296000000.0,0.0097961345,1.2,1.18,246000000,250000000,https://www.sec.gov/Archives/edgar/data/927653/000119312511280331/0001193125-11-280331-index.htm,https://www.sec.gov/Archives/edgar/data/927653/000119312511280331/d241473d10q.htm,122.82926829268293,1.2032520325203253,4.345528455284553,3.8658536585365857,16.028455284552845,28.92682926829268,5.065040650406504,28.92682926829268,16.48780487804878,17884200000.0,17933200000.0,15.104898648648648,0.591878474980143,16.72984097287184,18.805678233438485,2.513237774030354,2.513237774030354,0.5935001323801959,28.92451612903226,16.775678203928905,18.85720294426919,0.0165509220429205,0.0531754285905995,0.5609893198426082,0.1251136114332278,0.0790322580645161,1.1721844293272865,7.46875,3.6114864864864864,0.0027957638586014,0.1689189189189189,0.0347828964786867,0.0,0.1839721691164948,0.1103835360149672,0.0039052157797193,0.8676470588235294,0.0012907069102462,27.984656287105548,0.0270019389609001,0.0113684372239505,-37.58028455284553,3417000000.0,1246000000.0,-1529000000.0,10293000000.0,9279500000.0,14721000000.0,9478000000.0,27.36397934868944,46.9232384752704,29.694424026042217,3.2889953194731687,1.9180261832829808,3.030872056015277,0.0415964024732996,0.4796747967479675,2011-10-25,1.39,amc,25767018404.0,2025-04-25,2011-09-30,0.1726618705035971,89.55444444444444,1871264.015873016
2011-06-30,MCK,USD,927653,2011-07-28,2011-07-28 16:24:57,2012,Q1,29980000000.0,28471000000.0,1509000000.0,0.0503335557,0,1037000000.0,0.0,1037000000.0,1037000000.0,1037000000.0,29508000000.0,0.0,64000000.0,135000000.0,615000000.0,0.0205136758,472000000.0,0.0157438292,-56000000.0,416000000.0,0.0138759173,130000000.0,286000000.0,0.0095396931,1.15,1.13,249000000,254000000,https://www.sec.gov/Archives/edgar/data/927653/000095012311069615/0000950123-11-069615-index.htm,https://www.sec.gov/Archives/edgar/data/927653/000095012311069615/f59251e10vq.htm,120.4016064257028,1.1485943775100402,1.3092369477911647,0.8714859437751004,12.514056224899598,27.779116465863453,3.65863453815261,27.779116465863453,16.27710843373494,20828850000.0,21701850000.0,18.207036713286712,0.6947581721147431,63.892177914110434,95.98548387096774,3.0112548792829266,3.0112548792829266,0.7238775850567045,35.28756097560976,66.57009202453987,100.00852534562212,0.0137309549014948,0.0104182420056796,0.576695099031372,0.1286068929941645,1.4195121951219511,1.1688433810469123,7.375,1.1398601398601398,0.0022564855957001,0.1643356643356643,0.0345897264843228,0.0,0.1936357481381178,0.3343558282208589,0.0036357571714476,0.8074074074074075,0.0013008672448298,26.793769465306017,0.0264057287004638,0.0114349686138099,-36.907630522088354,3232000000.0,911000000.0,-1726000000.0,10226000000.0,9279500000.0,7273500000.0,9377500000.0,28.134756504336224,45.98468617189421,30.12539074848091,3.198890311566368,1.9571733003368392,2.987513116474292,0.04134740494434,0.4377510040160642,2011-07-28,1.14,amc,26911181102.0,2025-04-25,2011-06-30,0.1140350877192983,82.22870967741936,1935886.241935484
2011-03-31,MCK,USD,927653,2011-05-05,2011-05-05 16:02:58,2011,Q4,28853000000.0,27102000000.0,1751000000.0,0.0606869303,407000000,508000000.0,743000000.0,508000000.0,407000000.0,915000000.0,28017000000.0,0.0,82000000.0,-213000000.0,640000000.0,0.0221814023,623000000.0,0.0215922088,-65000000.0,558000000.0,0.0193394101,136000000.0,422000000.0,0.0146258621,1.69,1.69,249000000,249000000,https://www.sec.gov/Archives/edgar/data/927653/000095012311045634/0000950123-11-045634-index.htm,https://www.sec.gov/Archives/edgar/data/927653/000095012311045634/f56549e10vk.htm,115.87550200803211,1.6947791164658634,4.016064257028113,3.534136546184739,14.50602409638554,28.995983935742977,5.0120481927710845,28.995983935742977,16.40963855421687,19683450000.0,20075450000.0,11.660811611374408,0.6821976917478252,19.68345,22.36755681818181,2.7262396121883654,2.7262396121883654,0.695783800644647,31.367890625,20.07545,22.813011363636363,0.0214393310115858,0.0447076096924065,0.5545706371191136,0.1296380237000582,0.6125,1.1939015272882625,7.597560975609756,2.3696682464454977,0.0022861845865435,0.1066350710900474,0.017606488060167,0.0141059855127716,0.193356213171016,0.12,0.0041590129275985,-0.5633802816901409,0.0013170207604061,33.25192070847531,0.0486783454998646,0.0169382676406839,-34.342369477911646,3631000000.0,1248000000.0,-1309000000.0,10594000000.0,8917000000.0,6790500000.0,9386000000.0,28.65663882438568,0.0,30.63427053353996,3.140633503864156,0.0,2.9378861788617887,0.0584487534626038,0.4819277108433735,2011-05-03,1.6,amc,27810120481.0,2025-04-25,2011-03-31,0.0374999999999998,77.99222222222222,1655647.0317460315
2010-12-31,MCK,USD,927653,2011-02-01,2011-02-01 17:10:46,2011,Q3,28247000000.0,26786000000.0,1461000000.0,0.0517223068,0,965000000.0,0.0,965000000.0,965000000.0,965000000.0,27751000000.0,0.0,53000000.0,114000000.0,428000000.0,0.0151520515,307000000.0,0.0108684108,-46000000.0,261000000.0,0.0092399193,106000000.0,155000000.0,0.0054873084,0.61,0.6,254000000,258000000,https://www.sec.gov/Archives/edgar/data/927653/000095012311007913/0000950123-11-007913-index.htm,https://www.sec.gov/Archives/edgar/data/927653/000095012311007913/f57361e10vq.htm,111.20866141732284,0.610236220472441,2.125984251968504,1.7874015748031495,12.649606299212598,27.874015748031496,3.9763779527559056,27.874015748031496,16.200787401574804,17876520000.0,18725520000.0,28.833096774193542,0.6328643749778737,33.10466666666666,39.37559471365639,2.5249322033898305,2.5249322033898305,0.6629206641413248,43.75121495327103,34.67688888888889,41.24563876651983,0.0086705913678948,0.0253964418130598,0.573728813559322,0.1336360047374654,1.983644859813084,1.102006604013208,5.79245283018868,3.4838709677419355,0.0025732077607946,0.2967741935483871,0.0341629199561015,0.0,0.1996973285958679,0.1592592592592592,0.003044571104896,0.7543859649122807,0.0011682656565298,19.56320565342068,0.0146228751734709,0.006371783277152,-34.81988188976378,2008000000.0,1010000000.0,-1623000000.0,9012000000.0,8411000000.0,13207500000.0,9155000000.0,27.55089036003823,45.63167326215187,32.07757783916972,3.2666820862726955,1.972314262572712,2.8056981250654656,0.0218926553672316,0.3385826771653543,2011-01-31,1.11,amc,27994794642.0,2025-04-25,2010-12-31,0.009009009009009,78.1215625,2403497.375
2010-09-30,MCK,USD,927653,2010-10-26,2010-10-26 16:24:48,2011,Q2,27534000000.0,26168000000.0,1366000000.0,0.0496113896,0,925000000.0,24000000.0,949000000.0,925000000.0,949000000.0,27117000000.0,0.0,44000000.0,118000000.0,538000000.0,0.0195394785,417000000.0,0.0151449117,-41000000.0,376000000.0,0.0136558437,121000000.0,327000000.0,0.0118762258,1.27,1.25,258000000,262000000,https://www.sec.gov/Archives/edgar/data/927653/000095012310096135/0000950123-10-096135-index.htm,https://www.sec.gov/Archives/edgar/data/927653/000095012310096135/f56548e10vq.htm,106.72093023255816,1.2674418604651163,1.0465116279069768,0.6782945736434108,11.821705426356589,26.414728682170544,10.12015503875969,26.414728682170544,9.003875968992247,15939240000.0,15168240000.0,12.185963302752294,0.5788930050119852,59.03422222222222,91.08137142857144,2.338846661775495,2.338846661775495,0.5508912617127915,28.193754646840148,56.178666666666665,86.67565714285715,0.0205154072590663,0.0109791934872679,0.3344093910491563,0.0850627052851597,-1.433085501858736,1.2355202929508695,9.477272727272728,0.8256880733944955,0.0029486976794376,0.1437308868501529,0.0335948282123919,0.0,0.1569125111973723,0.3518518518518518,0.0034502796542456,0.8050847457627118,0.0011985181956853,27.445955794137664,-0.116524866528154,0.0144767132990968,-24.86143410852713,3859000000.0,2611000000.0,267000000.0,8923000000.0,8003500000.0,6417000000.0,9096000000.0,26.72150795380257,44.14017120146744,30.13871904616325,3.3680733944954127,2.038959015116098,2.98619194339838,0.0479823917828319,0.3682170542635659,2010-10-26,1.09,amc,24600049180.0,2025-04-25,2010-09-30,0.1192660550458714,82.88095238095238,1969806.238095238
2010-06-30,MCK,USD,927653,2010-07-30,2010-07-30 16:38:31,2011,Q1,27450000000.0,26058000000.0,1392000000.0,0.0507103825,0,918000000.0,0.0,918000000.0,918000000.0,918000000.0,26976000000.0,0.0,43000000.0,120000000.0,603000000.0,0.0219672131,474000000.0,0.0172677596,-34000000.0,440000000.0,0.0160291439,142000000.0,298000000.0,0.010856102,1.12,1.1,266000000,272000000,https://www.sec.gov/Archives/edgar/data/927653/000095012310070537/0000950123-10-070537-index.htm,https://www.sec.gov/Archives/edgar/data/927653/000095012310070537/f56102e10vq.htm,103.19548872180452,1.1203007518796992,1.9849624060150377,1.6578947368421053,12.274436090225564,25.860902255639097,9.800751879699249,25.860902255639097,8.725563909774436,17864560000.0,16877560000.0,14.987046979865772,0.6508036429872496,33.83439393939394,40.50920634920635,2.596970489896788,2.596970489896788,0.6148473588342441,27.98932006633499,31.96507575757576,38.27111111111111,0.0166810713502039,0.0246857465283219,0.3311527838348597,0.0831417205007482,-1.63681592039801,1.2309650680876258,11.023255813953488,1.7718120805369129,0.0018472327334118,0.110738255033557,0.0334426229508196,0.0,0.1559180992007007,0.1647727272727272,0.0031693989071038,0.725,0.0012021857923497,25.53173976502184,0.0305478421093608,0.0128853720759285,-25.06203007518797,3901000000.0,2607000000.0,271000000.0,9037000000.0,7953500000.0,0.0,9435000000.0,25.678688524590164,0.0,32.56619848031315,3.5048518896833505,0.0,2.7636016544702517,0.0433202500363424,0.3270676691729323,2010-07-30,1.09,bmo,27200454545.0,2025-04-25,2010-06-30,0.0091743119266055,77.13483870967741,2098710.596774193
2010-03-31,MCK,USD,927653,2010-05-04,2010-05-04 16:25:08,2010,Q4,26643000000.0,25060000000.0,1583000000.0,0.059415231,376000000,2586000000.0,-1932000000.0,654000000.0,356000000.0,1010000000.0,26070000000.0,0.0,45000000.0,124000000.0,701000000.0,0.0263108509,573000000.0,0.0215065871,-41000000.0,532000000.0,0.0199677214,184000000.0,348000000.0,0.0130615922,1.31,1.31,266000000,266000000,https://www.sec.gov/Archives/edgar/data/927653/000095012310043581/0000950123-10-043581-index.htm,https://www.sec.gov/Archives/edgar/data/927653/000095012310043581/f54765e10vk.htm,100.16165413533837,1.3082706766917294,2.221804511278195,1.8195488721804511,14.026315789473683,28.31578947368421,11.951127819548873,28.31578947368421,8.800751879699249,17481520000.0,16046520000.0,12.558563218390804,0.6561393236497391,29.579560067681896,36.11884297520661,2.3209665427509294,2.3209665427509294,0.6022790226325864,22.89089871611983,27.151472081218277,33.15396694214876,0.0199067357987177,0.0276863796740786,0.3048327137546468,0.0814502110752421,-2.0470756062767475,1.2640489066541265,12.733333333333333,1.6982758620689655,0.0018877077050508,0.0948275862068965,0.0970611417633149,0.0141125248658184,0.1544219376352477,0.1810490693739424,0.0040160642570281,0.8629032258064516,0.0011635326352137,28.870506295446937,0.0433618173151527,0.0145997650612518,-23.11748120300752,4492000000.0,3179000000.0,847000000.0,9696000000.0,8197000000.0,0.0,9141500000.0,27.27733363359982,0.0,33.90622505985635,3.2994427244582045,0.0,2.654379832644847,0.046202867764206,0.4022556390977443,2010-05-03,1.29,amc,27277357142.0,2025-04-25,2010-03-31,-0.0232558139534883,65.375,2053479.4375
2009-12-31,MCK,USD,927653,2010-01-26,2010-01-26 16:42:35,2010,Q3,28272000000.0,26817000000.0,1455000000.0,0.0514643463,0,946000000.0,0.0,946000000.0,946000000.0,946000000.0,27763000000.0,0.0,47000000.0,126000000.0,660000000.0,0.023344652,509000000.0,0.0180036786,-22000000.0,487000000.0,0.0172255235,161000000.0,326000000.0,0.0115308432,1.21,1.19,269000000,274000000,https://www.sec.gov/Archives/edgar/data/927653/000095012310005311/0000950123-10-005311-index.htm,https://www.sec.gov/Archives/edgar/data/927653/000095012310005311/f54087e10vq.htm,105.1003717472119,1.211895910780669,0.7137546468401487,0.4089219330855018,12.74349442379182,26.479553903345725,10.215613382899628,26.479553903345725,9.509293680297398,16812500000.0,15895500000.0,12.89302147239264,0.5946696378041879,87.56510416666667,152.8409090909091,2.360311666432683,2.360311666432683,0.5622347198641766,24.08409090909091,82.7890625,144.50454545454545,0.0193903345724907,0.006542750929368,0.3525200056156114,0.0911797814009223,-1.3893939393939394,1.232651613665918,10.829787234042554,0.588957055214724,0.001903345724907,0.0981595092024539,0.0334606677985285,0.0,0.1588656087730128,0.4270833333333333,0.0029003961516694,0.6507936507936508,0.0010611205432937,26.87071676811249,0.0314381711924694,0.0140735624244517,-23.52323420074349,3936000000.0,2748000000.0,438000000.0,9146000000.0,8078500000.0,0.0,8720000000.0,26.482385398981325,0.0,29.67446023045083,3.398485394879192,0.0,3.032911106084596,0.0457672329074828,0.3048327137546468,2010-01-26,1.19,amc,28272000000.0,2025-04-25,2009-12-31,0.0,62.9,2850875.734375
2009-09-30,MCK,USD,927653,2009-10-27,2009-10-27 17:07:26,2010,Q2,27130000000.0,25795000000.0,1335000000.0,0.0492075194,0,868000000.0,0.0,868000000.0,888000000.0,868000000.0,26663000000.0,0.0,47000000.0,113000000.0,584000000.0,0.021525986,467000000.0,0.0172134169,-43000000.0,424000000.0,0.0156284556,123000000.0,301000000.0,0.0110947291,1.13,1.11,267000000,271000000,https://www.sec.gov/Archives/edgar/data/927653/000095012309053715/0000950123-09-053715-index.htm,https://www.sec.gov/Archives/edgar/data/927653/000095012309053715/f53314e10vq.htm,101.61048689138576,1.1273408239700375,2.344569288389513,1.9588014981273407,12.04119850187266,25.16479400749064,8.662921348314606,25.16479400749064,9.58052434456929,15899850000.0,15195850000.0,13.205855481727571,0.5860615554736454,25.3991214057508,30.401242829827915,2.366401250186039,2.366401250186039,0.5601124216734242,26.02029109589041,24.27452076677316,29.055162523900577,0.0189309962043667,0.0328933920760258,0.3737163268343503,0.0943134014423077,-1.2054794520547945,1.2137637028014616,9.936170212765957,2.079734219269103,0.002012597603122,0.1063122923588039,0.0319941024695908,0.0,0.1654897836538461,0.1645367412140575,0.0037965352008846,0.911504424778761,0.0010689273866568,25.264782628342896,0.0318132562514371,0.0135475740390674,-24.39138576779026,3510000000.0,2313000000.0,25000000.0,8752000000.0,7685000000.0,0.0,8606500000.0,26.00147438260229,0.0,29.99883698391161,3.461342179127328,0.0,3.0001163061177016,0.0447983330852805,0.3857677902621723,2009-10-27,1.02,amc,25862242990.0,2025-04-25,2009-09-30,0.0490196078431372,67.6547619047619,2692762.904761905
2009-06-30,MCK,USD,927653,2009-07-28,2009-07-28 16:45:15,2010,Q1,26657000000.0,25354000000.0,1303000000.0,0.0488802191,0,844000000.0,0.0,844000000.0,844000000.0,844000000.0,26198000000.0,0.0,48000000.0,111000000.0,580000000.0,0.0217578872,459000000.0,0.0172187418,-38000000.0,421000000.0,0.015793225,133000000.0,288000000.0,0.0108039164,1.07,1.06,270000000,272000000,https://www.sec.gov/Archives/edgar/data/927653/000095012309026374/0000950123-09-026374-index.htm,https://www.sec.gov/Archives/edgar/data/927653/000095012309026374/f53016e10vq.htm,98.72962962962964,1.0666666666666669,3.359259259259259,3.0407407407407407,9.792592592592593,23.225925925925925,6.896296296296296,23.225925925925925,9.47037037037037,11880000000.0,11745000000.0,10.3125,0.4456615523127133,13.098125689084895,14.470158343483556,1.8944346994099823,1.8944346994099823,0.440597216490978,20.25,12.94928335170893,14.305724725943971,0.0242424242424242,0.0691077441077441,0.4000956785201722,0.0975619240191313,-0.2327586206896551,1.1957844551784709,9.5625,3.149305555555556,0.0028619528619528,0.1180555555555555,0.031661477285516,0.0,0.1714430143484854,0.0948180815876515,0.0032261694864388,0.7747747747747747,0.0009003263683085,23.60979081275864,0.0314215200046208,0.0135160503097428,-25.353703703703705,3121000000.0,1862000000.0,-384000000.0,8344000000.0,7653000000.0,0.0,8571000000.0,25.42971827287392,0.0,30.580973416423443,3.539166224110462,0.0,2.943006384213581,0.0459256896826662,0.3185185185185185,2009-07-28,0.86,amc,21627377358.0,2025-04-25,2009-06-30,0.2325581395348838,61.30245901639344,2341131.4590163934
2009-03-31,MCK,USD,927653,2009-05-05,2009-05-05 17:00:00,2009,Q4,26224000000.0,24759000000.0,1465000000.0,0.0558648566,364000000,1096000000.0,743000000.0,1096000000.0,-129000000.0,967000000.0,25726000000.0,0.0,0.0,111000000.0,621000000.0,0.0236805979,498000000.0,0.0189902379,-101000000.0,397000000.0,0.0151388041,116000000.0,281000000.0,0.0107153752,1.04,1.04,270000000,270000000,https://www.sec.gov/Archives/edgar/data/927653/000095013409009477/0000950134-09-009477-index.htm,https://www.sec.gov/Archives/edgar/data/927653/000095013409009477/f52248e10vk.htm,97.12592592592593,1.0407407407407407,2.285185185185185,1.9,7.811111111111111,22.93703703703704,6.603703703703704,22.93703703703704,9.292592592592593,9460800000.0,9860800000.0,8.417081850533808,0.3607687614399024,15.33354943273906,18.44210526315789,1.5276602615856612,1.5276602615856612,0.3760219646125686,15.87890499194847,15.981847649918963,19.221832358674465,0.0297015051581261,0.0542237442922374,0.4051348296463749,0.0992994815371828,0.644122383252818,1.196398820966295,0.0,2.195729537366548,0.0034880771182141,0.1174377224199288,0.0417937766931055,0.0138804148871262,0.1745359559900265,0.1685575364667747,0.0039658328248932,0.9369369369369368,0.0058724832214765,23.17561111637153,0.0356769903833406,0.013472695018459,-25.44814814814815,3065000000.0,1783000000.0,-403000000.0,8271000000.0,7681000000.0,6163000000.0,8961000000.0,26.680140329469182,0.0,30.99600145401672,3.37329560072035,0.0,2.9036003283687117,0.0453738091393508,0.3851851851851852,2009-05-04,1.15,amc,24518373983.0,2025-04-25,2009-03-31,0.0695652173913044,61.7609375,2082035.578125
2008-12-31,MCK,USD,927653,2009-01-27,2009-01-27 17:19:37,2009,Q3,27130000000.0,25787000000.0,1343000000.0,0.0495023959,0,904000000.0,0.0,904000000.0,493000000.0,1397000000.0,27184000000.0,0.0,33000000.0,112000000.0,75000000.0,0.0027644674,-54000000.0,-0.0019904165,-16000000.0,-70000000.0,-0.0025801696,-50000000.0,-20000000.0,-0.0007371913,-0.073,-0.073,274000000,274000000,https://www.sec.gov/Archives/edgar/data/927653/000089161809000020/0000891618-09-000020-index.htm,https://www.sec.gov/Archives/edgar/data/927653/000089161809000020/f51204e10vq.htm,99.01459854014598,-0.072992700729927,0.6788321167883211,0.2481751824817518,4.288321167883212,22.496350364963504,6.525547445255475,22.496350364963504,6.671532846715328,10612020000.0,11232020000.0,-132.65025,0.3911544415775894,57.053870967741936,156.05911764705883,1.721612589227774,1.721612589227774,0.4140073719130114,149.76026666666667,60.38720430107527,165.17676470588236,-0.0018846553248109,0.0064078281043571,0.2912070084360805,0.0709430084578294,8.266666666666667,1.1441738805505388,-1.6363636363636365,-9.3,0.003109681285938,-1.65,0.0333210468116476,0.0,0.172950754881037,0.6344086021505376,0.0043494286767416,1.0535714285714286,0.0,,-0.001668855752144,-0.0009557488292076,-27.64416058394161,2315000000.0,1788000000.0,-766000000.0,7479000000.0,7306500000.0,12206000000.0,9289000000.0,25.17213416881681,43.01935083569241,32.789777795012995,3.5753821823932523,2.092081778354697,2.74475784992017,-0.0032446463335496,0.4306569343065693,2009-01-26,0.86,bmo,22220761904.0,2025-04-25,2008-12-31,0.2209302325581396,52.66640625,2429555.5
2008-09-30,MCK,USD,927653,2008-10-29,2008-10-29 17:12:55,2009,Q2,26574000000.0,25272000000.0,1302000000.0,0.0489952585,0,921000000.0,0.0,921000000.0,0.0,921000000.0,26193000000.0,0.0,35000000.0,112000000.0,460000000.0,0.0173101528,381000000.0,0.0143373222,-2000000.0,379000000.0,0.0142620607,52000000.0,327000000.0,0.0123052608,1.19,1.17,275000000,280000000,https://www.sec.gov/Archives/edgar/data/927653/000089161808000466/0000891618-08-000466-index.htm,https://www.sec.gov/Archives/edgar/data/927653/000089161808000466/f50020e10vq.htm,96.63272727272728,1.1890909090909092,0.850909090909091,0.5163636363636364,4.083636363636364,23.08727272727273,6.909090909090909,23.08727272727273,6.654545454545454,14797750000.0,15469750000.0,11.313264525993883,0.5568506811168812,63.23824786324786,104.20950704225352,2.330721373444637,2.330721373444637,0.5821385564837811,33.62989130434783,66.11004273504274,108.9419014084507,0.0220979540808568,0.0095960534540724,0.2827216884548748,0.0730357651462749,1.4608695652173913,1.157776604172168,10.885714285714286,0.7155963302752294,0.0022300687604534,0.1009174311926605,0.0346579363287423,0.0,0.1810229075965333,0.3931623931623931,0.0034620305561827,0.8214285714285714,0.0,24.853359684423065,0.0348632509987852,0.0162460254372019,-26.344545454545457,2390000000.0,1900000000.0,-690000000.0,7616000000.0,7119500000.0,12253500000.0,9248500000.0,23.792052382027546,43.041310541310544,32.702991452991455,3.782775800711744,2.09101439682277,2.752041816399869,0.0515041738856512,0.3345454545454545,2008-10-28,1.03,bmo,23394205128.0,2025-04-25,2008-09-30,0.1359223300970873,39.40761904761904,3348711.6507936507
2008-06-30,MCK,USD,927653,2008-07-24,2008-07-24 16:01:54,2009,Q1,26704000000.0,25436000000.0,1268000000.0,0.0474835231,0,897000000.0,0.0,897000000.0,0.0,897000000.0,26333000000.0,0.0,34000000.0,106000000.0,456000000.0,0.0170760935,371000000.0,0.0138930497,-13000000.0,358000000.0,0.0134062313,123000000.0,235000000.0,0.0088001797,0.85,0.83,277000000,282000000,https://www.sec.gov/Archives/edgar/data/927653/000095014908000084/0000950149-08-000084-index.htm,https://www.sec.gov/Archives/edgar/data/927653/000095014908000084/f42380e10vq.htm,96.4043321299639,0.8483754512635379,1.1335740072202165,0.851985559566787,4.285198555956678,22.530685920577618,6.552346570397112,22.530685920577618,6.59927797833935,15487070000.0,16094070000.0,16.47560638297872,0.5799531905332534,49.32187898089172,65.6231779661017,2.481504566575869,2.481504566575869,0.6026838675853805,35.29401315789474,51.255,68.19521186440679,0.015173948332383,0.0152385183252868,0.2874539336644768,0.0717973346139992,1.331140350877193,1.1481718639943652,10.911764705882351,1.3361702127659574,0.0010976898793638,0.0723404255319148,0.0335904733373277,0.0,0.1771321086965221,0.2484076433121019,0.002920910724985,0.7358490566037735,0.0010485320551228,20.738269426131225,0.0259907704965926,0.0114294051845727,-27.04512635379061,2314000000.0,1815000000.0,-815000000.0,7519000000.0,7213500000.0,12226500000.0,9157000000.0,24.313211503894543,43.94912722126121,32.95565340462337,3.70169115608539,2.0478222365349006,2.730942666952974,0.0376542220797949,0.2815884476534296,2008-07-23,0.8,bmo,25738795180.0,2025-04-25,2008-06-30,0.0374999999999998,40.79114754098361,3658326.606557377
2008-03-31,MCK,USD,927653,2008-05-07,2008-05-07 16:04:13,2008,Q4,26231000000.0,24784000000.0,1447000000.0,0.0551637376,347000000,619000000.0,744000000.0,619000000.0,347000000.0,966000000.0,25750000000.0,0.0,0.0,100000000.0,581000000.0,0.0221493653,481000000.0,0.0183370821,-17000000.0,464000000.0,0.0176889939,159000000.0,307000000.0,0.0117037094,1.11,1.11,277000000,277000000,https://www.sec.gov/Archives/edgar/data/927653/000095014908000067/0000950149-08-000067-index.htm,https://www.sec.gov/Archives/edgar/data/927653/000095014908000067/f39986e10vk.htm,94.69675090252709,1.108303249097473,3.306859205776173,2.9133574007220218,4.916967509025271,22.097472924187727,6.916967509025271,22.097472924187727,6.487364620938628,14506490000.0,14941490000.0,11.813102605863191,0.5530284777553277,15.836779475982532,17.975824039653038,2.3699542558405486,2.3699542558405486,0.5696119095726431,25.71685025817556,16.311670305676856,18.514857496902103,0.0211629415523672,0.0556302730708806,0.2935794804770462,0.0730398731861968,0.7487091222030982,1.1588480583789418,0.0,2.98371335504886,0.0011718892716294,0.0553745928338762,0.0235980328618809,0.0132286226220883,0.1709141161646953,0.1189956331877729,0.0041553886622698,1.09,0.0022111242423087,23.47425767455098,0.0341551873139804,0.0150504951465829,-26.029783393501805,2438000000.0,1916000000.0,-696000000.0,7418000000.0,7339000000.0,12195500000.0,9284000000.0,24.74819869619915,43.692704970949,32.68237572627501,3.636628309995841,2.059840425531915,2.7537777777777777,0.0501552033981375,0.3935018050541516,2008-05-05,1.0,bmo,25222115384.0,2025-04-25,2008-03-31,0.04,38.05765625,3181082.546875
2007-12-31,MCK,USD,927653,2008-02-01,2008-02-01 16:52:30,2008,Q3,26494000000.0,25290000000.0,1204000000.0,0.0454442515,0,922000000.0,0.0,922000000.0,0.0,922000000.0,26212000000.0,0.0,0.0,93000000.0,282000000.0,0.0106439194,282000000.0,0.0106439194,-5000000.0,277000000.0,0.0104551974,76000000.0,201000000.0,0.0075866234,0.69,0.68,290000000,297000000,https://www.sec.gov/Archives/edgar/data/927653/000095013408001520/0000950134-08-001520-index.htm,https://www.sec.gov/Archives/edgar/data/927653/000095013408001520/f37535e10vq.htm,91.35862068965515,0.6931034482758621,-4.548275862068966,-4.844827586206897,4.951724137931034,22.43103448275862,7.841379310344828,22.43103448275862,6.720689655172414,18997900000.0,19510900000.0,23.629228855721397,0.7170642409602174,-14.403260045489008,-13.521637010676155,2.920507302075327,2.920507302075327,0.7364271155733374,69.18758865248228,-14.792191053828658,-13.8867615658363,0.010580116749746,-0.0739555424546923,0.2996156802459646,0.0768381628227873,1.819148936170213,1.1790244210260616,0.0,-6.562189054726368,0.0008948357450033,0.0845771144278607,0.0348003321506756,0.0,0.1668046520796373,-0.0652009097801364,0.0032460179663319,0.9247311827956988,0.0,18.70315789750176,0.0211611332828092,0.0095107409860887,-24.280172413793103,2837000000.0,2274000000.0,-176000000.0,7815000000.0,7142500000.0,12066000000.0,8935500000.0,25.35857175209481,43.98220640569395,34.04982206405694,3.5490957803081047,2.0462820616554738,2.643185618729097,0.0308993082244427,0.296551724137931,2008-01-31,0.8,bmo,26829367088.0,2025-04-25,2007-12-31,-0.0125,56.1065625,1890057.78125
2007-09-30,MCK,USD,927653,2007-10-31,2007-10-31 16:11:31,2008,Q2,24450000000.0,23269000000.0,1181000000.0,0.0483026585,0,827000000.0,0.0,827000000.0,-5000000.0,822000000.0,24091000000.0,0.0,0.0,89000000.0,359000000.0,0.0146830266,359000000.0,0.0146830266,0.0,359000000.0,0.0146830266,112000000.0,247000000.0,0.0101022495,0.85,0.83,293000000,299000000,https://www.sec.gov/Archives/edgar/data/927653/000095013407022397/0000950134-07-022397-index.htm,https://www.sec.gov/Archives/edgar/data/927653/000095013407022397/f34826e10vq.htm,83.44709897610922,0.8430034129692833,2.8668941979522184,2.57679180887372,8.593856655290102,21.78839590443686,8.757679180887372,21.78839590443686,6.655290102389079,17002790000.0,16434790000.0,17.209301619433198,0.6954106339468302,20.241416666666662,22.52025165562914,2.663344298245614,2.663344298245614,0.6721795501022495,45.77935933147632,19.565226190476192,21.76793377483444,0.0145270276231136,0.044404477147574,0.3054511278195488,0.0778940640728609,-1.5821727019498608,1.2034973097617216,0.0,3.4008097165991904,0.0010586497862997,0.0728744939271255,0.0338241308793456,0.0,0.1525125828872733,0.1011904761904761,0.0034764826175869,0.9550561797752808,0.0,20.3291188320532,0.0360215837829954,0.011642156862745,-23.431740614334476,3177000000.0,2566000000.0,139000000.0,7709000000.0,6805000000.0,11400000000.0,8151500000.0,25.104294478527606,45.53569126305385,32.11440113455671,3.585043988269794,1.9764715875307908,2.802481030952668,0.0386904761904761,0.2901023890784983,2007-10-30,0.72,bmo,21468292682.0,2025-04-25,2007-09-30,0.1388888888888888,55.65234375,2257249.15625
2007-06-30,MCK,USD,927653,2007-07-30,2007-07-30 17:16:01,2008,Q1,24528000000.0,23351000000.0,1177000000.0,0.0479859752,0,821000000.0,0.0,821000000.0,821000000.0,821000000.0,24172000000.0,0.0,0.0,89000000.0,356000000.0,0.0145140248,356000000.0,0.0145140248,1000000.0,357000000.0,0.0145547945,121000000.0,235000000.0,0.0095808871,0.79,0.77,297000000,304000000,https://www.sec.gov/Archives/edgar/data/927653/000095013407016188/0000950134-07-016188-index.htm,https://www.sec.gov/Archives/edgar/data/927653/000095013407016188/f32249e10vq.htm,82.58585858585859,0.7912457912457912,1.4545454545454546,1.1986531986531987,7.417508417508418,21.68013468013468,9.565656565656566,21.68013468013468,6.565656565656566,17713080000.0,17460080000.0,18.843702127659576,0.7221575342465754,41.0025,49.755842696629216,2.750905420096288,2.750905420096288,0.7118427919112851,49.04516853932584,40.41685185185185,49.04516853932584,0.0132670320463747,0.0200981421638698,0.3028420562199099,0.0802073050345508,-0.7106741573033708,1.2219530251026314,0.0,1.8382978723404253,0.0010161981992967,0.076595744680851,0.0334719504240052,0.0,0.1479927607765712,0.1759259259259259,0.0030984996738421,0.8539325842696629,0.0,19.646172519964693,0.0245017111477594,0.0113449840687457,-22.146464646464647,3298000000.0,2841000000.0,284000000.0,7587000000.0,6678000000.0,10950000000.0,8076500000.0,24.91438356164384,42.500535308980346,30.83379726778297,3.6123711340206186,2.1176203863244765,2.918875,0.0364963503649635,0.2558922558922559,2007-07-26,0.71,bmo,23533621621.0,2025-04-25,2007-06-30,0.0422535211267606,59.55950819672131,2677416.016393442
2007-03-31,MCK,USD,927653,2007-05-09,2007-05-09 16:36:15,2007,Q4,24165000000.0,22914000000.0,1251000000.0,0.0517690875,284000000,599000000.0,673000000.0,599000000.0,284000000.0,883000000.0,23797000000.0,0.0,0.0,87000000.0,455000000.0,0.0188288848,368000000.0,0.0152286365,-5000000.0,363000000.0,0.0150217256,106000000.0,257000000.0,0.0106352162,0.87,0.87,295000000,297000000,https://www.sec.gov/Archives/edgar/data/927653/000095013407010894/0000950134-07-010894-index.htm,https://www.sec.gov/Archives/edgar/data/927653/000095013407010894/f29988e10vk.htm,81.91525423728814,0.8711864406779661,3.335593220338983,2.9593220338983053,6.623728813559322,21.264406779661016,8.538983050847458,21.264406779661016,6.63728813559322,17269300000.0,17273300000.0,16.79892996108949,0.7146410097248086,17.55010162601626,19.7815578465063,2.7529571178064725,2.7529571178064725,0.7148065383819574,37.96329670329671,17.554166666666667,19.786139747995417,0.0148819002507339,0.0505521358711702,0.3121313566076837,0.0817775550265213,0.0087912087912087,1.1804839349464498,0.0,3.8287937743190654,0.0010423120798179,0.0700389105058365,0.0247879164080281,0.0117525346575625,0.1567890406381823,0.1128048780487804,0.0045934202358783,1.2758620689655171,-0.0023174012000827,20.416131226282296,0.044151829334618,0.0127297042944177,-22.76271186440678,2730000000.0,2519000000.0,186000000.0,7168000000.0,6496500000.0,10866000000.0,8384500000.0,24.45437616387337,42.706205813040064,32.02278083267871,3.680322875418824,2.1074220546307365,2.810499202747455,0.0409692332217439,0.376271186440678,2007-05-07,0.78,bmo,22174941176.0,2025-04-25,2007-03-31,0.0897435897435896,63.035625,1785411.421875
2006-12-31,MCK,USD,927653,2007-01-30,2007-01-30 16:07:03,2007,Q3,23111000000.0,22050000000.0,1061000000.0,0.0459088746,0,743000000.0,0.0,743000000.0,743000000.0,743000000.0,22793000000.0,0.0,0.0,69000000.0,318000000.0,0.0137596815,318000000.0,0.0137596815,16000000.0,334000000.0,0.0144519926,94000000.0,243000000.0,0.0105144736,0.82,0.8,296000000,302000000,https://www.sec.gov/Archives/edgar/data/927653/000095013407001610/0000950134-07-001610-index.htm,https://www.sec.gov/Archives/edgar/data/927653/000095013407001610/f26770e10vq.htm,78.07770270270271,0.8209459459459459,-0.4391891891891892,-0.6351351351351351,6.800675675675675,20.60135135135135,13.905405405405403,20.60135135135135,3.3175675675675675,15007200000.0,13976200000.0,15.439506172839508,0.649353121890009,-115.44,-79.82553191489362,2.461003607740243,2.461003607740243,0.6047423304919736,43.9503144654088,-107.50923076923075,-74.34148936170213,0.0161922277306892,-0.0125273202196279,0.1610364053788127,0.0436638506002667,-3.242138364779874,1.2429716148309111,0.0,-0.5349794238683128,0.0011994242763473,0.074074074074074,0.0321491930249664,0.0,0.088128056914184,-0.4461538461538462,0.0025096274501319,0.8405797101449275,0.0,19.507265496225973,0.0293366278099853,0.0118490345231129,-17.73902027027027,3578000000.0,4116000000.0,1912000000.0,6176000000.0,6205000000.0,10642500000.0,8203500000.0,25.028341482410973,44.32244897959184,35.16734693877551,3.595923447953944,2.030573717653559,2.5591922005571037,0.0398491308625778,0.1959459459459459,2007-01-25,0.68,bmo,19893012658.0,2025-04-25,2006-12-31,0.1617647058823529,57.810634920634925,2112230.26984127
2006-09-30,MCK,USD,927653,2006-11-01,2006-11-01 16:24:59,2007,Q2,22386000000.0,21362000000.0,1024000000.0,0.045742875,0,724000000.0,0.0,724000000.0,-6000000.0,718000000.0,22080000000.0,0.0,0.0,69000000.0,306000000.0,0.0136692576,306000000.0,0.0136692576,10000000.0,316000000.0,0.0141159653,29000000.0,229000000.0,0.0102296078,0.77,0.75,298000000,305000000,https://www.sec.gov/Archives/edgar/data/927653/000095014906000508/0000950149-06-000508-index.htm,https://www.sec.gov/Archives/edgar/data/927653/000095014906000508/f24507e10vq.htm,75.12080536912751,0.7684563758389261,1.308724832214765,1.0973154362416109,7.563758389261745,19.869127516778523,13.73489932885906,19.869127516778523,3.302013422818792,15710560000.0,14440560000.0,17.151266375545852,0.7018029125346199,40.28348717948718,48.0445259938838,2.653362607667624,2.653362607667624,0.6450710265344411,47.1913725490196,37.027076923076926,44.16073394495413,0.0145761831532421,0.0208140257253719,0.1661881438946124,0.0458121886493784,-4.150326797385621,1.242067480258435,0.0,1.703056768558952,0.0011457261867177,0.0786026200873362,0.0323416420977396,0.0,0.0851063829787234,0.1615384615384615,0.0028142589118198,0.9130434782608696,0.0,18.534900829490965,0.0366936521678092,0.0116533509745051,-16.514261744966444,3372000000.0,4093000000.0,1744000000.0,5834000000.0,6116000000.0,10407500000.0,7752500000.0,24.05387295631198,43.92566239116188,32.82417376650127,3.741601203409661,2.048916171110685,2.741881658323707,0.0386758993413274,0.2114093959731543,2006-10-31,0.58,bmo,19672545454.0,2025-04-25,2006-09-30,0.1379310344827587,60.39190476190476,1769758.3333333333
2006-06-30,MCK,USD,927653,2006-07-31,2006-07-31 16:23:37,2007,Q1,23616000000.0,22593000000.0,1023000000.0,0.0433180894,0,751000000.0,0.0,751000000.0,0.0,751000000.0,23344000000.0,0.0,0.0,70000000.0,272000000.0,0.0115176152,272000000.0,0.0115176152,13000000.0,285000000.0,0.0120680894,101000000.0,184000000.0,0.0077913279,0.61,0.6,302000000,309000000,https://www.sec.gov/Archives/edgar/data/927653/000095013406014306/0000950134-06-014306-index.htm,https://www.sec.gov/Archives/edgar/data/927653/000095013406014306/f22491e10vq.htm,78.19867549668874,0.609271523178808,0.97682119205298,0.7317880794701986,6.622516556291391,19.56622516556292,13.211920529801324,19.56622516556292,3.271523178807947,14278560000.0,13266560000.0,19.40021739130435,0.6046138211382114,48.40189830508475,64.60886877828054,2.416408867828736,2.416408867828736,0.5617615176151761,48.77411764705882,44.97138983050847,60.02968325791855,0.0128864535359307,0.0154777512578299,0.1672025723472668,0.0463002015089741,-3.7205882352941178,1.237757685352622,0.0,1.6032608695652173,0.0012606313241671,0.0978260869565217,0.0318004742547425,0.0,0.0899292375462767,0.2508474576271186,0.0031334688346883,1.0571428571428572,0.0,16.37759859421844,0.0232900553771697,0.0094747682801235,-16.179635761589402,3287000000.0,3990000000.0,1682000000.0,5850000000.0,6248000000.0,10222000000.0,7487000000.0,23.81478658536585,41.38494223874651,30.728986854335417,3.779164666346616,2.1747040138608145,2.9288306974332383,0.0311389405990861,0.2450331125827814,2006-07-27,0.62,bmo,22238923076.0,2025-04-25,2006-06-30,0.0483870967741935,55.55754098360656,1962810.68852459
2006-03-31,MCK,USD,927653,2006-05-16,2006-05-16 16:16:01,2006,Q4,22785000000.0,21725000000.0,1060000000.0,0.0465218345,223000000,513000000.0,611000000.0,513000000.0,215000000.0,728000000.0,22453000000.0,0.0,0.0,68000000.0,400000000.0,0.0175554093,332000000.0,0.0145709897,17000000.0,349000000.0,0.0153170946,129000000.0,220000000.0,0.0096554751,0.73,0.73,302000000,302000000,https://www.sec.gov/Archives/edgar/data/927653/000095014906000282/0000950149-06-000282-index.htm,https://www.sec.gov/Archives/edgar/data/927653/000095014906000282/f20234e10vk.htm,75.44701986754967,0.7284768211920529,4.195364238410596,4.099337748344371,7.09271523178808,19.55960264900662,13.447019867549669,19.55960264900662,3.281456953642384,15743260000.0,14592260000.0,17.890068181818183,0.6909484309852973,12.425619573796371,12.716688206785138,2.665187066192653,2.665187066192653,0.6404327408382708,36.48065,11.517174427782162,11.78696284329564,0.0139742340531757,0.0786368261719618,0.1677670560352124,0.0472467222884386,-2.8775,1.2518682944876065,0.0,5.759090909090909,0.0011433464225325,0.0818181818181818,0.0225148123765635,0.0097871406627166,0.0880095351609058,0.0228887134964483,0.0012727671713846,0.4264705882352941,-0.0024577572964669,17.905198578468212,0.027956674809214,0.0115008625646923,-15.267384105960264,3404000000.0,4061000000.0,1851000000.0,5921000000.0,6313500000.0,10117000000.0,7734000000.0,24.67544437129691,41.65477560414269,30.075949367088608,3.647350728349608,2.160616608652412,2.992424242424242,0.037243947858473,0.0960264900662251,2006-05-04,0.68,bmo,22790000000.0,2025-04-25,2006-03-31,0.0,50.33063492063492,1799476.2222222222
2005-12-31,MCK,USD,927653,2006-02-01,2006-01-31 19:22:19,2006,Q3,22602000000.0,21619000000.0,983000000.0,0.0434917264,0,690000000.0,0.0,690000000.0,1000000.0,691000000.0,22310000000.0,0.0,0.0,71000000.0,368000000.0,0.016281745,292000000.0,0.0129192107,-5000000.0,303000000.0,0.0134058933,110000000.0,193000000.0,0.0085390673,0.63,0.61,307000000,316000000,https://www.sec.gov/Archives/edgar/data/927653/000095013406001550/0000950134-06-001550-index.htm,https://www.sec.gov/Archives/edgar/data/927653/000095013406001550/f16322e10vq.htm,73.62214983713355,0.6286644951140065,-1.732899022801303,-1.6970684039087949,7.1107491856677525,19.2442996742671,13.315960912052118,19.2442996742671,3.228013029315961,15838130000.000002,14646130000.000002,20.51571243523316,0.7007401999823025,-29.77092105263158,-30.39948176583493,2.6807938388625594,2.6807938388625594,0.6480015042916557,39.79926630434783,-27.530319548872185,-28.11157389635317,0.0121857820336112,-0.0328952976140491,0.1677386594448205,0.0477360308285163,-3.239130434782609,1.274444862627023,0.0,-2.570048309178744,0.001199636573257,0.0984455958549222,0.0305282718343509,0.0,0.0876685934489402,-0.0206766917293233,0.0004866825944606,0.1549295774647887,0.0,16.49877809467355,0.0248621039085595,0.0101900739176346,-12.31270358306189,3646000000.0,4088000000.0,2079000000.0,6133000000.0,6117500000.0,10117000000.0,7898000000.0,25.404831430846823,42.3752254960914,34.169943105601554,3.542633228840125,2.123882503192848,2.633893762183236,0.0326675693974272,0.0358306188925081,2006-01-26,0.52,bmo,20289122807.0,2025-04-25,2005-12-31,0.096153846153846,50.91492063492064,1580661.9047619049
2005-09-30,MCK,USD,927653,2005-11-09,2005-11-09 16:18:40,2006,Q2,21605000000.0,20711000000.0,894000000.0,0.0413793103,0,665000000.0,0.0,665000000.0,665000000.0,665000000.0,21376000000.0,0.0,0.0,63000000.0,287000000.0,0.013283962,229000000.0,0.0105993983,13000000.0,242000000.0,0.0112011109,88000000.0,167000000.0,0.0077296922,0.54,0.53,308000000,316000000,https://www.sec.gov/Archives/edgar/data/927653/000095013405021052/0000950134-05-021052-index.htm,https://www.sec.gov/Archives/edgar/data/927653/000095013405021052/f14301e10vq.htm,70.1461038961039,0.5422077922077922,4.454545454545454,4.113636363636363,9.727272727272728,19.003246753246756,13.074675324675324,19.003246753246756,3.227272727272727,14614600000.0,12612600000.0,21.87814371257485,0.6764452672992363,10.652040816326531,11.534806629834254,2.4969417392790025,2.4969417392790025,0.5837815320527656,43.94634146341463,9.192857142857145,9.954696132596686,0.0114269292351484,0.0866941277900182,0.1698274389202118,0.0485921001173249,-6.975609756097561,1.2824750192159875,0.0,8.909090909090908,0.0012316450672615,0.1077844311377245,0.0307799120573941,0.0,0.089264763394603,0.0765306122448979,0.0048599861143253,1.6666666666666667,0.0,15.22607764673164,0.019555457961255,0.0089640365002683,-11.10957792207792,3675000000.0,4027000000.0,2082000000.0,6150000000.0,5818500000.0,9408500000.0,7408000000.0,24.39018745660727,43.6941721790353,32.973782048186955,3.69000853970965,2.059771258080557,2.729441222983658,0.0285323765590295,0.3409090909090909,2005-11-08,0.48,bmo,20819265306.0,2025-04-25,2005-09-30,0.0208333333333333,48.5247619047619,1533828.5714285714
2005-06-30,MCK,USD,927653,2005-08-01,2005-08-01 17:31:02,2006,Q1,21058000000.0,20133000000.0,925000000.0,0.0439262988,0,612000000.0,0.0,612000000.0,52000000.0,664000000.0,20797000000.0,0.0,1000000.0,64000000.0,261000000.0,0.0123943394,261000000.0,0.0123943394,3000000.0,264000000.0,0.0125368031,94000000.0,171000000.0,0.0081204293,0.57,0.55,302000000,313000000,https://www.sec.gov/Archives/edgar/data/927653/000095014905000524/0000950149-05-000524-index.htm,https://www.sec.gov/Archives/edgar/data/927653/000095014905000524/f11147e10vq.htm,69.72847682119205,0.5662251655629139,2.109271523178808,1.9635761589403973,8.006622516556291,18.990066225165563,13.910596026490069,18.990066225165563,3.314569536423841,13526580000.0,12117580000.0,19.775701754385963,0.6423487510684776,21.23481946624804,22.810421585160203,2.3586015693112468,2.3586015693112468,0.5754383132301263,46.42750957854406,19.0228885400314,20.434367622259696,0.0126417764135502,0.043839610603715,0.1743679163034001,0.0522766480213288,-5.398467432950191,1.333305106274875,261.0,3.747058823529412,0.0013307133066894,0.1052631578947368,0.0290625890397948,0.0,0.0801923780647184,0.0690737833594976,0.0020894671858676,0.6875,0.0,15.554250265727664,0.0229350684795553,0.0097186700767263,-10.0182119205298,3936000000.0,4201000000.0,2351000000.0,6098000000.0,5751500000.0,8747500000.0,7361750000.0,24.71174850413145,39.168529280286094,32.31113097898972,3.6419923901764095,2.2977630677927414,2.785417819590481,0.0298169136878814,0.1456953642384106,2005-07-27,0.53,bmo,19947272727.0,2025-04-25,2005-06-30,0.0377358490566038,53.03403225806452,1548720.9677419355
2005-03-31,MCK,USD,927653,2005-05-13,2005-05-12 20:34:43,2005,Q4,20611800000.0,19574700000.0,1037100000.0,0.0503158385,182000000,469800000.0,550100000.0,469800000.0,182000000.0,651800000.0,20226500000.0,0.0,0.0,65100000.0,450400000.0,0.0218515608,385300000.0,0.0186931758,-4600000.0,380700000.0,0.0184700026,121700000.0,259000000.0,0.0125656178,0.86,0.86,297000000,302000000,https://www.sec.gov/Archives/edgar/data/927653/000095013405009971/0000950134-05-009971-index.htm,https://www.sec.gov/Archives/edgar/data/927653/000095013405009971/f08078e10vk.htm,69.4,0.8720538720538721,3.3814814814814813,3.2164983164983165,6.091919191919192,17.76127946127946,12.57003367003367,17.76127946127946,5.922222222222223,11211750000.0,11170650000.0,10.82215250965251,0.5439481268011528,11.163745892661556,11.736365539621062,2.125409944835169,2.125409944835169,0.5419541233662271,24.80162078152753,11.122821865976302,11.69334240552706,0.0231007648226191,0.0852052534171739,0.3334344372618528,0.0936830892143808,-0.0912522202486678,1.3001628139680816,0.0,3.8776061776061774,0.0015965393448837,0.0691119691119691,0.0227927691904637,0.0088298935561183,0.0821198402130492,0.0487902021308374,0.0023772790343395,0.7526881720430108,-0.0398558107491825,18.66809663179116,0.0347670298547162,0.0150291298191862,-12.296632996632995,3539700000.0,3733300000.0,1832400000.0,5712000000.0,5668300000.0,8777350000.0,7906100000.0,24.980351061042704,40.152339499455934,34.462597127925335,3.602831672784478,2.2414634146341466,2.61152691614969,0.0490985952872931,0.1649831649831649,2005-05-05,0.73,bmo,16515176470.0,2025-04-25,2005-03-31,0.1643835616438356,47.98047619047619,1426514.2857142857
2004-12-31,MCK,USD,927653,2005-02-01,2005-02-01 16:00:42,2005,Q3,20781900000.0,19941300000.0,840600000.0,0.0404486597,0,606000000.0,0.0,606000000.0,1200000000.0,1806000000.0,21747300000.0,0.0,0.0,62300000.0,-905000000.0,-0.0435475101,-965400000.0,-0.0464538854,-15600000.0,-980200000.0,-0.0471660435,-314800000.0,-665400000.0,-0.0320182466,-2.26,-2.26,294000000,294000000,https://www.sec.gov/Archives/edgar/data/927653/000095013405001798/0000950134-05-001798-index.htm,https://www.sec.gov/Archives/edgar/data/927653/000095013405001798/f04975e10vq.htm,70.68673469387755,-2.263265306122449,0.5173469387755102,0.3925170068027211,3.543537414965986,16.750680272108845,11.601020408163263,16.750680272108845,4.971768707482993,9249240000.0,9678040000.0,-3.475067628494139,0.4450622897810113,60.810256410256414,80.14939341421145,1.878132678132678,1.878132678132678,0.4656956293697881,-10.69396685082873,63.62945430637738,83.86516464471404,-0.0719410459670199,0.0124767007883891,0.2968099579669828,0.0782318750602113,-0.4738121546961326,1.2706899843128792,0.0,-0.2285843101893598,0.0019136707448395,-0.0266005410279531,0.0291599901837656,0.0,0.0810310315667783,0.2412886259040105,0.001765959801558,0.5890850722311396,0.0,,-0.0950338098053761,-0.0387531886640807,-14.787925170068029,3261300000.0,3410700000.0,1549900000.0,5387300000.0,5588700000.0,8782400000.0,8125900000.0,24.31943181326058,39.81450557385928,37.535316152908784,3.700744355011041,2.26048267340762,2.3977418928180647,-0.1351148293297053,0.1248299319727891,2005-01-27,0.45,bmo,19073571428.0,2025-04-25,2004-12-31,0.0888888888888888,45.82828125,1433048.4375
2004-09-30,MCK,USD,927653,2004-11-02,2004-11-01 18:07:46,2005,Q2,19934300000.0,19199300000.0,735000000.0,0.0368711216,0,606200000.0,0.0,606200000.0,606200000.0,606200000.0,19805500000.0,0.0,0.0,62200000.0,189000000.0,0.0094811456,128800000.0,0.0064612251,-15800000.0,113600000.0,0.0056987203,27500000.0,86100000.0,0.0043191885,0.29,0.29,293000000,300000000,https://www.sec.gov/Archives/edgar/data/927653/000095013404016095/0000950134-04-016095-index.htm,https://www.sec.gov/Archives/edgar/data/927653/000095013404016095/f02820e10vq.htm,68.03515358361774,0.2938566552901024,0.8658703071672355,0.7590443686006826,3.4313993174061435,18.880887372013653,13.719795221843004,18.880887372013653,5.004436860068259,7515450000.0,7985550000.0,21.821864111498257,0.3770109810728242,29.623374063854943,33.79249100719424,1.3585166573272354,1.3585166573272354,0.4005934494815469,42.2515873015873,31.47635001970832,35.90625,0.0114563998163782,0.0295923730448609,0.2650530539939625,0.081616636145544,2.487301587301588,1.3638472935322457,0.0,2.9465737514518,0.0023285365480443,0.2032520325203252,0.0304098965100354,0.0,0.0841715045893007,0.1233740638549467,0.0015701579689279,0.5032154340836013,0.0,11.173010976057617,0.0130243919488754,0.0052329291640076,-11.22627986348123,3904700000.0,4019900000.0,2202800000.0,6016200000.0,5505100000.0,8498350000.0,7657150000.0,25.11058828250804,40.98477548660628,37.197137395634215,3.584145420547305,2.1959373677528564,2.419541026578115,0.0155637099835505,0.1068259385665529,2004-10-21,0.24,bmo,16487172413.0,2025-04-25,2004-09-30,0.2083333333333333,39.41578125,2176295.296875
2004-06-30,MCK,USD,927653,2004-07-29,2004-07-29 16:06:57,2005,Q1,19186600000.0,18334600000.0,852000000.0,0.0444059917,0,591200000.0,0.0,591200000.0,591200000.0,591200000.0,18925800000.0,0.0,0.0,61300000.0,321000000.0,0.0167304264,260800000.0,0.01359282,-15800000.0,246100000.0,0.0128266603,82500000.0,163600000.0,0.0085267843,0.56,0.55,291000000,300000000,https://www.sec.gov/Archives/edgar/data/927653/000095014904001337/0000950149-04-001337-index.htm,https://www.sec.gov/Archives/edgar/data/927653/000095014904001337/f00511e10vq.htm,65.93333333333334,0.5621993127147766,0.440893470790378,0.3621993127147766,2.9099656357388315,18.63573883161512,13.470790378006871,18.63573883161512,5.125773195876289,9990030000.0,10644930000.0,15.26593826405868,0.5206774519716886,77.86461418550273,94.78206831119545,1.842159321408814,1.842159321408814,0.5548106490988503,33.16177570093458,82.96905689789556,100.99554079696397,0.0163763271982166,0.0105505188673107,0.2750507099391481,0.0870072447705822,2.0401869158878503,1.3799189005633017,0.0,0.7842298288508558,0.0017517464912517,0.1069682151589242,0.0308131716927438,0.0,0.0876722237129157,0.1784879189399844,0.0011935413257169,0.3735725938009788,0.0,15.353582323646398,0.0233737057664919,0.0104600905347689,-10.645017182130584,3803900000.0,3920000000.0,2095900000.0,5901300000.0,5433600000.0,7807850000.0,7057150000.0,25.557211804071592,40.51487351782968,36.22266097978685,3.521510902283239,2.2214064165939718,2.4846324804856894,0.0301678037986354,0.0786941580756013,2004-07-22,0.48,bmo,19175000000.0,2025-04-25,2004-06-30,0.0,35.14950819672131,1891626.2950819675
2004-03-31,MCK,USD,927653,2004-06-10,2004-06-10 17:29:01,2004,Q4,17939900000.0,17023700000.0,916200000.0,0.0510705188,172700000,399200000.0,513100000.0,399200000.0,172700000.0,571900000.0,17595600000.0,0.0,0.0,66800000.0,411100000.0,0.0229154009,344300000.0,0.0191918573,-42800000.0,301500000.0,0.0168061137,87300000.0,214200000.0,0.0119398659,0.74,0.74,290000000,291400000,https://www.sec.gov/Archives/edgar/data/927653/000095014904001115/0000950149-04-001115-index.htm,https://www.sec.gov/Archives/edgar/data/927653/000095014904001115/f99032e10vk.htm,61.86172413793104,0.7386206896551725,2.893793103448276,2.7441379310344827,2.4751724137931035,17.811379310344826,12.672758620689654,17.811379310344826,7.027931034482759,8726100000.0,10056200000.0,10.184523809523808,0.486407393575215,10.398117254528122,10.965192259361649,1.6893694461115525,1.6893694461115525,0.5605493899074131,24.461688153733885,11.983079122974262,12.636592108569992,0.0245470485096434,0.0911976713537548,0.3945753392832943,0.1254972229406041,3.2354658234006326,1.375218113175622,0.0,3.917833800186741,0.0020054778194153,0.0816993464052287,0.0222520749836955,0.0096265865473051,0.0917599536951515,0.0517159199237368,0.0024191885127564,0.6497005988023952,-0.0030267727244856,17.204845206311134,0.0321327261020314,0.014522033898305,-10.087758620689655,3548100000.0,3675100000.0,1929300000.0,5638200000.0,5382400000.0,7333100000.0,6920550000.0,27.184766916203547,38.9215622925686,35.606771735874105,3.3106776408060825,2.312342945626927,2.527609092663806,0.0414690337444098,0.1496551724137931,2004-04-29,0.65,bmo,15731912307.0,2025-04-25,2004-03-31,0.123076923076923,28.4746875,1885376.515625
2003-12-31,MCK,USD,927653,2004-01-29,2004-01-29 16:41:33,2004,Q3,182231900000.0,17498100000.0,164733800000.0,0.9039789411,0,0.0,0.0,571800000.0,571800000.0,571800000.0,18069900000.0,0.0,0.0,57400000.0,241900000.0,0.0013274295,162000000.0,0.0008889772,2000000.0,164000000.0,0.0008999522,43800000.0,120200000.0,0.0006595991,0.41,0.41,290200000,298700000,https://www.sec.gov/Archives/edgar/data/927653/000095014904000228/0000950149-04-000228-index.htm,https://www.sec.gov/Archives/edgar/data/927653/000095014904000228/f95994e10vq.htm,627.9527911784976,0.414197105444521,0.0434183321847002,-0.0430737422467263,0.7381116471399035,17.12577532736044,11.983459682977257,17.12577532736044,5.870778773259821,9332831999.999998,10836031999.999998,19.41104825291181,0.0512140410103829,740.7009523809523,-746.6265599999998,1.877871184530876,1.877871184530876,0.0594628712097058,44.7955022736668,860.0025396825396,-866.8825599999999,0.0128792632289963,-0.0013393576569255,0.3428036781424173,0.1067829117256248,6.214138073584126,1.4086710172406192,0.0,0.1048252911813644,0.0013393576569255,0.1039933444259567,0.0,0.0,0.0935329806703938,1.992063492063492,0.0001377365872824,0.4372822299651568,0.0,12.633390194418618,0.0166824703667772,0.0083111495246326,-11.05513439007581,3707300000.0,3477600000.0,1794000000.0,5795600000.0,5145600000.0,7263000000.0,7025200000.0,2.6402622153421,37.56802167092427,36.54911104634217,34.08752338196783,2.39565449542038,2.46244019138756,0.0241855972957202,0.0864920744314266,2004-01-22,0.5,bmo,22234146341.0,2025-04-25,2003-12-31,-0.18,29.889375,1704746.9375
2003-09-30,MCK,USD,927653,2003-10-30,2003-10-30 16:05:22,2004,Q2,16810100000.0,15998400000.0,811700000.0,0.0482864468,0,585300000.0,0.0,585300000.0,585300000.0,585300000.0,16583700000.0,0.0,0.0,54900000.0,226400000.0,0.0134680936,226400000.0,0.0134680936,-11600000.0,214800000.0,0.0127780323,56700000.0,156500000.0,0.0093098792,0.54,0.53,289900000,300300000,https://www.sec.gov/Archives/edgar/data/927653/000095014903002451/0000950149-03-002451-index.htm,https://www.sec.gov/Archives/edgar/data/927653/000095014903002451/f93287e10vq.htm,57.98585719213522,0.5398413245946878,-1.1441876509141082,-1.2000689893066574,0.9544670576060712,16.71955846843739,11.700586409106588,16.71955846843739,4.923076923076923,9650771000.0,10816371000.0,15.416567092651755,0.5741055079981677,-29.094877901718423,-27.74007185972981,1.9910812873942645,1.9910812873942645,0.6434447742726099,47.77549028268551,-32.60889659330721,-31.09045990227077,0.0162163209550822,-0.0360489332924799,0.2944501753662059,0.0928223939228387,5.148409893992933,1.4232858270275288,0.0,-2.1194888178913738,0.0020516495521445,0.126517571884984,0.034818353251914,0.0,0.0946304534457191,-0.0488393126318962,0.0009637063432103,0.2950819672131147,0.0,14.250717290031066,0.0241133894056689,0.0112423315086993,-10.59261814418765,3647200000.0,3392000000.0,1735000000.0,5694000000.0,5017850000.0,7101600000.0,6456300000.0,26.476225602465185,40.6272502250225,39.06615661566157,3.3992760656798517,2.2152619116852907,2.303784344219803,0.0322880132040437,0.0558813383925491,2003-10-23,0.52,bmo,16492830188.0,2025-04-25,2003-09-30,0.0192307692307692,33.126612903225805,1822369.3870967743
2003-06-30,MCK,USD,927653,2003-07-31,2003-07-31 16:05:09,2004,Q1,16524200000.0,15737700000.0,786500000.0,0.0475968579,0,535700000.0,0.0,535700000.0,535700000.0,535700000.0,16273400000.0,0.0,0.0,53000000.0,250800000.0,0.0151777393,250800000.0,0.0151777393,-14600000.0,236200000.0,0.0142941867,79100000.0,155600000.0,0.0094164922,0.54,0.53,289800000,298100000,https://www.sec.gov/Archives/edgar/data/927653/000095014903001766/0000950149-03-001766-index.htm,https://www.sec.gov/Archives/edgar/data/927653/000095014903001766/f91913e10vq.htm,57.01932367149758,0.5369220151828847,0.1494133885438233,0.0448585231193926,1.5766045548654244,16.80745341614907,11.782608695652174,16.129399585921323,4.47135955831608,10357452000.0,11208052000.0,16.641150385604114,0.6268050495636702,239.2021247113164,796.7270769230769,2.215829535973301,2.215829535973301,0.6782810665569287,44.68920255183413,258.8464665127021,862.1578461538462,0.0150229998652178,0.0012551349501788,0.2772179791626554,0.0877627871694841,3.3915470494417863,1.4156002289137557,0.0,0.2782776349614396,0.001930976846429,0.1285347043701799,0.0324191186260151,0.0,0.0986264629388816,0.6997690531177829,0.0018336742474673,0.5716981132075472,0.0,13.959053295645248,0.025395549809643,0.0116916880813909,-9.092908902691512,3413200000.0,3414600000.0,1731900000.0,5465900000.0,4842600000.0,6806000000.0,5995350000.0,27.725699277423416,39.92432185135058,34.130654415829504,3.2460858461840685,2.2542649649778697,2.636925706243088,0.0332884068202725,0.1045548654244306,2003-07-24,0.51,bmo,15900452830.0,2025-04-25,2003-06-30,0.0392156862745098,28.86193548387097,2126151.64516129
2003-03-31,MCK,USD,927653,2003-06-06,2003-06-05 19:14:06,2003,Q4,14886300000.0,14001500000.0,884800000.0,0.0594372006,149400000,439800000.0,499000000.0,439800000.0,149400000.0,589200000.0,14590700000.0,0.0,0.0,52900000.0,348500000.0,0.0234107871,295600000.0,0.0198571841,-19600000.0,276000000.0,0.0185405373,94400000.0,179000000.0,0.0120244789,0.62,0.62,289800000,289800000,https://www.sec.gov/Archives/edgar/data/927653/000095014903001297/0000950149-03-001297-index.htm,https://www.sec.gov/Archives/edgar/data/927653/000095014903001297/f90251e10vk.htm,51.36749482401656,0.6176673567977916,1.1666666666666667,1.0486542443064182,1.8409247757073843,16.30365769496204,11.301932367149758,15.626293995859212,4.48895790200138,7224714000.0,8003614000.0,10.090382681564243,0.4853263739142702,21.36857142857143,23.773326752221127,1.5953878767803908,1.5953878767803908,0.5376496510214089,22.965893830703013,23.672327713694173,26.336340901612378,0.0247760672602403,0.0420639488289778,0.2872695152920393,0.0906335781069293,2.235007173601148,1.4112158908507224,0.0,1.861784140969163,0.0027544342931775,0.1111731843575419,0.0295439430886116,0.0100360734366498,0.1009865258405673,0.1011535048802129,0.0022974144011607,0.6465028355387523,-0.0037887184861248,14.736575703051578,0.0304414061046857,0.0138717751997458,-9.102225672877848,3279200000.0,3275300000.0,1625000000.0,5322400000.0,4198000000.0,6473050000.0,6281750000.0,27.77876302371979,42.6213619969289,38.71192372245831,3.239885084989227,2.111617174657276,2.324865089248651,0.0395274373412829,0.1180124223602484,2003-04-29,0.59,bmo,14129369491.0,2025-04-25,2003-03-31,0.0508474576271186,31.0734375,2048037.453125
2002-12-31,MCK,USD,927653,2003-02-13,2003-02-13 13:43:59,2003,Q3,14921000000.0,14193400000.0,727600000.0,0.0487634877,0,517800000.0,0.0,517800000.0,517800000.0,517800000.0,14711200000.0,0.0,0.0,50000000.0,209800000.0,0.0140607198,209800000.0,0.0140607198,-6300000.0,204500000.0,0.0137055157,70200000.0,134300000.0,0.0090007372,0.46,0.46,289700000,298000000,https://www.sec.gov/Archives/edgar/data/927653/000095014903000297/0000950149-03-000297-index.htm,https://www.sec.gov/Archives/edgar/data/927653/000095014903000297/f87627e10vq.htm,51.50500517777011,0.463583016914049,1.3596824301001036,1.3596824301001036,1.130134622022782,15.631687953054884,10.647566448049709,14.954090438384537,4.595788746979634,7830591000.0,8845891000.0,14.576677215189871,0.524803364385765,19.87964204112719,19.87964204112719,1.8075322007294217,1.8075322007294217,0.5928484015816634,42.163446139180174,22.457199796902767,22.457199796902767,0.0171506850504642,0.0503027166148761,0.3073265315544065,0.0964489068544356,4.839370829361297,1.411515032422873,0.0,2.9329858525688755,0.0025796264930705,0.1504095309009679,0.0347027679109979,0.0,0.1045986004259573,0.0,0.0,0.0,0.0,12.4892114688725,0.0221868978577812,0.0108654320688009,-9.757766655160513,3141300000.0,3084600000.0,1499100000.0,5167600000.0,4103600000.0,6331050000.0,6267400000.0,22.92855706722069,40.04579593332112,41.47631997970888,3.9252361034382974,2.247426924660354,2.16991285736126,0.0310004154932828,0.0,2003-01-21,0.46,bmo,13727320000.0,2025-04-25,2002-12-31,0.0869565217391303,34.3546875,1219749.984375
2002-09-30,MCK,USD,927653,2002-11-13,2002-11-12 22:00:37,2003,Q2,13690300000.0,12951000000.0,739300000.0,0.0540017385,0,519300000.0,0.0,519300000.0,519300000.0,519300000.0,13470300000.0,0.0,0.0,50100000.0,220000000.0,0.016069772,220000000.0,0.016069772,-27200000.0,192800000.0,0.0140829639,64400000.0,124800000.0,0.0091159434,0.43,0.42,289200000,299000000,https://www.sec.gov/Archives/edgar/data/927653/000095014902002266/0000950149-02-002266-index.htm,https://www.sec.gov/Archives/edgar/data/927653/000095014902002266/f85481e10vq.htm,47.33852005532504,0.4315352697095436,0.5757261410788381,0.5757261410788381,1.0774550484094052,15.198132780082988,10.198824343015216,14.519709543568466,4.968879668049793,8193035999.999999,9329736000.0,16.41233173076923,0.5984555488192369,49.20742342342342,49.20742342342342,1.9511409587768804,1.9511409587768804,0.6814851391130947,42.40789090909091,56.03445045045045,56.03445045045045,0.0152324486307639,0.0203221369953702,0.3422161891833964,0.1036116258445032,5.166818181818182,1.3802629899144645,0.0,1.2916989914662529,0.0024166865616115,0.1586538461538461,0.0379319664287853,0.0,0.1042461298858613,0.0,0.0,0.0,0.0,11.873489479286668,0.0237166781846928,0.0100456400473304,-9.8923755186722,2978600000.0,2949500000.0,1337800000.0,5008500000.0,4301500000.0,6345850000.0,6086050000.0,28.964376237189835,44.1049339819319,41.652536483669216,3.107265257949567,2.0405880221217325,2.160732757182422,0.0297206544259484,0.0,2002-10-21,0.42,bmo,13690000000.0,2025-04-25,2002-09-30,0.0,29.3315873015873,1894095.2698412696
2002-06-30,MCK,USD,927653,2002-08-09,2002-08-09 12:07:03,2003,Q1,13628000000.0,12875500000.0,752500000.0,0.0552171999,0,548700000.0,0.0,548700000.0,548700000.0,548700000.0,13424200000.0,0.0,0.0,50700000.0,203800000.0,0.0149545054,203800000.0,0.0149545054,-22400000.0,181400000.0,0.0133108306,64100000.0,117300000.0,0.0086072791,0.41,0.39,288400000,301000000,https://www.sec.gov/Archives/edgar/data/927653/000095014902001603/0000950149-02-001603-index.htm,https://www.sec.gov/Archives/edgar/data/927653/000095014902001603/f83291e10vq.htm,47.25381414701803,0.4067267683772538,-0.7038834951456311,-0.7957697642163661,1.0450762829403606,14.887309292649098,11.030513176144243,14.207004160887656,4.951803051317614,9228800000.0,10367100000.0,19.6692242114237,0.6771940123275609,-45.46206896551724,-40.212636165577344,2.252410123740024,2.252410123740024,0.7607205752861755,50.86898920510304,-51.069458128078814,-45.17254901960784,0.0127102115117891,-0.0248678051317614,0.3485466038610793,0.1060538549510612,5.585377821393523,1.4289874640932978,0.0,-1.7306052855924978,0.0021454576976421,0.1687979539641943,0.0402626944525975,0.0,0.0826018506141484,-0.1305418719211822,0.0019445259759319,0.5226824457593688,0.0,11.402337481424622,0.0217717949367139,0.009495284737119,-9.132888349514564,3240700000.0,3181200000.0,1622700000.0,4936300000.0,4097600000.0,6331650000.0,6094900000.0,27.71786028764309,44.351675663081046,43.1864393615782,3.247003883633938,2.029235618597321,2.083987504653384,0.0286286090840309,0.091886269070735,2002-07-23,0.4,bmo,12974285714.0,2025-04-25,2002-06-30,0.0499999999999999,26.69737704918033,1543914.7704918033
2002-03-31,MCK,USD,927653,2002-06-12,2002-06-12 17:20:03,2002,Q4,12996100000.0,12212100000.0,784000000.0,0.06032579,135100000,428100000.0,427100000.0,428100000.0,157100000.0,585200000.0,12797300000.0,0.0,0.0,54000000.0,252800000.0,0.0194519894,198800000.0,0.0152968968,-15400000.0,183400000.0,0.0141119259,62600000.0,125400000.0,0.0096490486,0.43,0.43,286100000,288400000,https://www.sec.gov/Archives/edgar/data/927653/000095014902001196/0000950149-02-001196-index.htm,https://www.sec.gov/Archives/edgar/data/927653/000095014902001196/f82011e10vk.htm,45.42502621461028,0.4383082838168473,0.8671793079342887,0.6679482698357218,1.9678434113946173,14.45718280321566,10.557497378538972,13.771758126529186,4.996854246766865,10814580000.0,11686280000.0,21.56016746411483,0.8321404113541755,43.58960096735187,56.59120879120879,2.7447475952386995,2.7447475952386995,0.8992143796985249,46.22737341772152,47.1031035872632,61.152694924123495,0.0115954572438319,0.0176705891490931,0.3628334306235882,0.1072951065746022,3.448180379746836,1.4099499209277806,0.0,1.9784688995215312,0.0018123681178557,0.1562998405103668,0.032940651426197,0.0103954263202037,0.0837361152806965,0.2297460701330108,0.0043859311639645,1.0555555555555556,0.0,11.654020875455126,0.0222799141513614,0.0102717004005471,-9.1592974484446,3110700000.0,3020500000.0,1510900000.0,4821100000.0,3801150000.0,6283700000.0,6135400000.0,27.6874600841791,46.56422728277692,44.303191097354265,3.250569020284636,1.9328142063529747,2.031456375280712,0.0318266033857008,0.1992310380985669,2002-04-30,0.45,bmo,12129693333.0,2025-04-25,2002-03-31,0.0666666666666666,27.92765625,1778156.296875
2001-12-31,MCK,USD,927653,2002-02-14,2002-02-14 00:00:00,2002,Q3,13196700000.0,12511300000.0,685400000.0,0.0519372267,497700000,497700000.0,0.0,497700000.0,0.0,497700000.0,13009000000.0,0.0,0.0,50200000.0,239000000.0,0.0181105883,187700000.0,0.0142232528,-17500000.0,169800000.0,0.0128668531,59500000.0,108800000.0,0.0082444854,0.38,0.37,285600000,299200000,https://www.sec.gov/Archives/edgar/data/927653/000095014902000289/0000950149-02-000289-index.htm,https://www.sec.gov/Archives/edgar/data/927653/000095014902000289/f78929e10-q.htm,46.20693277310925,0.3809523809523809,0.2717086834733893,0.1607142857142857,1.0161064425770308,13.246148459383754,9.851190476190476,13.246148459383754,4.295518207282913,10681440000.0,11623340000.0,24.54375,0.8094023505876469,137.64742268041238,232.7111111111111,2.823462239961936,2.823462239961936,0.8807762546697281,48.633221757322175,149.78530927835052,253.2318082788671,0.0101858925388337,0.0042971734148204,0.3242843170944463,0.0959269366403678,3.9410041841004175,1.3493811978335384,0.0,0.7132352941176471,0.0018349585823634,0.1801470588235294,0.0377139739480324,0.0377139739480324,0.0758157464676399,0.4085051546391752,0.0024021156804352,0.6314741035856574,0.0,10.655440646268293,0.0222556577038004,0.0092052828847732,-10.093837535014003,2670600000.0,2813500000.0,1308600000.0,4220000000.0,3630600000.0,6105400000.0,5957050000.0,24.58023596808293,44.9528825941349,45.02625626433704,3.6614782753454302,2.002096301867469,1.9988337354017225,0.028759482963707,0.1109943977591036,2002-01-22,0.36,bmo,12500526315.0,2025-04-25,2001-12-31,0.0555555555555556,31.620625,1441495.3125
2001-09-30,MCK,USD,927653,2001-11-02,2001-11-02 00:00:00,2002,Q2,12159300000.0,11491500000.0,667800000.0,0.0549209247,520100000,520100000.0,0.0,520100000.0,0.0,520100000.0,12011600000.0,0.0,0.0,52100000.0,203700000.0,0.0167526091,147700000.0,0.0121470808,-21000000.0,125300000.0,0.0103048695,46300000.0,79000000.0,0.0064970845,0.28,0.27,285000000,299000000,https://www.sec.gov/Archives/edgar/data/927653/000095014901501609/0000950149-01-501609-index.htm,https://www.sec.gov/Archives/edgar/data/927653/000095014901501609/f76619e10-q.htm,42.66421052631579,0.2771929824561403,1.407719298245614,1.3171929824561404,1.028421052631579,12.92701754385965,9.195438596491227,12.92701754385965,4.269473684210526,10958250000.0,11888650000.0,34.67800632911393,0.9012237546569292,27.31368394815554,29.19086307938199,2.9743906411161176,2.9743906411161176,0.9777413173455708,58.36352479135984,29.63272681954137,31.669286094832177,0.007209180297949,0.0342572947322793,0.3302752293577982,0.0997532402587288,4.5675012272950415,1.387966864040082,0.0,5.078481012658228,0.0017977323021467,0.2493670886075949,0.0427738438890396,0.0427738438890396,0.0871857092498012,0.0643070787637088,0.0021218326712886,0.4952015355086372,0.0,8.979073856084456,0.0173565140864318,0.0070950011675318,-9.300526315789474,2725700000.0,2620700000.0,1237400000.0,4368400000.0,3530700000.0,5794950000.0,5777150000.0,27.068170042683377,46.69129356480877,44.28769090197103,3.324938474159147,1.927554221111428,2.032167362240928,0.0214429184083383,0.0905263157894736,2001-10-23,0.31,bmo,11776125000.0,2025-04-25,2001-09-30,0.032258064516129,37.170625,1659082.8125
2001-06-30,MCK,USD,927653,2001-08-10,2001-08-10 00:00:00,2002,Q1,11653900000.0,10994200000.0,659700000.0,0.0566076592,0,500500000.0,0.0,500500000.0,0.0,500500000.0,11494700000.0,0.0,0.0,51200000.0,191600000.0,0.0164408481,159200000.0,0.013660663,-20800000.0,119600000.0,0.0102626589,14200000.0,105400000.0,0.0090441826,0.37,0.36,283900000,295500000,https://www.sec.gov/Archives/edgar/data/927653/000095014901501161/0000950149-01-501161-index.htm,https://www.sec.gov/Archives/edgar/data/927653/000095014901501161/f74659e10-q.htm,41.04931313842902,0.3712574850299401,-1.4004931313842903,-1.4614300810144416,0.8414934836209933,12.762944698837618,9.00317013032758,12.762944698837618,5.148291651990137,10538368000.0,11769668000.0,24.996129032258064,0.9042782244570488,-26.504949698189133,-25.399778259821645,2.9084197162885688,2.9084197162885688,1.0099338418898394,61.428329853862216,-29.60178068410463,-28.36748132080019,0.0100015486268841,-0.0393704224411218,0.403378042722305,0.1210595192737754,6.426409185803758,1.392977669275508,0.0,-3.772296015180266,0.0018598705226463,0.1859582542694497,0.0429469962845056,0.0,0.0884092302085576,-0.0435110663983903,0.001484481589854,0.337890625,0.0,10.325338826668103,0.0252908259291194,0.0095765945847719,-9.538746037337091,2736500000.0,2556000000.0,1250000000.0,4391500000.0,3423900000.0,5495050000.0,5507950000.0,26.291284462712053,46.07320223390515,48.29410052573175,3.42318763952532,1.9534131693969647,1.8635816594626664,0.0290887012198487,0.0609369496301514,2001-07-24,0.28,bmo,11650000000.0,2025-04-25,2001-06-30,0.0,36.437333333333335,1811606.6666666667
2001-03-31,MCK,USD,927653,2001-06-01,2001-06-01 00:00:00,2001,Q4,11377600000.0,10718100000.0,659500000.0,0.0579647729,0,706100000.0,0.0,706100000.0,259100000.0,965200000.0,11683300000.0,0.0,0.0,68300000.0,-237400000.0,-0.0208655604,-305700000.0,-0.0268685839,93300000.0,-212400000.0,-0.0186682604,-36900000.0,-175500000.0,-0.0154250457,-0.62,-0.62,283400000,283900000,https://www.sec.gov/Archives/edgar/data/927653/000095014901500834/0000950149-01-500834-index.htm,https://www.sec.gov/Archives/edgar/data/927653/000095014901500834/f72121e10-k.txt,40.14678899082569,-0.6192660550458715,0.9580098800282286,0.7360621030345801,1.5723359209597745,13.016231474947071,9.260409315455188,12.324982357092448,4.339096683133381,7580950000.0,8376950000.0,-10.799074074074074,0.6663048446069469,27.92246777163904,36.34204218600192,2.170388502390564,2.170388502390564,0.736266875263676,-35.28622577927548,30.854327808471457,40.15795781399808,-0.023150132898911,0.0275163403003581,0.3520570299750923,0.1066531366273775,-3.352990732940185,1.399148052582561,0.0,-1.5979988228369628,0.0025722369887678,-0.1111111111111111,0.0620605400084376,0.0,0.0923164988421408,0.2316758747697974,0.0055284066938545,0.9209370424597364,0.0,,-0.0488164779187359,-0.0167693851225455,-7.9560691601976,2614300000.0,2624400000.0,1322900000.0,4274000000.0,3492650000.0,4887750000.0,5019650000.0,27.23825762902545,45.02393148039298,42.96246536233101,3.304176105012488,1.9989369439937337,2.094851848956297,-0.0502447822726101,0.2219477769936485,2001-04-30,0.29,bmo,10592937931.0,2025-04-25,2001-03-31,0.0689655172413793,37.0859375,1158909.375
2000-12-31,MCK,USD,927653,2001-02-01,2001-02-01 00:00:00,2001,Q3,11029100000.0,10416300000.0,612800000.0,0.0555621039,0,471200000.0,0.0,471200000.0,0.0,471200000.0,10887500000.0,0.0,0.0,61300000.0,202900000.0,0.0183967867,141600000.0,0.0128387629,-128700000.0,12900000.0,0.0011696331,5600000.0,1700000.0,0.0001541377,0.01,0.01,283400000,295100000,https://www.sec.gov/Archives/edgar/data/927653/000092962401000145/0000929624-01-000145-index.htm,https://www.sec.gov/Archives/edgar/data/927653/000092962401000145/0000929624-01-000145-0001.txt,38.917078334509526,0.0059985885673959,0.8542695836273818,0.7258292166549047,1.2427664079040226,13.80486944248412,9.571983062808751,13.1136203246295,4.324276640790402,10171226000.0,11063526000.0,1495.7685294117646,0.9222172253402364,42.012498967368856,49.446893534273215,2.7368491012808094,2.7368491012808094,1.0031213788976434,54.52698866436669,45.69816604708798,53.78476421973748,0.0001671381601392,0.0202237173768432,0.3297546012269938,0.1071540990486849,4.397732873336619,1.4744465340327957,0.0,142.41176470588235,0.0019270046698401,11.529411764705882,0.0427233409797716,0.0,0.1048894795747062,0.1503510945890128,0.0033003599568414,0.5938009787928222,0.0,1.330384264609701,0.0148581925752159,0.0001660610323135,-7.249206069160198,2876000000.0,2712700000.0,1413300000.0,4635300000.0,3381650000.0,4195200000.0,4695200000.0,28.902720983579805,38.1348463465914,42.535353244434205,3.113893672887434,2.360046220772159,2.115886977188243,0.0004574319233666,0.128440366972477,2001-01-23,0.25,bmo,11470264000.0,2025-04-25,2000-12-31,-0.04,38.23830508474576,1541479.6440677966
2000-09-30,MCK,USD,927653,2000-11-06,2000-11-06 00:00:00,2001,Q2,9874800000.0,9240100000.0,634700000.0,0.0642747195,0,449600000.0,0.0,449600000.0,58800000.0,508400000.0,9748500000.0,0.0,0.0,58800000.0,175800000.0,0.0178028922,126300000.0,0.0127901325,-13200000.0,103800000.0,0.0105116053,41900000.0,61900000.0,0.0062684814,0.22,0.22,283949068,283949068,https://www.sec.gov/Archives/edgar/data/927653/000092962400001526/0000929624-00-001526-index.htm,https://www.sec.gov/Archives/edgar/data/927653/000092962400001526/0000929624-00-001526-0001.txt,34.776659312718714,0.2179968416025933,-0.450785068257382,-0.5578465219685103,0.7437953626246803,13.60701772051599,9.35519886967898,12.917105260581453,5.66580482665997,8677483518.08,10109883518.08,35.04637931373182,0.8787503056345445,-67.79283998499999,-54.78209291717172,2.365855149702819,2.365855149702819,1.0238064080366185,57.507869841183165,-78.983464985,-63.82502221010101,0.0071334045027026,-0.0182541401167706,0.4386280604176891,0.152521805081532,8.147895335608647,1.5488013205627746,0.0,-2.0678513731825525,0.0022587193578832,0.3166397415185784,0.045530036051363,0.0,0.1144577171027683,-0.2375,0.0030785433629035,0.5170068027210885,0.0,7.959741413057179,0.0131614353716498,0.006626912329911,-6.421221991825661,2859200000.0,2656400000.0,1384800000.0,4623100000.0,3161100000.0,3950000000.0,4385400000.0,29.36018957345972,38.734645728942326,43.51413945736518,3.0653753026634383,2.323501307583987,2.06829322887521,0.0168766017776323,0.1070614537111282,2000-10-24,0.32,bmo,14350545454.0,2025-04-25,2000-09-30,-0.3125,32.125079365079365,1199012.6984126985
2000-06-30,MCK,USD,927653,2000-08-03,2000-08-03 00:00:00,2001,Q1,9728500000.0,9088000000.0,640500000.0,0.0658374878,0,448600000.0,0.0,448600000.0,57700000.0,506300000.0,9594300000.0,0.0,0.0,57700000.0,191900000.0,0.0197255486,134200000.0,0.0137945213,-28900000.0,105300000.0,0.010823868,41700000.0,63600000.0,0.0065374929,0.23,0.22,282600000,289700000,https://www.sec.gov/Archives/edgar/data/927653/000092962400001056/0000929624-00-001056-index.htm,https://www.sec.gov/Archives/edgar/data/927653/000092962400001056/0000929624-00-001056-0001.txt,34.424982307147914,0.2250530785562632,-0.1150035385704175,-0.2183297947629157,1.735314932767162,13.489030431705592,9.349964614295825,12.796178343949045,4.43170559094126,5917644000.0,6717744000.0,23.26117924528302,0.6082791797296603,-182.08135384615383,-95.90995137763372,1.6364260826281734,1.6364260826281734,0.6905220743177263,35.006482542991144,-206.6998153846154,-108.87753646677471,0.0107475204659151,-0.0104264467413044,0.346330402079531,0.1194081080050341,4.169359041167275,1.5563237871463511,0.0,-0.5110062893081762,0.0033121289486153,0.3081761006289308,0.0461119391478645,0.0,0.1115232065901376,-0.8984615384615384,0.0030014904661561,0.5060658578856152,0.0,8.049592221123142,0.0152586115952769,0.006824986317834,-6.0465322009908,2888600000.0,2642300000.0,1404500000.0,4610600000.0,3067650000.0,3800750000.0,4226300000.0,28.686025594901576,38.852112676056336,42.616307218309856,3.1374161506707945,2.3164763458401305,2.1118676364650386,0.0175875228140036,0.1033262561924982,2000-07-25,0.22,bmo,9718000000.0,2025-04-25,2000-06-30,0.0,30.443064516129034,1241329.0322580645
2000-03-31,MCK,USD,927653,2000-06-13,2000-06-13 00:00:00,2000,Q4,9305100000.0,8651800000.0,653300000.0,0.0702088102,0,611500000.0,0.0,611500000.0,154400000.0,765900000.0,9417700000.0,0.0,0.0,41800000.0,-70800000.0,-0.0076087307,-112600000.0,-0.0121008909,-22800000.0,-135400000.0,-0.0145511601,-47200000.0,427500000.0,0.0459425476,1.51,1.51,278914286,282600000,https://www.sec.gov/Archives/edgar/data/927653/000092962400000832/0000929624-00-000832-index.htm,https://www.sec.gov/Archives/edgar/data/927653/000092962400000832/0000929624-00-000832-0001.txt,33.36186228911917,1.5327289474157664,-2.0766236405689167,-1.7729461157826818,2.172351974828568,13.486580604910284,9.235812324077228,12.784572820339507,4.517516897646469,5857200006.0,6568300006.0,3.4252631614035085,0.6294612638230648,-10.112569071132596,-11.844691619818,1.6426047467608953,1.6426047467608953,0.705881721421586,-92.77259895480226,-11.340296971685085,-13.282709820020225,0.0729870927340841,-0.084426005513461,0.3533568904593639,0.1214703699061978,-10.043785310734464,1.5552149634893984,0.0,6.552036199095022,0.004592638115899,0.0629239766081871,0.0657166500091347,0.0,0.1142978337784033,-0.1462361878453038,0.0091025351688858,2.026315789473684,0.0,20.997473870606,-0.0139251620200898,0.0465316251782351,-5.933274425391033,2843700000.0,2576000000.0,1354200000.0,4584700000.0,2882300000.0,3800250000.0,4104650000.0,29.35003385240352,38.26336716059086,43.16292563397212,3.0664359861591697,2.3521191854932986,2.0851227917962065,0.1198889449772842,0.3036775247862349,2000-04-26,0.3,bmo,11786460000.0,2025-04-25,2000-03-31,-0.2666666666666666,32.19936507936508,1724392.142857143
1999-12-31,MCK,USD,927653,2000-02-14,2000-02-14 00:00:00,2000,Q3,9890900000.0,9283900000.0,607000000.0,0.0613695417,0,538800000.0,0.0,538800000.0,41900000.0,580700000.0,9864600000.0,0.0,0.0,41900000.0,84000000.0,0.0084926549,26300000.0,0.0026590098,232800000.0,259100000.0,0.0261957961,98500000.0,166800000.0,0.0168639861,0.59,0.58,289800000,289800000,https://www.sec.gov/Archives/edgar/data/927653/000094420900000219/0000944209-00-000219-index.html,https://www.sec.gov/Archives/edgar/data/927653/000094420900000219/,34.13008971704624,0.5755693581780539,2.07487922705314,1.7446514837819185,1.380952380952381,11.620427881297449,7.190131124913734,10.94513457556936,4.6783988957902,6520500000.0,7671500000.0,9.772931654676258,0.6592423338624392,10.844004656577416,12.896558544303796,2.0557079353069136,2.0557079353069136,0.7756119261139027,91.32738095238096,12.758190587061367,15.17306170886076,0.025580860363469,0.077540065945863,0.4274409659825341,0.1328447270696361,13.702380952380953,1.2976443499822885,0.0,3.604916067146283,0.0018250134192163,0.0713429256594724,0.0544743147741863,0.0,0.1257997824787622,0.1591551638117412,0.0096755603635665,2.2840095465393797,0.0,11.905582382384315,0.0032597605993252,0.0186953597848016,-8.145358868184955,1680500000.0,2083700000.0,488200000.0,3513600000.0,2736850000.0,3443650000.0,3869900000.0,24.84192540618144,38.02259826150648,39.35845926819548,3.622907585802718,2.3670134108408547,2.2866748768472904,0.0525867776411614,0.3302277432712215,2000-01-25,0.3,bmo,12858170000.0,2025-04-25,1999-12-31,-0.3,25.613015873015872,1289773.015873016
1999-09-30,MCK,USD,927653,1999-11-15,1999-11-15 00:00:00,2000,Q2,9050100000.0,8338700000.0,711400000.0,0.0786068662,0,523000000.0,0.0,523000000.0,60800000.0,583800000.0,8922500000.0,0.0,0.0,60800000.0,188400000.0,0.0208174495,127600000.0,0.0140992917,-28600000.0,97300000.0,0.0107512624,38000000.0,59300000.0,0.0065524138,0.21,0.21,282380952,282380952,https://www.sec.gov/Archives/edgar/data/927653/000092962499001974/0000929624-99-001974-index.html,https://www.sec.gov/Archives/edgar/data/927653/000092962499001974/,32.04925805335482,0.2100000002833052,-0.2478920745334125,-0.4851602030153932,0.7334064090838535,11.35912311819106,7.023136603066626,10.666087704102647,6.320185505996878,8189047608.0,9794747608.0,34.5238094772344,0.904857140584082,-116.9863944,-59.774070131386864,2.7188975756167206,2.7188975756167206,1.0822805944685694,51.989106199575374,-139.92496582857143,-71.49450808759124,0.0072413793201139,-0.0167296621729445,0.5925495534380292,0.1879145871501674,8.522823779193207,1.3315116256292727,0.0,-1.1804384485666104,0.0023568064229038,0.3254637436762226,0.0577894166915282,0.0,0.1289194937561859,-0.9571428571428572,0.0074032331134462,1.1019736842105263,0.0,7.0991030750281805,0.0148205700897866,0.0071678955638825,-7.738128172327998,1692400000.0,1983200000.0,507700000.0,3646700000.0,2638000000.0,2986950000.0,3672800000.0,27.284118407531405,32.00247040905656,39.71626272680394,3.2986222481411285,2.812282890964892,2.2660742431653893,0.0196885686775789,0.2372681284819806,1999-10-25,0.32,bmo,10464178125.0,2025-04-25,1999-09-30,-0.1562499999999999,18.924126984126985,1297144.4444444445
1999-06-30,MCK,USD,927653,1999-08-13,1999-08-13 00:00:00,2000,Q1,8697400000.0,7990500000.0,706900000.0,0.0812771633,0,501100000.0,0.0,501100000.0,56800000.0,557900000.0,8548400000.0,0.0,0.0,56800000.0,205800000.0,0.0236622439,149000000.0,0.0171315566,-32700000.0,114900000.0,0.0132108446,44800000.0,70100000.0,0.00805988,0.25,0.25,290200000,290200000,https://www.sec.gov/Archives/edgar/data/927653/000092962499001525/0000929624-99-001525-index.html,https://www.sec.gov/Archives/edgar/data/927653/000092962499001525/,29.97036526533425,0.2415575465196416,-1.268435561681599,-1.4996554100620263,0.6161268090971743,10.867332873880082,6.6519641626464505,10.193314955203308,6.856305995864921,9341538000.0,11152438000.0,33.315042796005706,1.074060983742268,-25.37771801140994,-21.464931066176472,3.1579520638247525,3.1579520638247525,1.2822726332007266,54.19066083576288,-30.297305080141268,-25.62600643382353,0.0075041176303088,-0.0465876175850272,0.6726277002129746,0.2133749423586312,8.799319727891156,1.344523642204598,0.0,-5.251069900142653,0.002076745820656,0.2767475035663338,0.0576149194012003,0.0,0.1311863934197685,-0.1822874218962238,0.0077149492951916,1.181338028169014,0.0,7.44319309223668,0.0168450411522086,0.008652611829762,-7.78842177808408,1715900000.0,1930400000.0,525200000.0,3657500000.0,2542200000.0,3070250000.0,3597400000.0,26.205072780371147,33.8892434766285,41.289281021212695,3.434449534038857,2.655709917575113,2.179742484587266,0.0236976437578175,0.2312198483804272,1999-08-10,0.36,bmo,9905372222.0,2025-04-25,1999-06-30,-0.1388888888888888,20.963015873015877,1433942.873015873
1999-03-31,MCK,USD,927653,1999-07-16,1999-07-16 00:00:00,1999,Q4,9591100000.0,8102800000.0,1488300000.0,0.1551751103,0,1163400000.0,0.0,1163400000.0,241400000.0,1404800000.0,9507600000.0,0.0,0.0,126700000.0,210200000.0,0.0219161514,83500000.0,0.0087059878,-35800000.0,47700000.0,0.0049733607,56500000.0,-8800000.0,-0.0009175173,-0.0314,-0.0314,280400000,280400000,https://www.sec.gov/Archives/edgar/data/927653/000092962499001311/0000929624-99-001311-index.html,https://www.sec.gov/Archives/edgar/data/927653/000092962499001311/,34.20506419400856,-0.0313837375178316,2.4497146932952925,1.9293865905848788,0.8587731811697575,10.975035663338089,6.594151212553495,10.277460770328103,5.645506419400856,18506400000.0,19848600000.0,-525.75,1.9295388433026448,26.941912942204105,34.207763401109055,6.421819696023318,6.421819696023318,2.0694810814192324,94.42721217887726,28.895909157082546,36.68872458410351,-0.0004755111745126,0.0292331301603769,0.5493094593656742,0.1743084918957012,6.3853472882968605,1.3540342909522718,0.0,-78.05681818181819,0.0026693468205593,-5.613636363636363,0.1212999551667692,0.0,0.1352625088090204,0.212403552191003,0.0152120194763895,1.1515390686661404,0.0,,-0.003131655246865,-0.0011205623185453,-7.435449358059914,1699400000.0,1849000000.0,495300000.0,3621800000.0,2299400000.0,2707000000.0,3406850000.0,23.947201050974343,34.78464234585576,39.19756133682184,3.7582680250783698,2.5873487243350257,2.2960612071408333,-0.0030536470261642,0.5203281027104137,1999-04-22,0.6,bmo,11669171666.0,2025-04-25,1999-03-31,-0.2166666666666666,22.264375,2110606.296875
1998-12-31,MCK,USD,927653,1999-02-12,1999-02-12 00:00:00,1999,Q3,7978800000.0,7480600000.0,498200000.0,0.0624404672,0,371200000.0,0.0,371200000.0,25200000.0,396400000.0,7877000000.0,0.0,0.0,25200000.0,127000000.0,0.0159171805,101800000.0,0.0127588108,-32900000.0,67900000.0,0.0085100516,25700000.0,42200000.0,0.0052890159,0.18,0.18,95370370,100980392,https://www.sec.gov/Archives/edgar/data/927653/000092765399000004/0000927653-99-000004-index.html,https://www.sec.gov/Archives/edgar/data/927653/,83.66120420839303,0.4424854386115939,-0.5053980602151381,-4.09351457900394,1.3001941798065793,19.671728231734868,9.218796152306004,17.622873854846112,26.61518456937936,7539981452.2,9954281452.2,44.668136565165874,0.9450019366571414,-156.4311504605809,-19.313477080430328,4.486214941512465,4.486214941512465,1.2475912984659348,78.38016891496063,-206.5203620788382,-25.49764716239754,0.0055968307438855,-0.0517773156969888,1.5102635806509193,0.341183112222267,19.01023622047244,1.3204393505253105,0.0,-1.1421800947867298,0.0020026574462718,0.3578199052132701,0.0465232867097809,0.0,0.133997338602363,-7.099585062240664,0.0428886549355792,13.57936507936508,0.0,13.245828173931343,0.0136126608050138,0.0065499472279133,-23.71963116007624,1342000000.0,879200000.0,-33600000.0,2852800000.0,1997750000.0,2434700000.0,3245950000.0,23.087682358249364,27.45862631339732,39.51862150094912,3.898182528825484,3.277658502387942,2.27740737358054,0.0251085857083358,3.588116518788802,1999-01-25,0.56,bmo,10258457142.0,2025-04-25,1998-12-31,-0.4285714285714286,31.43734375,1866957.875
1998-09-30,MCK,USD,927653,1998-10-30,1998-10-30 00:00:00,1999,Q2,6941500000.0,6488500000.0,453000000.0,0.0652596701,0,381900000.0,0.0,381900000.0,24300000.0,406200000.0,6894700000.0,0.0,0.0,24300000.0,71100000.0,0.0102427429,46800000.0,0.0067420586,-31400000.0,15900000.0,0.0022905712,6500000.0,9400000.0,0.0013541742,0.1,0.1,93555556,97906977,https://www.sec.gov/Archives/edgar/data/927653/000089843098003757/0000898430-98-003757-index.html,https://www.sec.gov/Archives/edgar/data/927653/,74.19655546699974,0.1004750589051066,-3.9495249218549886,-4.274465537888525,1.1062945315615462,19.521021284935767,10.66852726523265,17.431353836430624,20.17731581863508,8572495596.28,10356695596.28,227.99190415638296,1.234962990172153,-23.200258717943164,-21.43659814023506,5.256619816212901,5.256619816212901,1.491996772495858,145.6637917901547,-28.028946133369416,-25.89821354408602,0.0010965301637575,-0.0466491928177291,1.1575300466028944,0.2690219327623309,25.09423347398031,1.3993488591908,0.0,-39.30851063829788,0.0018780995357975,1.7127659574468086,0.0550169271771231,0.0,0.1180293291909532,-0.0822733423545331,0.0043794568897212,1.2510288065843622,0.0,6.277488895171402,0.0069967440138331,0.0015188973451613,-21.61255927975031,1521000000.0,998100000.0,139100000.0,2829000000.0,1840350000.0,2492200000.0,2991200000.0,25.265864726644097,35.88487323726593,44.48609077598829,3.5621183353004566,2.508020563565382,2.023104265402844,0.0057640421878832,0.3249406160335362,1998-10-27,0.5,bmo,9371025000.0,2025-04-25,1998-09-30,-0.5,43.70142857142857,3742884.3333333335
1998-06-30,MCK,USD,927653,1998-08-10,1998-08-10 00:00:00,1999,Q1,5870900000.0,5445500000.0,425400000.0,0.0724590778,0,302200000.0,0.0,302200000.0,23100000.0,325300000.0,5770800000.0,0.0,0.0,23100000.0,123200000.0,0.0209848575,100100000.0,0.0170501967,-32500000.0,70500000.0,0.0120083803,28400000.0,42100000.0,0.0071709619,0.45,0.43,95200000,95200000,https://www.sec.gov/Archives/edgar/data/927653/000092962498001341/0000929624-98-001341-index.html,https://www.sec.gov/Archives/edgar/data/927653/,61.669117647058826,0.4422268907563025,0.5031512605042017,0.1365546218487394,1.7836134453781514,18.44747899159664,10.551470588235292,16.394957983193276,12.77626050420168,7758800000.0,8805300000.0,46.073634204275535,1.3215690950280194,161.97912317327766,596.8307692307692,4.971040492055357,4.971040492055357,1.4998211517825206,71.4715909090909,183.8267223382046,677.3307692307692,0.0054260968190957,0.0016755168324998,0.7792798564838544,0.1930297884496357,8.494318181818182,1.5053341353002627,0.0,1.1377672209026128,0.0018301799247306,0.33729216152019,0.0514742203069376,0.0,0.1192966307470124,0.7286012526096033,0.0059445740857449,1.5108225108225108,0.0,12.77229635156596,0.0186165960848342,0.0075864057375572,-17.736344537815125,1596300000.0,1004500000.0,210300000.0,2792000000.0,1556200000.0,2158500000.0,2679350000.0,26.551295372089456,39.62115508217795,45.8668625470572,3.389665127020786,2.271513786342969,1.9622009224560395,0.0269733470015376,0.3665966386554621,1998-07-28,0.48,bmo,7485397499.0,2025-04-25,1998-06-30,-0.4166666666666666,71.68901639344261,2841616.5901639345
1998-03-31,MCK,USD,927653,1998-07-29,1998-07-29 00:00:00,1998,Q4,7376000000.0,6941100000.0,434900000.0,0.0589614967,0,322600000.0,0.0,322600000.0,23100000.0,345700000.0,7286800000.0,0.0,0.0,23100000.0,112300000.0,0.0152250542,89200000.0,0.0120932755,-29200000.0,60000000.0,0.0081344902,24300000.0,35700000.0,0.0048400217,0.38,0.38,93555556,93555556,https://www.sec.gov/Archives/edgar/data/927653/000092962498001298/0000929624-98-001298-index.html,https://www.sec.gov/Archives/edgar/data/927653/,78.84085473234748,0.3815914471183304,2.373990487534487,-0.0961995244836127,0.3815914471183304,17.12565312529381,9.083372878463786,15.03705456039404,12.87149637590738,5402833359.0,6571333359.0,37.8349675,0.7324882536605206,24.326129486717697,-600.3148176666666,3.840512765851578,3.840512765851578,0.8909074510574837,58.51588031166519,29.587273115713643,-730.148151,0.0066076441059451,-0.0016657926317508,0.8559852146715952,0.2147481052162282,10.405164737310775,1.5926759252075413,0.0,6.221288515406163,0.0007218434737587,0.1092436974789916,0.0437364425162689,0.0,0.1341774409273294,1.0405222872579918,0.0313313449023861,10.004329004329003,0.0,11.362449415826068,0.0174602756851005,0.0073530926242507,-17.556947660062008,1527800000.0,849800000.0,100300000.0,2710500000.0,1450450000.0,1868100000.0,2470800000.0,16.843275488069416,24.8912996499114,33.498292777801794,5.343378730802666,3.615721206438506,2.686704083607509,0.0253767415410861,2.4701900120180995,1998-04-29,0.55,bmo,7107781818.0,2025-04-25,1998-03-31,0.0363636363636361,75.35890625,1053206.25
1997-12-31,MCK,USD,927653,1998-02-11,1998-02-11 00:00:00,1998,Q3,4670800000.0,4271500000.0,399300000.0,0.0854885673,0,281600000.0,0.0,281600000.0,22300000.0,303900000.0,4575400000.0,0.0,0.0,22300000.0,117700000.0,0.0251991094,95400000.0,0.0204247666,-28300000.0,67100000.0,0.0143658474,25100000.0,42000000.0,0.0089920356,0.45,0.43,93333333,97674419,https://www.sec.gov/Archives/edgar/data/927653/000092765398000002/0000927653-98-000002-index.html,https://www.sec.gov/Archives/edgar/data/927653/,50.04428589301531,0.4500000016071429,-0.8410714315752551,-0.3375000012053571,0.7607142884311224,16.71750005970536,8.61214288790051,14.627142909382654,14.226428622237243,5057733315.27,6314533315.27,30.105555448035712,1.0828409084675,-64.42972376140128,-160.5629623895238,3.704756310628479,3.704756310628479,1.3519168697589277,53.64939095386576,-80.43991484420381,-200.4613750879365,0.0083041151800543,-0.0062280863850407,0.972604746557281,0.2377780165466853,10.677994902293968,1.435163837071194,0.0,-1.869047619047619,0.0028075817989707,0.3380952380952381,0.0602894579087094,0.0,0.135471508900111,-0.5987261146496815,0.0100625160572064,2.10762331838565,0.0,12.169627047959494,0.019069990071402,0.0086997949334051,-17.50151791964828,1245700000.0,803800000.0,84400000.0,2398700000.0,1426650000.0,1715550000.0,2286500000.0,29.297978932945107,38.27344024347419,49.68488821257169,3.0718842486024336,2.3515001376273053,1.8114159704847124,0.0307647231174919,0.5035714303698979,1998-01-20,0.42,bmo,4559590476.0,2025-04-25,1997-12-31,0.0238095238095238,83.09734375,445603.125
1997-09-30,MCK,USD,927653,1997-11-07,1997-11-07 00:00:00,1998,Q2,4467800000.0,4079600000.0,388200000.0,0.0868884015,0,276400000.0,0.0,276400000.0,20500000.0,296900000.0,4376500000.0,0.0,0.0,20500000.0,111800000.0,0.0250235015,91300000.0,0.0204351135,-26500000.0,64800000.0,0.0145037826,25200000.0,39600000.0,0.0088634227,0.44,0.41,90000000,96585366,https://www.sec.gov/Archives/edgar/data/927653/000092765397000020/0000927653-97-000020-index.html,https://www.sec.gov/Archives/edgar/data/927653/,49.64222222222222,0.44,-1.2644444444444445,-1.5444444444444445,0.8811111111111111,16.962222222222223,8.626666666666667,14.794444444444444,13.394444444444444,4587300000.0,5713500000.0,28.960227272727277,1.0267469448050497,-40.31019332161687,-33.0021582733813,3.445212166729253,3.445212166729253,1.2788173150096245,51.104651162790695,-50.206502636203865,-41.10431654676259,0.0086325289385913,-0.0303010485470756,0.9053698835899362,0.2302549899723044,10.073345259391772,1.4221067690685942,0.0,-2.8737373737373737,0.0030301048547075,0.351010101010101,0.0618648999507587,0.0,0.1432909941743864,-0.2214411247803163,0.0056403599086798,1.2292682926829268,0.0,12.102272513871103,0.0187311392367289,0.0088288408802086,-16.91722222222222,1121200000.0,776400000.0,68500000.0,2257100000.0,1290400000.0,1623300000.0,2165900000.0,26.848113165316263,35.61966859496029,48.86287871359937,3.3521908763505404,2.5266939179982657,1.8418890243351844,0.0297408937288772,0.28,1997-11-07,,amc,,2025-04-25,1997-09-30,,71.03587301587302,315477.7777777777
1997-06-30,MCK,USD,927653,1997-08-13,1997-08-13 00:00:00,1998,Q1,4342700000.0,3956600000.0,386100000.0,0.0889078223,0,278500000.0,0.0,278500000.0,21300000.0,299800000.0,4256400000.0,0.0,0.0,21300000.0,107600000.0,0.0247772123,86300000.0,0.0198724296,-24700000.0,61600000.0,0.0141847238,24000000.0,37600000.0,0.008658208,0.41,0.39,91707317,96410256,https://www.sec.gov/Archives/edgar/data/927653/000092765397000017/0000927653-97-000017-index.html,https://www.sec.gov/Archives/edgar/data/927653/,47.35390961225046,0.4100000003271276,-0.3009574470486362,-0.5528457451219514,0.837446809178814,16.250611715093573,8.18146277248521,14.123191500630206,10.936968093832688,3553658533.75,4479858533.75,23.62804876163564,0.8183062458263293,-128.75574397644928,-70.09188429487179,2.7437141242665226,2.7437141242665226,1.0315836999447348,41.63437299024164,-162.31371499094203,-88.36012887080868,0.0105806451697323,-0.014266986970889,0.7743977764051884,0.1998764472609155,8.607806691449815,1.456604692701145,0.0,-0.7340425531914894,0.0040240219661481,0.3803191489361702,0.0641306099891772,0.0,0.1474661724557103,-0.8369565217391305,0.0053192714210053,1.0845070422535212,0.0,11.414308638602058,0.0191551357733175,0.0087889483649283,-15.882593097778663,1124800000.0,750300000.0,60400000.0,2242500000.0,1236250000.0,1743350000.0,2188200000.0,25.864093766550763,37.12278218672598,48.15270686953445,3.479727564102564,2.4243872549019607,1.869053805092352,0.0290302655960469,0.2518882980733151,1997-10-23,0.39,bmo,4353241025.0,2025-04-25,1997-06-30,0.0256410256410256,54.29803278688525,347960.65573770495
1997-03-31,MCK,USD,927653,1997-06-19,1997-06-19 00:00:00,1997,Q4,3998600000.0,3649200000.0,349400000.0,0.0873805832,0,248400000.0,0.0,248400000.0,18800000.0,267200000.0,3916400000.0,0.0,0.0,18800000.0,101000000.0,0.0252588406,82200000.0,0.020557195,-22600000.0,59600000.0,0.0149052168,22800000.0,37700000.0,0.0094282999,0.41,0.41,91707317,91707317,https://www.sec.gov/Archives/edgar/data/927653/000092962497000781/0000929624-97-000781-index.html,https://www.sec.gov/Archives/edgar/data/927653/,43.60175535393757,0.4110904258599125,4.070558513886084,-9.341675539368358,1.3608510649155727,15.872234055217207,7.844521282854672,13.748085117352195,10.742872348996972,2934634144.0,3795034144.0,19.46043862068965,0.7339154063922373,7.86132907581034,-3.4255096813353565,2.327596878172589,2.327596878172589,0.9490907177512128,37.574595485148514,10.166177723010984,-4.429828579432707,0.0128465758081222,-0.2919273606052612,0.7814086294416244,0.1904577791524899,8.51881188118812,1.426171697254664,0.0,9.90185676392573,0.0039187167584457,0.3050397877984085,0.0621217426099134,0.0,0.1423213733374574,3.29493704795071,0.3076076626819387,65.42553191489361,0.0,11.276674542042056,0.018826500395455,0.0084974980841184,-16.83916889641423,1123900000.0,719400000.0,43900000.0,2233700000.0,1204250000.0,1704350000.0,2247100000.0,27.5608963137098,45.74235448865505,55.72591252877344,3.265496120865659,1.9675419205262303,1.6150475768975436,0.0299016497461928,13.412234053254442,1997-04-24,0.38,bmo,3682921052.0,2025-04-25,1997-03-31,0.0789473684210525,53.55390625,338137.5
1996-12-31,MCK,USD,927653,1997-02-05,1997-02-05 00:00:00,1997,Q3,3486600000.0,3229600000.0,257000000.0,0.0737107784,0,339600000.0,0.0,339600000.0,13200000.0,352800000.0,3582400000.0,0.0,0.0,13200000.0,-82600000.0,-0.0236907015,-95800000.0,-0.0274766248,-12700000.0,-108500000.0,-0.0311191419,-24200000.0,38000000.0,0.01089887,1.03,1.03,45500000,45500000,https://www.sec.gov/Archives/edgar/data/927653/000092962497000093/0000929624-97-000093-index.html,https://www.sec.gov/Archives/edgar/data/927653/,76.62857142857143,0.8351648351648352,-2.479120879120879,-2.7934065934065933,5.863736263736263,22.134065934065937,19.0021978021978,22.134065934065937,24.591208791208796,1271270000.0,2123370000.0,8.363618421052632,0.3646159582401193,-11.270124113475177,-10.002124311565696,1.2623076159269189,1.2623076159269189,0.6090087764584409,-25.706658595641645,-18.82420212765957,-16.706294256490953,0.0298913684740456,-0.0999787613960842,1.11101181610565,0.2468724488670211,-10.315980629539952,1.3034506796793308,0.0,-2.968421052631579,0.008338118574339,0.2789473684210526,0.0974014799518155,0.0,0.0314409902257132,-0.12677304964539,0.0041014168530947,1.0833333333333333,0.0,20.394260328960566,-0.0318074555481007,0.0086564308168937,-27.53956043956044,870600000.0,864600000.0,214400000.0,1372800000.0,1086600000.0,1381150000.0,1788700000.0,30.56272586473929,43.30567252910577,62.2748947238048,2.944763513513513,2.078249678249678,1.445205172953864,0.0377321020752656,0.3142857142857143,1997-01-24,0.3,bmo,3719039999.0,2025-04-25,1996-12-31,-0.0666666666666665,44.603125,390575.0
1996-09-30,MCK,USD,927653,1997-06-06,1997-06-06 00:00:00,1997,Q2,3566500000.0,3266000000.0,300500000.0,0.0842562737,0,221000000.0,0.0,221000000.0,20500000.0,241500000.0,3507500000.0,0.0,0.0,20500000.0,79500000.0,0.0222907613,59000000.0,0.0165428291,-12000000.0,47000000.0,0.0131781859,18900000.0,28100000.0,0.0078788728,0.33,0.32,85151515,87812500,https://www.sec.gov/Archives/edgar/data/927653/000092765397000014/0000927653-97-000014-index.html,https://www.sec.gov/Archives/edgar/data/927653/,41.884163775594594,0.3300000005871886,0.3922419935805017,0.1338790037969377,2.2113523171020506,12.167722441579578,8.888861225780891,11.48423489587942,6.634056951306151,2017239390.35,2393839390.3500004,17.94696966503559,0.5656075677414832,60.396388932634736,176.9508237149123,2.0628278866448517,2.0628278866448517,0.6712012870741625,30.111187300000005,71.67183803443115,209.98591143421052,0.0139299282645499,0.0056512876233405,0.5776664280601288,0.1585194746885172,4.737106918238994,1.4012094616290272,0.0,1.188612099644128,0.0052051333372873,0.3736654804270463,0.0619655124071218,0.0,0.0783477382422269,0.6586826347305389,0.0061685125473152,1.0731707317073171,0.0,9.234199708346765,0.0194435387967734,0.008555596151504,-10.874145926822324,749700000.0,756900000.0,90800000.0,1417800000.0,928000000.0,1183000000.0,1335200000.0,24.962287957381182,33.29669320269443,37.0003061849357,3.605438738374444,2.7029711164445915,2.4324123035674385,0.0287350444830759,0.258362989783564,1996-10-22,0.33,bmo,3674575757.0,2025-04-25,1996-09-30,-0.0303030303030303,36.24609375,364075.0
1996-06-30,MCK,USD,927653,1997-02-13,1997-02-13 00:00:00,1997,Q1,3501500000.0,3191000000.0,310500000.0,0.0886762816,0,227000000.0,0.0,227000000.0,19300000.0,246300000.0,3437300000.0,0.0,0.0,19300000.0,83500000.0,0.0238469227,64200000.0,0.0183349993,-10900000.0,50600000.0,0.0144509496,20500000.0,30100000.0,0.0085963159,-0.21,-0.21,86190476,86190476,https://www.sec.gov/Archives/edgar/data/927653/000092765397000006/0000927653-97-000006-index.html,https://www.sec.gov/Archives/edgar/data/927653/,40.625138211326274,0.3492265201087879,-0.6474033163478526,-0.8806077367527243,1.8923204461708736,12.184640910905284,8.907016594269649,11.514033174616648,6.479834268463722,2047023805.0,2442423805.0,17.00185884551495,0.5846133956875624,-36.685014426523296,-26.970010606060605,2.062700327488916,2.062700327488916,0.6975364286734257,29.250584491017964,-43.77103593189964,-32.17949677206851,0.0147042745308963,-0.0370782204948515,0.5627771060056429,0.1619826561095159,4.735329341317366,1.4586860137041515,0.0,-1.8538205980066444,0.0052271009129764,0.3554817275747508,0.0648293588462087,0.0,0.081933930798457,-0.3602150537634409,0.0057403969727259,1.0414507772020725,0.0,9.511710104115952,0.0209272390690312,0.0095090667846085,-10.681574609241048,796600000.0,767700000.0,135600000.0,1462200000.0,824100000.0,1153450000.0,1353400000.0,22.27959445951735,32.65214666248825,37.4468818552178,4.039570835256114,2.756327200483718,2.4034043835203738,0.0303305118903667,0.2332044204048716,1996-07-25,0.36,amc,,2025-04-25,1996-06-30,-0.0833333333333332,29.951147540983605,347422.95081967214
1996-03-31,MCK,USD,927653,1997-02-13,1997-02-13 00:00:00,1996,Q4,3482300000.0,3161300000.0,321000000.0,0.0921804554,0,231000000.0,0.0,231000000.0,19200000.0,250200000.0,3411500000.0,0.0,0.0,19200000.0,90000000.0,0.0258449875,70800000.0,0.0203313902,-10100000.0,60700000.0,0.0174310082,22700000.0,38000000.0,0.0109123281,0.84,0.84,45500000,45500000,https://www.sec.gov/Archives/edgar/data/927653/000089843097000500/0000898430-97-000500-index.html,https://www.sec.gov/Archives/edgar/data/927653/,76.53406593406594,0.8351648351648352,3.3142857142857145,2.074725274725275,6.193406593406594,24.654945054945056,19.745054945054942,23.3978021978022,10.492307692307692,1154790000.0,1350390000.0,7.597302631578947,0.3316170347184332,7.657758620689655,12.232944915254237,1.084717264700357,1.084717264700357,0.3877868075697097,15.004333333333332,8.954840848806366,14.30497881355932,0.0329064158851392,0.0817464647251881,0.4484313357129438,0.1362481805987613,2.1733333333333333,1.5470799953558574,0.0,3.968421052631579,0.0096987331029884,0.2947368421052631,0.0663354679378571,0.0,0.0637575273266931,0.3740053050397878,0.0161961921718404,2.9375,0.0,20.96838063261693,0.0244041953010494,0.0115836000609663,-18.125274725274725,942400000.0,898400000.0,282900000.0,1545600000.0,828550000.0,1214650000.0,1362900000.0,20.195273238951263,32.71692025432576,39.26201246322716,4.4564883542359865,2.7508701705534286,2.2922920745413675,0.0356941574300206,1.2395604395604396,1996-04-25,0.44,amc,,2025-04-25,1996-03-31,-0.0681818181818182,26.31796875,266159.375
1995-12-31,MCK,USD,927653,1996-02-13,1996-02-13 00:00:00,1996,Q3,3549700000.0,3254300000.0,295400000.0,0.0832183001,0,211100000.0,0.0,211100000.0,17700000.0,228800000.0,3483100000.0,0.0,0.0,17700000.0,84300000.0,0.0237484858,66600000.0,0.0187621489,-12600000.0,54000000.0,0.0152125532,21100000.0,32900000.0,0.0092683889,0.35,0.35,94000000,94000000,https://www.sec.gov/Archives/edgar/data/927653/000092765396000002/0000927653-96-000002-index.html,https://www.sec.gov/Archives/edgar/data/927653/,37.76276595744681,0.35,-2.0638297872340425,-2.220212765957447,1.9319148936170207,12.037234042553193,9.62872340425532,11.41063829787234,6.1553191489361705,2379140000.0,2776140000.0,18.07857142857143,0.67023692142998,-12.26360824742268,-11.399808337326306,2.21810553794518,2.21810553794518,0.7820773586500268,32.93167259786477,-14.31,-13.302060373742211,0.0138285262741999,-0.0877207730524475,0.5394368823419727,0.1574678859133464,4.709371293001186,1.5062592828347126,0.0,-5.896656534954407,0.0047075834124935,0.3404255319148936,0.0594698143505084,0.0,0.0616155018506422,-0.0757731958762886,0.0041411950305659,0.8305084745762712,0.0,9.479386931428882,0.0212221059972106,0.0095417633410672,-10.969946808510638,954400000.0,905100000.0,296700000.0,1554900000.0,842600000.0,1347250000.0,1227450000.0,22.20272135673437,35.4020833973512,37.24395415296684,4.053557154276579,2.542223263807515,2.4164995915942677,0.0306731307104232,0.1563829787234042,1996-01-22,0.36,amc,,2025-04-25,1995-12-31,-0.0277777777777778,22.21515625,176731.25
1995-09-30,MCK,USD,927653,1995-11-13,1995-11-13 00:00:00,1996,Q2,3348400000.0,3045500000.0,302900000.0,0.0904611158,0,218700000.0,0.0,218700000.0,17700000.0,236400000.0,3281900000.0,0.0,0.0,17700000.0,84200000.0,0.0251463385,66500000.0,0.0198602318,-13300000.0,53200000.0,0.0158881854,21500000.0,31700000.0,0.0094672082,0.34,0.34,93235294,93235294,https://www.sec.gov/Archives/edgar/data/927653/000092765395000011/0000927653-95-000011-index.html,https://www.sec.gov/Archives/edgar/data/927653/,35.91343853112106,0.340000000429022,0.7443533132420862,0.4901577293251201,3.9770347053337978,11.920378563937389,9.654069412812706,11.28220821612897,6.058864360957558,2097794115.0,2291894115.0,16.544117626182967,0.6265064254569347,30.22758090778098,45.90359113785558,1.994290441106569,1.994290441106569,0.6844744101660495,27.219645071258903,33.024410878962534,50.15085590809628,0.0151111111301787,0.0217847879700053,0.537028234623063,0.1579300511616204,2.30522565320665,1.5386709634403823,0.0,2.189274447949527,0.0055296179529991,0.3659305993690852,0.0653147772070242,0.0,0.0590734993989208,0.3414985590778098,0.0070780074065225,1.3389830508474576,0.0,9.290257959943508,0.021010074231177,0.0094188257665795,-10.01203471294894,969500000.0,900100000.0,303800000.0,1553400000.0,801500000.0,1225000000.0,1095700000.0,21.758153147772067,41.79806271548186,32.749302249220165,4.136380481778875,2.15320984162896,2.748150153401913,0.0301359444814145,0.254195583916966,1995-10-19,0.32,amc,,2025-04-25,1995-09-30,0.0625,23.84031746031746,312533.3333333333
1995-06-30,MCK,USD,927653,1995-08-04,1995-08-04 00:00:00,1996,Q1,3336000000.0,3037000000.0,299000000.0,0.0896282974,0,212100000.0,0.0,212100000.0,16700000.0,228800000.0,3265800000.0,0.0,0.0,16700000.0,86900000.0,0.0260491607,70200000.0,0.0210431655,-14000000.0,56200000.0,0.0168465228,23400000.0,32800000.0,0.0098321343,0.35,0.35,93714286,93714286,https://www.sec.gov/Archives/edgar/data/927653/000092765395000010/0000927653-95-000010-index.html,https://www.sec.gov/Archives/edgar/data/927653/,35.59756086708061,0.3499999989329268,-0.2528963406923892,-0.4236280474889389,3.0827743808452,11.773018256789578,9.49481704422312,11.133841429469996,8.223932901756303,2191040006.68,2672840006.68,16.700000050914635,0.6567865727458033,-92.44894542953588,-55.18992460151133,2.0999041658807744,2.0999041658807744,0.801211033177458,30.757652550978133,-112.77805935358649,-67.32594475264483,0.014970059834599,-0.0181192492510239,0.7386428982173663,0.2230486499001533,5.544303797468355,1.58168963878327,0.0,-0.7225609756097561,0.0046553234851497,0.3109756097560975,0.0635791366906474,0.0,0.0617891355309235,-0.6751054852320675,0.0047961630695443,0.9580838323353292,0.0,9.363706583920823,0.0196889896224412,0.010117835770251,-9.885099055228356,979100000.0,889800000.0,310300000.0,1560100000.0,722600000.0,1052650000.0,1275350000.0,21.407374100719423,30.689496213368457,32.10009878169246,4.2041587901701325,2.932599459250676,2.803729689807976,0.0314356910101591,0.1707317067965496,1995-07-21,0.35,amc,,2025-04-25,1995-06-30,0.0,25.940952380952385,367812.6984126984
1995-03-31,MCK,USD,927653,1995-06-12,1995-06-12 00:00:00,1995,Q4,3348100000.0,3018100000.0,330000000.0,0.0985633643,0,226900000.0,0.0,226900000.0,16700000.0,243600000.0,3261700000.0,0.0,0.0,16700000.0,103100000.0,0.0307935844,86400000.0,0.0258056808,-16800000.0,69600000.0,0.0207879096,30000000.0,39600000.0,0.0118276037,0.42,0.42,93555168,93714286,https://www.sec.gov/Archives/edgar/data/927653/000089843095001064/0000898430-95-001064-index.html,https://www.sec.gov/Archives/edgar/data/927653/,35.78744041162964,0.4232796631822627,1.767940815412784,1.4761343809462242,4.119494499758688,11.473444203531333,9.182817137370757,10.833180268566243,5.326269095043472,1888878841.92,2001778841.92,11.924740163636365,0.5641644042651056,11.420065549697703,13.677616523678497,1.8637186402762704,1.8637186402762704,0.5978850219288552,19.415895653928224,12.102653215961306,14.495140057349747,0.0209648173938713,0.073112153588223,0.49166255550074,0.143222579903426,1.0950533462657617,1.5529858474283742,0.0,4.1767676767676765,0.0060882676775131,0.2904040404040404,0.067769779875153,0.0,0.0615946194527477,0.1650544135429262,0.0081538783190466,1.6347305389221556,0.0,10.15740912554022,0.0276094471719489,0.0121290085454378,-8.528390435897673,961200000.0,859100000.0,293600000.0,1541800000.0,987150000.0,1077800000.0,1343450000.0,17.518293957767092,31.898545442496932,43.76097544812962,5.137486573576799,2.821445265027578,2.056626916524702,0.0390725209669462,0.2918064344665599,1995-04-20,0.4,amc,,2025-04-25,1995-03-31,0.0749999999999999,24.83650793650794,233022.22222222225
1994-12-31,MCK,USD,927653,1995-03-20,1995-03-20 00:00:00,1995,Q3,3350000000.0,3113700000.0,236300000.0,0.0705373134,0,0.0,0.0,452500000.0,0.0,452500000.0,3566200000.0,0.0,0.0,-3100000.0,-219300000.0,-0.0654626866,-216200000.0,-0.0645373134,-10100000.0,-226300000.0,-0.0675522388,50000000.0,303400000.0,0.0905671642,3.43,3.33,88454810,91111111,https://www.sec.gov/Archives/edgar/data/927653/000092765395000009/0000927653-95-000009-index.html,https://www.sec.gov/Archives/edgar/data/927653/,37.87244582855359,3.430000019218853,,,1.6302109517843066,11.826377785447733,9.381061357771271,11.18763354983183,8.914156279347612,1442697951.1,2086997951.1,1.1887755035431773,0.4306561048059701,0.0,0.0,1.4578596918957152,1.4578596918957152,0.6229844630149254,-9.516634523939809,0.0,0.0,0.2103004303628972,,0.79678658043654,0.2249579184616701,-2.937984496124031,1.544665845740513,0.0,0.0,0.0076640098099325,0.0364431484838497,0.0,0.0,0.0617100795982996,0.0,,0.0,,29.383764633655687,-0.1289160231302771,0.09225249331063,-8.062308878397907,973100000.0,829800000.0,300700000.0,1540400000.0,,,,35.53253731343283,31.387416899508622,35.24617015126698,2.53288976258884,2.8673911041532367,2.553468919140561,0.3065885206143896,,1995-01-24,0.3,amc,,2025-04-25,1994-12-31,0.0,22.04619047619048,248984.12698412695
1994-09-30,MCK,USD,927653,1994-09-30,1994-09-29 20:00:00,1995,Q2,3245500000.0,0.0,3245500000.0,1.0,0,0.0,0.0,0.0,0.0,0.0,0.0,0.0,0.0,0.0,3245500000.0,1.0,3245500000.0,1.0,-3245500000.0,0.0,0.0,-30800000.0,30800000.0,0.0094900632,0.42,0.36,73333333,85555556,,,44.256818382985536,0.4200000019090909,,,,,,,,1209999994.5,,9.821428526785716,0.3728239083346171,0.0,0.0,0.0,0.0,,,0.0,0.0,0.0254545455702479,,0.0,0.0,,0.0,0.0,0.0,,,0.0,0.0,0.0,0.0,,0.0,,,0.0,0.0,,,,,,,,,,0.0,0.0,0.0,0.0,0.0,0.0,,1994-10-20,0.36,amc,,2025-04-25,1994-09-30,0.0,21.20777777777777,207669.84126984127
1994-06-30,MCK,USD,927653,1994-06-30,1994-06-29 20:00:00,1995,Q1,3245500000.0,0.0,3245500000.0,1.0,0,0.0,0.0,0.0,0.0,0.0,0.0,0.0,0.0,0.0,3245500000.0,1.0,3245500000.0,1.0,-3245500000.0,0.0,0.0,-30800000.0,30800000.0,0.0094900632,0.42,0.36,73333333,85555556,,,44.256818382985536,0.4200000019090909,,,,,,,,1209999994.5,,9.821428526785716,0.3728239083346171,0.0,0.0,0.0,0.0,,,0.0,0.0,0.0254545455702479,,0.0,0.0,,0.0,0.0,0.0,,,0.0,0.0,0.0,0.0,,0.0,,,0.0,0.0,,,,,,,,,,0.0,0.0,0.0,0.0,0.0,0.0,,1994-07-25,0.4,amc,,2025-04-25,1994-06-30,0.0,18.23190476190476,548784.126984127
