date,symbol,reportedCurrency,cik,fillingDate,acceptedDate,calendarYear,period,revenue,costOfRevenue,grossProfit,grossProfitRatio,researchAndDevelopmentExpenses,generalAndAdministrativeExpenses,sellingAndMarketingExpenses,sellingGeneralAndAdministrativeExpenses,otherExpenses,operatingExpenses,costAndExpenses,interestIncome,interestExpense,depreciationAndAmortization,ebitda,ebitdaratio,operatingIncome,operatingIncomeRatio,totalOtherIncomeExpensesNet,incomeBeforeTax,incomeBeforeTaxRatio,incomeTaxExpense,netIncome,netIncomeRatio,eps,epsdiluted,weightedAverageShsOut,weightedAverageShsOutDil,link,finalLink,revenuePerShare,netIncomePerShare,operatingCashFlowPerShare,freeCashFlowPerShare,cashPerShare,bookValuePerShare,tangibleBookValuePerShare,shareholdersEquityPerShare,interestDebtPerShare,marketCap,enterpriseValue,peRatio,priceToSalesRatio,pocfratio,pfcfRatio,pbRatio,ptbRatio,evToSales,enterpriseValueOverEBITDA,evToOperatingCashFlow,evToFreeCashFlow,earningsYield,freeCashFlowYield,debtToEquity,debtToAssets,netDebtToEBITDA,currentRatio,interestCoverage,incomeQuality,dividendYield,payoutRatio,salesGeneralAndAdministrativeToRevenue,researchAndDdevelopementToRevenue,intangiblesToTotalAssets,capexToOperatingCashFlow,capexToRevenue,capexToDepreciation,stockBasedCompensationToRevenue,grahamNumber,roic,returnOnTangibleAssets,grahamNetNet,workingCapital,tangibleAssetValue,netCurrentAssetValue,investedCapital,averageReceivables,averagePayables,averageInventory,daysSalesOutstanding,daysPayablesOutstanding,daysOfInventoryOnHand,receivablesTurnover,payablesTurnover,inventoryTurnover,roe,capexPerShare,report_date,epsEstimated,time,revenueEstimated,updatedFromDate,fiscalDateEnding,surprise(%),QuarterAvgPrice,QuarterAvgVolume
2025-03-31,MCO,USD,1059556,2025-04-23,2025-04-23 16:23:59,2025,Q1,1924000000.0,491000000.0,1433000000.0,0.7448024948,0,0.0,0.0,439000000.0,148000000.0,587000000.0,1078000000.0,24000000.0,85000000.0,113000000.0,1002000000.0,0.5207900208,846000000.0,0.4397089397,-42000000.0,804000000.0,0.4178794179,179000000.0,625000000.0,0.3248440748,3.4722222222222223,3.458771444382956,180000000,180700000,https://www.sec.gov/Archives/edgar/data/1059556/000105955625000121/0001059556-25-000121-index.htm,https://www.sec.gov/Archives/edgar/data/1059556/000105955625000121/mco-20250331.htm,10.688888888888888,3.4722222222222223,4.205555555555556,3.733333333333333,12.227777777777778,21.433333333333337,-24.20555555555556,20.55555555555556,40.11666666666667,83824200000.0,88821200000.0,33.52968,43.56767151767152,110.73210039630118,124.73839285714286,22.655189189189187,22.655189189189187,46.16486486486487,91.47394438722966,117.3331571994716,132.17440476190475,0.0074560807022315,0.0080167779710393,1.9286486486486487,0.4727080021197668,5.146240988671472,1.5649640041138155,9.952941176470588,1.2112,0.0023262971790962,0.312,0.0,0.0,0.5441838897721251,0.0,0.0,0.0,0.0291060291060291,40.07371679514864,0.0535457786786633,0.0908298212469117,-42.49722222222222,1648000000.0,-4357000000.0,-6673000000.0,10751000000.0,1825500000.0,75500000.0,0.0,86.53846153846155,17.96334012219959,0.0,1.04,5.010204081632653,0.0,0.1689189189189189,0.0,2025-04-22,3.54,bmo,1875655811.0,2025-05-11,2025-03-31,0.0819209039548022,481.8421666666666,815840.8833333333
2024-12-31,MCO,USD,1059556,2025-02-14,2025-02-14 16:20:12,2024,Q4,1672000000.0,497000000.0,1175000000.0,0.7027511962,0,0.0,0.0,441000000.0,173000000.0,614000000.0,1111000000.0,29000000.0,81000000.0,113000000.0,143000000.0,0.0855263158,561000000.0,0.3355263158,-36000000.0,525000000.0,0.3139952153,130000000.0,395000000.0,0.2362440191,2.18,2.17,181800000,182700000,https://www.sec.gov/Archives/edgar/data/1059556/000105955625000025/0001059556-25-000025-index.htm,https://www.sec.gov/Archives/edgar/data/1059556/000105955625000025/mco-20241231.htm,9.196919691969198,2.1727172717271728,3.707370737073707,3.3003300330033003,16.358635863586358,20.5005500550055,-22.865786578657865,19.60946094609461,43.052805280528055,86058666000.0,91396666000.0,54.46751012658227,51.47049401913876,127.68348071216616,143.43111,24.13987826086956,24.13987826086956,54.66307775119617,639.1375244755245,135.60336201780416,152.3277766666667,0.0045898922021403,0.0069719881551498,2.172791023842917,0.4995807803934214,37.32867132867133,1.4706700027800943,6.925925925925926,1.702020202020202,0.0018010969400803,0.3924050632911392,0.0,0.0,0.508481135117704,0.1097922848664688,0.0442583732057416,0.6548672566371682,0.0322966507177033,30.961763934793552,0.0332167871476913,0.0518304684424616,-40.99697469746975,1693000000.0,-4157000000.0,-6488000000.0,10449000000.0,1780000000.0,51500000.0,0.0,96.94377990430624,9.59758551307847,0.0,0.9283731260410882,9.37735849056604,0.0,0.1107994389901823,0.407040704070407,2025-02-13,2.27,bmo,1702958345.0,2025-05-11,2024-12-31,0.1541850220264317,477.26359375,673042.203125
2024-09-30,MCO,USD,1059556,2024-10-23,2024-10-23 16:28:26,2024,Q3,1813000000.0,621000000.0,1192000000.0,0.6574738003,0,451000000.0,-17000000.0,434000000.0,0.0,433000000.0,1075000000.0,28000000.0,88000000.0,108000000.0,865000000.0,0.4771097628,738000000.0,0.4070601213,-35000000.0,703000000.0,0.387755102,169000000.0,534000000.0,0.2945394374,2.94,2.93,181700000,182500000,https://www.sec.gov/Archives/edgar/data/1059556/000105955624000184/0001059556-24-000184-index.htm,https://www.sec.gov/Archives/edgar/data/1059556/000105955624000184/mco-20240930.htm,9.977985690698954,2.938910291689598,3.8690148596587774,3.472757292239956,17.694001100715465,22.388552559163458,-22.28948816730875,21.491469455145843,44.08915795266923,86233003000.0,91514003000.0,40.37125608614232,47.563708218422505,122.6643001422475,136.66086053882725,22.0827152368758,22.0827152368758,50.47655984555985,105.7965352601156,130.17639118065435,145.03011568938194,0.0061925246880246,0.0073173840414672,2.0289372599231754,0.5024414991438899,6.105202312138728,1.6670788253477589,8.386363636363637,1.3164794007490637,0.0018090521560521,0.2921348314606741,0.2487589630446773,0.0,0.5148075337687869,0.1024182076813655,0.0397131825703254,0.6666666666666666,0.0314396028681742,37.69792789024839,0.0420355473713223,0.0697947980656123,-39.44276279581728,2158000000.0,-4050000000.0,-6308000000.0,11180000000.0,1766000000.0,53500000.0,0.0,87.31936017650304,7.246376811594203,0.0,1.030699260943718,12.42,0.0,0.1367477592829705,0.3962575674188222,2024-10-22,2.86,bmo,1707279855.0,2025-04-24,2024-09-30,0.1223776223776224,463.4509375,768376.84375
2024-06-30,MCO,USD,1059556,2024-07-24,2024-07-24 16:26:11,2024,Q2,1817000000.0,580000000.0,1237000000.0,0.6807925151,0,438000000.0,8000000.0,446000000.0,-4000000.0,446000000.0,1026000000.0,23000000.0,86000000.0,110000000.0,903000000.0,0.4969730325,791000000.0,0.4353329664,-56000000.0,719000000.0,0.3957072097,166000000.0,552000000.0,0.3037974684,3.03,3.02,182300000,183000000,https://www.sec.gov/Archives/edgar/data/1059556/000105955624000128/0001059556-24-000128-index.htm,https://www.sec.gov/Archives/edgar/data/1059556/000105955624000128/mco-20240630.htm,9.967087218869995,3.027975863960505,3.76302797586396,3.2528798683488755,14.799780581459132,21.60175534832693,-21.300054854635217,20.72408118486012,40.53208996160176,76837627000.0,81505627000.0,34.79964990942029,42.28818216840946,112.00820262390673,129.574413153457,20.33817548967708,20.33817548967708,44.8572520638415,90.26093798449612,118.81286734693876,137.4462512647555,0.0071839803173515,0.0077175730583142,1.9330333509793545,0.4864450809298608,5.169435215946844,1.479341410375893,9.19767441860465,1.2427536231884058,0.0020042263928843,0.2789855072463768,0.2410566868464501,0.0,0.5209485112902151,0.1355685131195335,0.0511832691249312,0.8454545454545455,0.0308200330214639,37.57552922696599,0.0479112389650577,0.0767519466073414,-38.657432803071856,1543000000.0,-3883000000.0,-6313000000.0,10258000000.0,1828500000.0,72500000.0,0.0,87.82058337919648,8.844827586206897,0.0,1.0248166948674562,10.175438596491228,0.0,0.1461090524086818,0.510148107515085,2024-07-23,3.02,bmo,1724977934.0,2025-04-24,2024-06-30,0.086092715231788,397.8511111111111,717893.9523809524
2024-03-31,MCO,USD,1059556,2024-05-02,2024-05-02 16:20:56,2024,Q1,1786000000.0,570000000.0,1216000000.0,0.6808510638,0,405000000.0,9000000.0,414000000.0,13000000.0,414000000.0,984000000.0,22000000.0,84000000.0,100000000.0,902000000.0,0.5050391937,802000000.0,0.4490481523,-49000000.0,752000000.0,0.4210526316,175000000.0,577000000.0,0.3230683091,3.16,3.15,182600000,183400000,https://www.sec.gov/Archives/edgar/data/1059556/000105955624000090/0001059556-24-000090-index.htm,https://www.sec.gov/Archives/edgar/data/1059556/000105955624000090/mco-20240331.htm,9.780941949616649,3.1599123767798467,4.244249726177437,3.8170865279299018,13.877327491785325,20.454545454545453,-22.765607886089818,19.57831325301205,40.61883899233297,71924314000.0,76781314000.0,31.16304766031196,40.27117245240761,92.80556645161288,103.19126829268292,20.11868923076923,20.11868923076923,42.99065733482643,85.12340798226164,99.07266322580644,110.1597044476327,0.0080223219091112,0.0096907424101396,2.051188811188811,0.4885084271534208,5.38470066518847,1.3852749852158486,9.547619047619047,1.34315424610052,0.0021550431471616,0.268630849220104,0.2267637178051511,0.0,0.5257477849576977,0.1006451612903225,0.0436730123180291,0.78,0.0296752519596864,37.30924112341308,0.049103444119225,0.0810507093692934,-40.1369112814896,1303000000.0,-4157000000.0,-6591000000.0,10068000000.0,1771500000.0,55500000.0,0.0,94.9384098544233,13.894736842105264,0.0,0.9479830148619958,6.477272727272728,0.0,0.1613986013986014,0.4271631982475355,2024-05-02,3.04,bmo,1697666446.0,2025-04-24,2024-03-31,0.1085526315789473,385.5849180327869,721729.1147540984
2023-12-31,MCO,USD,1059556,2024-02-14,2024-02-14 16:34:00,2023,Q4,1480000000.0,518000000.0,962000000.0,0.65,0,814000000.0,-386000000.0,428000000.0,-1043000000.0,428000000.0,946000000.0,19000000.0,51000000.0,97000000.0,633000000.0,0.4277027027,534000000.0,0.3608108108,-84000000.0,450000000.0,0.3040540541,110000000.0,340000000.0,0.2297297297,1.86,1.85,182700000,183600000,https://www.sec.gov/Archives/edgar/data/1059556/000105955624000017/0001059556-24-000017-index.htm,https://www.sec.gov/Archives/edgar/data/1059556/000105955624000017/mco-20231231.htm,8.10071154898741,1.8609742747673783,2.610837438423645,2.2112753147235904,12.00328407224959,19.025725232621784,-24.78927203065134,18.160919540229884,40.8648056923919,71355312000.0,76640312000.0,52.46714117647058,48.21304864864865,149.59184905660376,176.6220594059406,21.505518987341773,21.505518987341773,51.78399459459459,121.07474249605056,160.67151362683438,189.70374257425743,0.0047648870206047,0.0056618069303656,2.234779987944545,0.5071125700998496,8.34913112164297,1.69,10.470588235294118,1.402941176470588,0.0019620123026019,0.4117647058823529,0.55,0.0,0.5474627273970729,0.1530398322851153,0.0493243243243243,0.7525773195876289,0.0337837837837837,27.575942261072065,0.0327011401091478,0.051382801873961,-42.19348659003831,1725000000.0,-4529000000.0,-6921000000.0,10610000000.0,1586000000.0,32000000.0,0.0,100.88513513513514,3.996138996138996,0.0,0.8921036769138035,22.52173913043478,0.0,0.1024713682941531,0.3995621237000547,2024-02-13,2.32,bmo,1484859056.0,2025-04-24,2023-12-31,-0.0560344827586206,347.5366666666667,817104.3492063492
2023-09-30,MCO,USD,1059556,2023-10-26,2023-10-26 17:14:04,2023,Q3,1472000000.0,412000000.0,1060000000.0,0.7201086957,0,395000000.0,8000000.0,403000000.0,8000000.0,498000000.0,910000000.0,19000000.0,85000000.0,95000000.0,659000000.0,0.4476902174,535000000.0,0.363451087,-48000000.0,487000000.0,0.3308423913,97000000.0,389000000.0,0.2642663043,2.12,2.11,183300000,184000000,https://www.sec.gov/Archives/edgar/data/1059556/000105955623000102/0001059556-23-000102-index.htm,https://www.sec.gov/Archives/edgar/data/1059556/000105955623000102/mco-20230930.htm,8.030551009274413,2.1222040370976543,2.520458265139116,2.133115111838516,11.342062193126022,18.28696126568467,-24.75177304964539,17.408619749045283,40.13638843426077,57953961000.0,63219961000.0,37.24547622107969,39.37089741847826,125.44147402597405,148.21984910485932,18.16169257286117,18.16169257286117,42.94834307065217,95.93317298937784,136.83974242424242,161.6878797953964,0.0067122245535555,0.0067467347055018,2.278909432779693,0.5124374603622014,7.990895295902883,1.7791978845306302,6.294117647058823,1.1846153846153846,0.0024329657122142,0.3624678663239074,0.2683423913043478,0.0,0.5559157212317666,0.1536796536796536,0.0482336956521739,0.7473684210526316,0.03125,28.83148400644236,0.0353148223748215,0.0617264360520469,-41.59983633387889,1768000000.0,-4537000000.0,-6802000000.0,10528000000.0,1527500000.0,39000000.0,0.0,92.50679347826086,8.95631067961165,0.0,0.9729015201586252,10.048780487804878,0.0,0.1219053588216859,0.3873431533006001,2023-10-25,2.3,bmo,1465310000.0,2025-04-24,2023-09-30,0.0565217391304349,340.1563492063492,653000.3333333334
2023-06-30,MCO,USD,1059556,2023-07-26,2023-07-26 16:15:20,2023,Q2,1494000000.0,426000000.0,1068000000.0,0.7148594378,0,406000000.0,9000000.0,415000000.0,519000000.0,934000000.0,934000000.0,15000000.0,86000000.0,93000000.0,655000000.0,0.4384203481,550000000.0,0.3681392236,-58000000.0,492000000.0,0.3293172691,115000000.0,377000000.0,0.2523427041,2.05,2.05,183500000,184100000,https://www.sec.gov/Archives/edgar/data/1059556/000105955623000052/0001059556-23-000052-index.htm,https://www.sec.gov/Archives/edgar/data/1059556/000105955623000052/mco-20230630.htm,8.141689373297003,2.054495912806539,3.2915531335149866,2.997275204359673,12.724795640326976,18.04904632152589,-25.896457765667577,17.13351498637602,42.27792915531335,63806620000.00001,69200620000.0,42.31208222811672,42.70858099062919,105.64009933774835,116.01203636363638,20.29472646310433,20.29472646310433,46.319022757697454,105.64980152671755,114.57056291390728,125.81930909090909,0.0059084778350584,0.0086197952500853,2.440203562340967,0.5222244911850793,8.235114503816794,1.6460442444694414,6.395348837209302,1.6021220159151193,0.002225474410022,0.376657824933687,0.2717536813922356,0.0,0.548907494384317,0.0894039735099337,0.036144578313253,0.5806451612903226,0.0334672021419009,28.14278897886953,0.0336239899019382,0.0568884864946431,-42.98365122615804,1723000000.0,-4752000000.0,-6989000000.0,10658000000.0,1627000000.0,53500000.0,0.0,92.89156626506023,7.816901408450705,0.0,0.9688715953307392,11.513513513513514,0.0,0.1199109414758269,0.2942779291553133,2023-07-25,2.24,bmo,1452010000.0,2025-04-24,2023-06-30,0.0267857142857141,317.0117741935484,744780.2741935484
2023-03-31,MCO,USD,1059556,2023-04-26,2023-04-26 16:15:36,2023,Q1,1470000000.0,428000000.0,1042000000.0,0.7088435374,0,377000000.0,386000000.0,386000000.0,516000000.0,902000000.0,902000000.0,28000000.0,76000000.0,88000000.0,659000000.0,0.4482993197,554000000.0,0.3768707483,-48000000.0,506000000.0,0.3442176871,5000000.0,501000000.0,0.3408163265,2.73,2.72,183300000,184100000,https://www.sec.gov/Archives/edgar/data/1059556/000105955623000030/0001059556-23-000030-index.htm,https://www.sec.gov/Archives/edgar/data/1059556/000105955623000030/mco-20230331.htm,8.01963993453355,2.7332242225859247,3.31696672122204,2.9187124931805783,11.98581560283688,16.68303327877796,-27.33769776322968,15.771958537915983,43.60611020185488,56093466000.0,61891466000.0,27.990751497005988,38.15882040816327,92.25899013157894,104.8476,19.402790038049115,19.402790038049115,42.1030380952381,93.9172473444613,101.79517434210528,115.68498317757007,0.0089315215429904,0.0095376527455087,2.738498789346247,0.5378762144167403,8.798179059180576,1.4812583668005357,7.2894736842105265,1.2135728542914173,0.00251366175162,0.281437125748503,0.2564625850340136,0.0,0.5482030029213941,0.1200657894736842,0.0496598639455782,0.8295454545454546,0.0319727891156462,31.14380725044209,0.0440866172399618,0.0753383458646616,-44.626295690125474,1438000000.0,-5011000000.0,-7235000000.0,10364000000.0,1682000000.0,61000000.0,-1755500000.0,104.81632653061224,14.719626168224298,0.0,0.8586448598130841,6.114285714285714,0.0,0.1732964372189553,0.3982542280414621,2023-04-25,2.2,bmo,1408740000.0,2025-04-24,2023-03-31,0.359090909090909,302.1440322580645,871533.4354838709
2022-12-31,MCO,USD,1059556,2023-02-15,2023-02-15 16:51:09,2022,Q4,1290000000.0,410000000.0,880000000.0,0.6821705426,0,0.0,0.0,403000000.0,89000000.0,492000000.0,902000000.0,6000000.0,71000000.0,89000000.0,478000000.0,0.3705426357,411000000.0,0.3186046512,21000000.0,327000000.0,0.2534883721,81000000.0,246000000.0,0.1906976744,1.34,1.34,183200000,183900000,https://www.sec.gov/Archives/edgar/data/1059556/000105955623000016/0001059556-23-000016-index.htm,https://www.sec.gov/Archives/edgar/data/1059556/000105955623000016/mco-20221231.htm,7.041484716157205,1.3427947598253276,2.0578602620087336,1.6266375545851528,10.147379912663755,0.0,-43.935589519650655,13.75,2.9748908296943237,51043184000.0,49748184000.0,51.87315447154472,39.56835968992248,135.39306100795756,171.2858523489933,20.263272727272728,20.263272727272728,38.56448372093024,104.07569874476988,131.9580477453581,166.94021476510068,0.004819448567315,0.0058381937929263,0.1881699086939261,0.0330336608822914,-2.709205020920502,1.7237894736842103,5.788732394366197,1.532520325203252,0.0025076805553509,0.5203252032520326,0.0,0.0,0.5609450135897972,0.2095490716180371,0.0612403100775193,0.8876404494382022,0.0302325581395348,20.382029555982907,0.0253727770023353,0.039047619047619,-70.99617903930131,1719000000.0,-8049000000.0,-10255000000.0,10616000000.0,1585000000.0,43000000.0,-1755500000.0,115.25581395348836,11.414634146341465,-770.7073170731707,0.7808716707021792,7.884615384615385,-0.116775847336941,0.0976578007145692,0.4312227074235807,2023-01-31,1.44,bmo,1255746229.0,2025-04-24,2022-12-31,0.1111111111111112,273.52682539682536,786570.6825396825
2022-09-30,MCO,USD,1059556,2022-10-26,2022-10-26 16:03:32,2022,Q3,1275000000.0,393000000.0,882000000.0,0.6917647059,0,0.0,0.0,385000000.0,83000000.0,468000000.0,861000000.0,5000000.0,63000000.0,83000000.0,499000000.0,0.391372549,413000000.0,0.3239215686,-32000000.0,381000000.0,0.2988235294,78000000.0,303000000.0,0.2376470588,1.65,1.65,183200000,183900000,https://www.sec.gov/Archives/edgar/data/1059556/000105955622000063/0001059556-22-000063-index.htm,https://www.sec.gov/Archives/edgar/data/1059556/000105955622000063/mco-20220930.htm,6.959606986899563,1.6539301310043668,1.834061135371179,1.4465065502183403,9.525109170305678,13.264192139737991,-29.30676855895197,12.308951965065502,43.84279475982533,44537752000.0,50850752000.0,36.7473201320132,34.93157019607843,132.55283333333333,168.06698867924527,19.75066607538803,19.75066607538803,39.88294274509804,101.90531462925853,151.3415238095238,191.88963018867923,0.0068032171897674,0.0059500084332949,3.533924611973392,0.5717052873233374,12.651302605210422,1.803484995159729,6.555555555555555,1.108910891089109,0.0028739663375915,0.4224422442244224,0.0,0.0,0.5595092904799484,0.2113095238095238,0.0556862745098039,0.8554216867469879,0.036078431372549,21.40229653711052,0.0271872211652709,0.0493485342019544,-47.08242358078603,1660000000.0,-5369000000.0,-7783000000.0,10318000000.0,1560000000.0,32500000.0,0.0,107.1529411764706,7.786259541984732,0.0,0.8399209486166008,11.558823529411764,0.0,0.1343680709534368,0.3875545851528384,2022-10-25,2.06,bmo,1344710009.0,2025-04-24,2022-09-30,-0.1019417475728155,290.5146875,713021.640625
2022-06-30,MCO,USD,1059556,2022-07-27,2022-07-27 16:30:13,2022,Q2,1381000000.0,393000000.0,988000000.0,0.7154236061,0,0.0,0.0,368000000.0,81000000.0,449000000.0,842000000.0,2000000.0,57000000.0,81000000.0,622000000.0,0.4503982621,508000000.0,0.3678493845,-65000000.0,443000000.0,0.320782042,116000000.0,327000000.0,0.2367849385,1.78,1.77,184100000,184900000,https://www.sec.gov/Archives/edgar/data/1059556/000105955622000051/0001059556-22-000051-index.htm,https://www.sec.gov/Archives/edgar/data/1059556/000105955622000051/mco-20220630.htm,7.501357957631722,1.7762085822922324,1.5806626833242805,1.1787072243346008,9.250407387289515,13.465507876154264,-30.75502444323737,12.460619228680065,44.7582835415535,50069677000.00001,56635677000.00001,38.27956957186545,36.2561020999276,172.06074570446737,230.73583870967747,21.826363121185704,21.826363121185704,41.01062780593773,91.05414308681674,194.6243195876289,260.9939032258065,0.0065308989311035,0.0043339604527506,3.567131647776809,0.571638141809291,10.556270096463022,1.3865698729582576,8.912280701754385,0.8899082568807339,0.0025764096700683,0.3944954128440367,0.0,0.0,0.5687041564792176,0.2542955326460481,0.0535843591600289,0.9135802469135802,0.0275162925416364,22.315573560403635,0.0305631823272403,0.0529640427599611,-48.514394350896254,1065000000.0,-5662000000.0,-8016000000.0,10052000000.0,1713000000.0,36500000.0,114000000.0,104.40260680666184,7.099236641221373,0.0,0.8620474406991261,12.67741935483871,0.0,0.1425457715780296,0.4019554589896795,2022-07-26,2.3,bmo,1415706714.0,2025-04-24,2022-06-30,-0.034782608695652,299.16629032258066,1024086.258064516
2022-03-31,MCO,USD,1059556,2022-05-02,2022-05-02 16:22:27,2022,Q1,1522000000.0,417000000.0,1105000000.0,0.7260183968,0,0.0,0.0,371000000.0,78000000.0,449000000.0,866000000.0,2000000.0,55000000.0,78000000.0,736000000.0,0.4835742444,656000000.0,0.4310118265,-47000000.0,609000000.0,0.400131406,111000000.0,498000000.0,0.3272010512,2.69,2.68,185100000,186100000,https://www.sec.gov/Archives/edgar/data/1059556/000105955622000024/0001059556-22-000024-index.htm,https://www.sec.gov/Archives/edgar/data/1059556/000105955622000024/mco-20220331.htm,8.222582387898433,2.6904376012965963,2.5391680172879525,2.2204213938411668,10.010804970286332,13.94921663965424,-31.761210156672067,12.93354943273906,45.31064289573204,62454591000.00001,69036591000.0,31.35270632530121,41.03455387647832,132.88210851063832,151.95764233576645,26.087966165413537,26.087966165413537,45.35912680683312,93.7997160326087,146.88636382978723,167.9722408759124,0.0079737933116878,0.0065807812271158,3.480367585630744,0.5653029377841102,8.942934782608695,1.359437751004016,11.927272727272728,0.9437751004016064,0.0020815123102799,0.2610441767068273,0.0,0.0,0.5740552276273831,0.125531914893617,0.0387647831800262,0.7564102564102564,0.0302233902759526,27.98089390140283,0.0430386310604096,0.0793246256769671,-47.66072393300919,1074000000.0,-5879000000.0,-8095000000.0,10343000000.0,1772000000.0,44500000.0,220000000.0,107.8580814717477,9.06474820143885,49.20863309352519,0.8344298245614035,9.928571428571429,1.8289473684210529,0.2080200501253132,0.3187466234467855,2022-05-02,2.9,bmo,1509464037.0,2025-04-24,2022-03-31,-0.0034482758620688,336.2791935483871,998127.5322580644
2021-12-31,MCO,USD,1059556,2022-02-22,2022-02-18 19:42:35,2021,Q4,1539000000.0,485000000.0,1054000000.0,0.6848602989,0,0.0,0.0,465000000.0,18000000.0,542000000.0,1027000000.0,2000000.0,64000000.0,77000000.0,559000000.0,0.363222872,514000000.0,0.3339831059,2000000.0,516000000.0,0.3352826511,89000000.0,427000000.0,0.2774528915,2.3,2.28,185800000,187400000,https://www.sec.gov/Archives/edgar/data/1059556/000105955622000012/0001059556-22-000012-index.htm,https://www.sec.gov/Archives/edgar/data/1059556/000105955622000012/mco-20211231.htm,8.283100107642626,2.298170075349838,1.6092572658772877,1.2755651237890204,10.23681377825619,15.694294940796556,-29.870828848223898,15.694294940796556,3.3584499461786868,72569764000.0,71318764000.0,42.488152224824354,47.15384275503574,242.7082408026756,306.2015358649789,24.886750342935528,24.886750342935528,46.34097725795972,127.58276207513416,238.52429431438128,300.92305485232066,0.0058839932289155,0.0032658229397025,0.1920438957475994,0.0381471389645776,-2.2379248658318427,1.6069711538461535,8.03125,0.7002341920374707,0.0015984618607826,0.2716627634660422,0.0,0.0,0.5767029972752044,0.2073578595317725,0.0402858999350227,0.8051948051948052,0.0311890838206627,28.48742840622321,0.0343186187865346,0.0687158030254264,-45.56512378902045,1515000000.0,-5550000000.0,-7753000000.0,10766000000.0,1654500000.0,38500000.0,200500000.0,100.58479532163744,8.721649484536082,39.34020618556701,0.8947674418604651,10.319148936170214,2.287735849056604,0.1464334705075445,0.333692142088267,2022-02-10,2.39,bmo,1505085089.0,2025-04-24,2021-12-31,-0.0251046025104602,385.68796875,588393.578125
2021-09-30,MCO,USD,1059556,2021-10-29,2021-10-29 16:39:32,2021,Q3,1526000000.0,394000000.0,1132000000.0,0.7418086501,0,0.0,0.0,395000000.0,5000000.0,456000000.0,850000000.0,3000000.0,56000000.0,61000000.0,759000000.0,0.497378768,676000000.0,0.4429882045,-57000000.0,619000000.0,0.4056356488,145000000.0,474000000.0,0.3106159895,2.55,2.53,186000000,187300000,https://www.sec.gov/Archives/edgar/data/1059556/000105955621000030/0001059556-21-000030-index.htm,https://www.sec.gov/Archives/edgar/data/1059556/000105955621000030/mco-20210930.htm,8.204301075268818,2.548387096774193,2.3440860215053765,2.1666666666666665,12.596774193548388,14.080645161290322,-31.123655913978496,14.080645161290322,3.381720430107527,66050460000.0,64384460000.0,34.836740506329114,43.28339449541284,151.49188073394495,163.8969230769231,25.219725085910653,25.219725085910653,42.19165137614679,84.82801054018445,147.67077981651377,159.76292803970225,0.0071763315501512,0.0061013958116264,0.2187857961053837,0.0397530178992646,-2.194993412384717,1.5234514858575008,12.071428571428571,0.919831223628692,0.0017410930976105,0.2426160337552742,0.0,0.0,0.583321770500902,0.0756880733944954,0.0216251638269986,0.5409836065573771,0.0268676277850589,28.41418703700645,0.0419691761847741,0.0789210789210789,-43.9018817204301,1462000000.0,-5789000000.0,-7540000000.0,10622000000.0,1523500000.0,24000000.0,207000000.0,93.71559633027525,6.852791878172589,43.17258883248731,0.960352422907489,13.133333333333333,2.0846560846560847,0.1809851088201603,0.1774193548387097,2021-10-28,2.54,bmo,1407960000.0,2025-04-24,2021-09-30,0.0590551181102361,376.8296875,528816.765625
2021-06-30,MCO,USD,1059556,2021-07-30,2021-07-29 17:37:02,2021,Q2,1553000000.0,365000000.0,1188000000.0,0.7649710238,0,0.0,0.0,327000000.0,3000000.0,387000000.0,752000000.0,1000000.0,50000000.0,60000000.0,854000000.0,0.5499034127,801000000.0,0.5157759176,-43000000.0,758000000.0,0.4880875724,181000000.0,577000000.0,0.3715389569,3.09,3.07,186700000,187900000,https://www.sec.gov/Archives/edgar/data/1059556/000105955621000025/0001059556-21-000025-index.htm,https://www.sec.gov/Archives/edgar/data/1059556/000105955621000025/mco-20210630.htm,8.31815747188002,3.090519550080342,3.1815747188002144,3.0208891269416176,15.516871987145151,12.747723620782002,-21.392608462774504,12.747723620782002,2.8280664167113017,67654479000.0,65323479000.0,29.313032495667247,43.56373406310368,113.89642929292928,119.95475,28.42625168067227,28.42625168067227,42.06276819059884,76.49119320843091,109.97218686868686,115.82177127659574,0.0085286297157058,0.0083364768798234,0.2008403361344538,0.0380815806246016,-2.7295081967213117,2.3092682926829267,16.02,1.0294627383015598,0.0017145945355665,0.2010398613518197,0.0,0.0,0.5078075207138305,0.0505050505050505,0.0193174500965872,0.5,0.0264005151320025,29.773049962232196,0.0570589734207013,0.0933959210100356,-32.50669523299411,2684000000.0,-3994000000.0,-5438000000.0,9697000000.0,1477500000.0,19500000.0,208500000.0,84.49452672247263,4.438356164383562,55.47945205479452,1.0651577503429357,20.27777777777778,1.6222222222222222,0.2424369747899159,0.1606855918585966,2021-07-28,2.78,bmo,1407370000.0,2025-04-24,2021-06-30,0.1582733812949641,332.83984126984126,686314.6349206349
2021-03-31,MCO,USD,1059556,2021-04-29,2021-04-29 16:57:28,2021,Q1,1600000000.0,393000000.0,1207000000.0,0.754375,0,0.0,0.0,293000000.0,10000000.0,352000000.0,745000000.0,38000000.0,45000000.0,59000000.0,914000000.0,0.57125,853000000.0,0.533125,9000000.0,862000000.0,0.53875,126000000.0,736000000.0,0.46,3.93,3.9,187200000,188600000,https://www.sec.gov/Archives/edgar/data/1059556/000105955621000015/0001059556-21-000015-index.htm,https://www.sec.gov/Archives/edgar/data/1059556/000105955621000015/mco-20210331.htm,8.547008547008547,3.931623931623931,3.611111111111111,3.536324786324786,15.30448717948718,11.885683760683762,-22.17414529914529,11.885683760683762,2.911324786324786,55899792000.0,53630792000.0,18.987701086956523,34.93737,82.69200000000001,84.44077341389728,25.12350202247191,25.12350202247191,33.519245,58.67701531728665,79.33549112426036,81.01328096676737,0.0131664175065266,0.0118426200941856,0.2247191011235955,0.04,-2.482494529540481,2.17966573816156,18.95555555555556,0.9184782608695652,0.0020751418896156,0.1576086956521739,0.0,0.0,0.51008,0.0207100591715976,0.00875,0.2372881355932203,0.028125,32.425697697002754,0.0691395049595234,0.1201828870019595,-33.072916666666664,2541000000.0,-4151000000.0,-5580000000.0,9561000000.0,1463500000.0,30000000.0,204000000.0,84.20625000000001,4.809160305343511,43.96946564885496,1.068804275217101,18.714285714285715,2.046875,0.3307865168539325,0.0747863247863247,2021-04-28,2.82,bmo,1360760000.0,2025-04-24,2021-03-31,0.4397163120567375,281.61344262295086,816994.6393442623
2020-12-31,MCO,USD,1059556,2021-02-22,2021-02-19 18:39:42,2020,Q4,1290000000.0,409000000.0,881000000.0,0.6829457364,0,0.0,0.0,350000000.0,11000000.0,407000000.0,816000000.0,2000000.0,54000000.0,57000000.0,529000000.0,0.4100775194,444000000.0,0.3441860465,-44000000.0,400000000.0,0.3100775194,86000000.0,314000000.0,0.2434108527,1.67,1.66,187600000,189200000,https://www.sec.gov/Archives/edgar/data/1059556/000105955621000010/0001059556-21-000010-index.htm,https://www.sec.gov/Archives/edgar/data/1059556/000105955621000010/mco-20201231.htm,6.87633262260128,1.6737739872068231,3.5074626865671643,3.4008528784648187,14.371002132196162,9.397654584221748,-24.61087420042644,9.397654584221748,3.065031982942431,54449024000.0,52373024000.0,43.35113375796178,42.20854573643411,82.74927659574467,85.34329780564264,30.884301758366423,30.884301758366423,40.59924341085272,99.00382608695652,79.59426139817629,82.08937931034482,0.005766861863309,0.0117173817477426,0.2955190017016449,0.0419856555725682,-3.9243856332703215,2.0292529252925293,8.222222222222221,2.0955414012738856,0.0019284092218071,0.3343949044585987,0.0,0.0,0.5141429607542912,0.0303951367781155,0.0155038759689922,0.3508771929824561,0.0341085271317829,18.812625285591317,0.0335942168674698,0.0520816055730635,-36.08475479744136,2287000000.0,-4617000000.0,-6137000000.0,9338000000.0,1395000000.0,32500000.0,207000000.0,99.76744186046513,8.581907090464549,47.530562347188265,0.902097902097902,10.487179487179487,1.8935185185185184,0.1781055019852524,0.1066098081023454,2021-02-12,1.97,bmo,1219480000.0,2025-04-24,2020-12-31,-0.0304568527918782,279.673125,726938.171875
2020-09-30,MCO,USD,1059556,2020-10-30,2020-10-30 17:28:06,2020,Q3,1356000000.0,364000000.0,992000000.0,0.7315634218,0,0.0,0.0,271000000.0,4000000.0,327000000.0,691000000.0,2000000.0,53000000.0,56000000.0,720000000.0,0.5309734513,642000000.0,0.4734513274,-43000000.0,599000000.0,0.441740413,132000000.0,467000000.0,0.3443952802,2.49,2.47,187800000,189300000,https://www.sec.gov/Archives/edgar/data/1059556/000105955620000025/0001059556-20-000025-index.htm,https://www.sec.gov/Archives/edgar/data/1059556/000105955620000025/mco-20200930.htm,7.220447284345048,2.4866879659211927,2.7209797657082,2.60915867944622,13.780617678381256,8.988285410010649,-22.95527156549521,8.988285410010649,3.104366347177849,54433830000.00001,52471830000.00001,29.1401659528908,40.14294247787611,106.52412915851272,111.08944897959184,32.247529620853086,32.247529620853086,38.69603982300885,72.87754166666667,102.68459882583171,107.0853673469388,0.0085792236188414,0.0090017549748015,0.3139810426540284,0.045407813570939,-2.725,2.487507263219059,12.11320754716981,1.094218415417559,0.0019289474946003,0.2248394004282655,0.0,0.0,0.5139650445510624,0.0410958904109589,0.0154867256637168,0.375,0.0280235988200589,22.42540693443748,0.0493954610689515,0.0823197602679358,-33.42385516506922,2560000000.0,-4311000000.0,-5703000000.0,9251000000.0,1380500000.0,31000000.0,198000000.0,90.26548672566372,6.428571428571429,48.95604395604395,0.9970588235294118,14.0,1.8383838383838385,0.2766587677725118,0.1118210862619808,2020-10-29,2.1,bmo,3185910780.0,2025-04-24,2020-09-30,0.2809523809523809,285.4334375,609849.765625
2020-06-30,MCO,USD,1059556,2020-07-31,2020-07-31 17:07:03,2020,Q2,1435000000.0,362000000.0,1073000000.0,0.7477351916,0,0.0,0.0,307000000.0,21000000.0,365000000.0,727000000.0,3000000.0,63000000.0,58000000.0,765000000.0,0.5331010453,710000000.0,0.4947735192,-44000000.0,666000000.0,0.4641114983,157000000.0,509000000.0,0.3547038328,2.71,2.69,187700000,189000000,https://www.sec.gov/Archives/edgar/data/1059556/000105955620000019/0001059556-20-000019-index.htm,https://www.sec.gov/Archives/edgar/data/1059556/000105955620000019/mco-20200630.htm,7.645178476291956,2.7117741076185404,3.3670751198721365,3.148641449120938,11.71550346297283,6.563665423548216,-24.651038891848696,6.563665423548216,3.217900905700586,51566821000.0,50008821000.0,25.3275152259332,35.9350668989547,81.59307120253165,87.25350423011844,41.85618587662338,41.85618587662338,34.84935261324042,65.37100784313725,79.12788132911392,84.61729441624365,0.0098706879758983,0.0114608577480469,0.4391233766233766,0.0478845813418304,-2.0366013071895424,2.101272534464475,11.26984126984127,1.2416502946954813,0.002036193000922,0.206286836935167,0.0,0.0,0.5185873605947955,0.0648734177215189,0.0285714285714285,0.7068965517241379,0.024390243902439,20.01203397457653,0.0565708535892022,0.093583379297665,-35.78716036228023,2077000000.0,-4627000000.0,-6103000000.0,8663000000.0,1407000000.0,31000000.0,188000000.0,87.86759581881533,8.950276243093922,49.226519337016576,1.0242683797287653,10.055555555555555,1.8282828282828285,0.4131493506493506,0.2184336707511987,2020-07-30,2.23,bmo,1143914590.0,2025-04-24,2020-06-30,0.2600896860986547,254.04952380952383,952780.4761904762
2020-03-31,MCO,USD,1059556,2020-05-01,2020-05-01 17:18:21,2020,Q1,1290000000.0,340000000.0,950000000.0,0.7364341085,0,0.0,0.0,301000000.0,2000000.0,350000000.0,690000000.0,4000000.0,44000000.0,49000000.0,647000000.0,0.5015503876,592000000.0,0.4589147287,-28000000.0,564000000.0,0.4372093023,77000000.0,488000000.0,0.3782945736,2.6,2.57,187500000,189600000,https://www.sec.gov/Archives/edgar/data/1059556/000105955620000010/0001059556-20-000010-index.htm,https://www.sec.gov/Archives/edgar/data/1059556/000105955620000010/mco-20200331.htm,6.88,2.6026666666666665,1.84,1.728,11.898666666666667,4.261333333333333,-26.837333333333333,4.261333333333333,3.1786666666666665,39656250000.0,38067250000.0,20.315701844262296,30.74127906976744,114.94565217391305,122.39583333333331,49.63235294117648,49.63235294117648,29.509496124031006,58.83655332302936,110.33985507246376,117.491512345679,0.0123057525610717,0.0081702127659574,0.690863579474343,0.0488236334689545,-2.455950540958269,1.698851552530838,13.454545454545457,0.7084188911704312,0.0026477541371158,0.2151639344262295,0.0,0.0,0.5157438528215107,0.0608695652173913,0.0162790697674418,0.4285714285714285,0.0286821705426356,15.796951604660944,0.0531479834648096,0.0891324200913242,-38.012,1643000000.0,-5032000000.0,-6513000000.0,8196000000.0,1416000000.0,32000000.0,164000000.0,98.5813953488372,6.88235294117647,47.11764705882353,0.9129511677282378,13.076923076923077,1.9101123595505616,0.6107634543178974,0.112,2020-04-30,2.22,bmo,1049010989.0,2025-04-24,2020-03-31,0.2297297297297296,243.0501612903226,1221783.8870967743
2019-12-31,MCO,USD,1059556,2020-02-24,2020-02-21 18:43:29,2019,Q4,1233000000.0,355000000.0,878000000.0,0.7120843471,0,0.0,0.0,319000000.0,9000000.0,369000000.0,724000000.0,4000000.0,63000000.0,50000000.0,559000000.0,0.4533657745,504000000.0,0.4087591241,-52000000.0,452000000.0,0.3665855637,91000000.0,359000000.0,0.2911597729,1.91,1.88,188300000,190600000,https://www.sec.gov/Archives/edgar/data/1059556/000105955620000005/0001059556-20-000005-index.htm,https://www.sec.gov/Archives/edgar/data/1059556/000105955620000005/mco-20191231.htm,6.548061603823686,1.9065321295804567,2.546468401486989,2.5034519383961764,10.249601699415823,4.413170472650027,-23.308550185873607,4.413170472650027,3.382899628252788,44704303000.0,43446303000.0,31.131130222841225,36.25653122465531,93.2310802919708,94.83305685193042,53.795791817087846,53.795791817087846,35.236255474452555,77.72147227191414,90.60751407716371,92.16441026728891,0.0080305468580955,0.0105448462086524,0.690734055354994,0.0559181685338529,-2.250447227191413,1.924163179916318,8.0,1.3282548476454294,0.0021116535470869,0.2629526462395543,0.0,0.0,0.5085241110569898,0.0168925964546402,0.0065693430656934,0.1616766467065868,0.0266017842660178,13.759057171078933,0.0471845004631728,0.0711595639246779,-33.801115241635685,1767000000.0,-4389000000.0,-5755000000.0,7735000000.0,1323700000.0,26400000.0,-1049100000.0,103.57664233576642,9.633802816901408,38.0281690140845,0.86892177589852,9.342105263157896,2.3666666666666667,0.4320096269554753,0.0430164630908125,2020-02-12,1.93,bmo,1195816000.0,2025-04-24,2019-12-31,0.0362694300518135,222.22375,671858.75
2019-09-30,MCO,USD,1059556,2019-11-01,2019-10-31 18:37:12,2019,Q3,1240500000.0,350200000.0,890300000.0,0.717694478,0,0.0,0.0,291900000.0,5100000.0,340500000.0,690700000.0,3600000.0,49500000.0,48600000.0,621600000.0,0.5010882709,548800000.0,0.4424022572,-36000000.0,512800000.0,0.4133817009,130400000.0,379400000.0,0.3058444176,2.01,1.99,189000000,191100000,https://www.sec.gov/Archives/edgar/data/1059556/000105955619000009/0001059556-19-000009-index.htm,https://www.sec.gov/Archives/edgar/data/1059556/000105955619000009/mco-20190930x10q.htm,6.563492063492063,2.0074074074074075,2.333333333333333,2.215873015873016,6.73968253968254,3.6894179894179895,-23.104761904761904,3.6894179894179895,3.3544973544973544,38712870000.0,38119370000.0,25.509271217712172,31.207472793228536,87.78428571428572,92.43760744985671,55.51824178976051,55.51824178976051,30.729036678758565,61.32459781209781,86.43848072562358,91.02046322827124,0.0098003583821091,0.0108181077765611,0.8382331851426933,0.0616704298465888,-0.9547940797940798,1.4229653882132831,11.086868686868687,1.1532426778242677,0.002443631794801,0.2493410648392198,0.0,0.0,0.5343117601131064,0.0503401360544217,0.0178960096735187,0.4567901234567901,0.0268440145102781,12.908861782591286,0.0510262152066821,0.0859596257108548,-40.79100529100529,904300000.0,-4366800000.0,-5738200000.0,6725100000.0,1236850000.0,9850000.0,-2275400000.0,89.12212817412333,3.803540833809252,-577.7784123358081,1.0098502116574406,23.66216216216216,-0.1557690596921982,0.5440986662842392,0.1174603174603174,2019-10-30,2.0,bmo,1153953488.0,2025-04-24,2019-09-30,0.0749999999999999,209.61796875,767039.21875
2019-06-30,MCO,USD,1059556,2019-08-02,2019-08-01 21:29:34,2019,Q2,1213600000.0,339900000.0,873700000.0,0.7199241925,0,0.0,0.0,274700000.0,4200000.0,325700000.0,665600000.0,3900000.0,54500000.0,51000000.0,546700000.0,0.4504779169,483500000.0,0.3984014502,-50200000.0,433300000.0,0.357036915,121300000.0,310300000.0,0.2556855636,1.64,1.62,189400000,191300000,https://www.sec.gov/Archives/edgar/data/1059556/000105955619000004/0001059556-19-000004-index.htm,https://www.sec.gov/Archives/edgar/data/1059556/000105955619000004/mco-20190630.htm,6.407602956705386,1.6383315733896515,2.0454065469904963,1.946673706441394,6.945089757127772,3.0343189017951424,-24.16156282998944,3.0343189017951424,3.4519535374868004,37563702000.0,36967102000.0,30.264020302932646,30.95229235332894,96.963608673206,101.88148087876324,65.36227945014791,65.36227945014791,30.460697099538564,67.61862447411742,95.42359834796076,100.26336316788718,0.0082606341622026,0.0098153265085533,1.0428049417087175,0.0624817548688435,-1.0912749222608378,1.7145497037882491,8.871559633027523,1.2416666666666667,0.0025183886295339,0.3048662584595553,0.0,0.0,0.5370219775637016,0.0482705214248838,0.0154087013843111,0.3666666666666666,0.0281806196440342,10.576032354443695,0.0431954614905554,0.0698763708424347,-41.8100580781415,1314700000.0,-4576200000.0,-5862300000.0,7242800000.0,1273250000.0,12200000.0,-1047200000.0,92.35085695451548,1.297440423654016,-609.6910856134157,0.9745442865173052,69.36734693877551,-0.1476157387301311,0.539933878545328,0.0987328405491024,2019-07-31,2.0,bmo,1172560386.0,2025-04-24,2019-06-30,0.0349999999999999,189.7811111111111,936322.5555555556
2019-03-31,MCO,USD,1059556,2019-05-02,2019-05-01 19:19:43,2019,Q1,1142100000.0,341700000.0,800400000.0,0.7008142895,0,0.0,0.0,281500000.0,7300000.0,331800000.0,673500000.0,5000000.0,57500000.0,50300000.0,518000000.0,0.4535504772,461700000.0,0.4042553191,-50200000.0,411500000.0,0.3603011995,37900000.0,372900000.0,0.3265038088,1.96,1.93,190400000,192800000,https://www.sec.gov/Archives/edgar/data/1059556/000119312519133505/0001193125-19-133505-index.htm,https://www.sec.gov/Archives/edgar/data/1059556/000119312519133505/d734583d10q.htm,5.998424369747899,1.9585084033613445,1.928046218487395,1.823004201680672,6.883403361344538,1.7069327731092436,-26.091911764705884,1.7069327731092436,3.510504201680672,35124992000.0,34539292000.0,23.54853311879861,30.754743017248927,95.6823535821302,101.19559781042928,108.07689846153846,108.07689846153846,30.24191576919709,66.67816988416989,94.08687551076,99.50818784212042,0.0106163725247254,0.0098818527844789,1.879692307692308,0.0641829776951282,-1.1306949806949806,1.4451535700039888,8.029565217391305,0.9826017130620984,0.0026875450960956,0.2531509788146956,0.0,0.0,0.5560878746808712,0.0544810678289294,0.0175116014359513,0.3976143141153082,0.0312582085631731,8.67285702940012,0.0523571372211434,0.08825617722238,-35.72741596638655,892800000.0,-4967900000.0,-6294700000.0,7012500000.0,1294150000.0,24750000.0,205150000.0,102.53743104806937,5.136084284460053,54.83757682177349,0.8777282508453735,17.523076923076925,1.6412103746397697,1.1473846153846154,0.1050420168067226,2019-04-24,1.93,bmo,1064856521.0,2025-04-24,2019-03-31,0.0725388601036269,164.32081967213114,976591.868852459
2018-12-31,MCO,USD,1059556,2019-02-25,2019-02-22 19:46:27,2018,Q4,1060100000.0,304100000.0,756000000.0,0.7131402698,0,0.0,0.0,278200000.0,3700000.0,326500000.0,630600000.0,4000000.0,59500000.0,48300000.0,437400000.0,0.4126025847,376600000.0,0.3552495048,-55000000.0,321600000.0,0.3033676068,68900000.0,250300000.0,0.236109801,1.31,1.29,191400000,194000000,https://www.sec.gov/Archives/edgar/data/1059556/000119312519048576/0001193125-19-048576-index.htm,https://www.sec.gov/Archives/edgar/data/1059556/000119312519048576/d679514d10k.htm,5.538662486938349,1.3077324973876698,1.9670846394984327,1.8234064785788924,9.49582027168234,3.4299895506792057,-24.50835945663532,3.4299895506792057,29.96603970741901,26803656000.0,30794656000.0,26.771530163803437,25.2840826337138,71.19164940239042,76.80130659025788,40.828112718964206,40.828112718964206,29.04882180926328,70.40387745770462,81.79191500664011,88.23683667621776,0.0093382783303889,0.0130206118150449,8.645849200304646,0.595830446557914,9.124371284865113,1.6139623540624255,6.329411764705882,1.4899089829837753,0.0031450933409979,0.3367958449860168,0.0,0.0,0.561336104637736,0.0730411686586985,0.0259409489670785,0.5693581780538303,0.0285822092255447,10.04609118141354,0.0375643252838074,0.0598975782521297,-31.27390282131661,1288400000.0,-4690900000.0,-5482800000.0,6956200000.0,1209450000.0,23100000.0,179050000.0,109.27176681445148,8.87865833607366,59.81256165734956,0.8236345272317613,10.136666666666668,1.5047006432459178,0.3812642802741812,0.1436781609195402,2019-02-15,1.67,bmo,1086114723.0,2025-04-24,2018-12-31,-0.0239520958083832,150.84460317460315,1337855.111111111
2018-09-30,MCO,USD,1059556,2018-10-31,2018-10-31 16:40:01,2018,Q3,1080800000.0,306300000.0,774500000.0,0.7165988157,0,0.0,0.0,260300000.0,3000000.0,306400000.0,612700000.0,4100000.0,60500000.0,46100000.0,511900000.0,0.473630644,466800000.0,0.4319022946,-54000000.0,412800000.0,0.3819393042,100800000.0,310200000.0,0.2870096225,1.62,1.59,191800000,194500000,https://www.sec.gov/Archives/edgar/data/1059556/000119312518314004/0001193125-18-314004-index.htm,https://www.sec.gov/Archives/edgar/data/1059556/000119312518314004/d603526d10q.htm,5.635036496350365,1.6173096976016683,1.602189781021898,1.4718456725755995,5.972367049009385,3.1600625651720544,-23.841501564129302,3.1600625651720544,26.147028154327423,32521608000.0,36441308000.0,26.21019342359768,30.090310880829016,105.83015945330295,115.2022954303932,53.65716548424352,53.65716548424352,33.7169763138416,71.18833365891776,118.585447445493,129.0871696776479,0.0095382737532535,0.0086803825936282,8.174393664411813,0.5870886705928358,7.657159601484665,1.3797982013599477,7.715702479338843,0.9849358974358976,0.0025921227511259,0.2717601547388781,0.0,0.0,0.6136791837992203,0.0813537260006508,0.0231310140636565,0.5422993492407809,0.0282198371576609,10.72347873653029,0.055577882120378,0.0951475369609226,-30.03467153284672,692600000.0,-4572800000.0,-5316800000.0,6182600000.0,1134450000.0,19350000.0,177100000.0,94.24685418208736,4.760039177277179,45.83741429970617,0.9549390351652236,18.90740740740741,1.9634615384615384,0.5117967332123412,0.1303441084462982,2018-10-26,1.78,bmo,1138357396.0,2025-04-24,2018-09-30,-0.050561797752809,175.87047619047618,786866.5079365079
2018-06-30,MCO,USD,1059556,2018-08-02,2018-08-01 19:29:51,2018,Q2,1175100000.0,320200000.0,854900000.0,0.7275125521,0,0.0,0.0,270500000.0,4100000.0,318900000.0,639100000.0,3400000.0,56800000.0,48400000.0,582400000.0,0.4956173943,534000000.0,0.4544294103,-38500000.0,495500000.0,0.4216662412,117600000.0,376200000.0,0.3201429666,1.96,1.94,191900000,194400000,https://www.sec.gov/Archives/edgar/data/1059556/000119312518235267/0001193125-18-235267-index.htm,https://www.sec.gov/Archives/edgar/data/1059556/000119312518235267/d585104d10q.htm,6.123501823866597,1.9603960396039604,2.010422094841063,1.891089108910891,7.377279833246482,2.397602918186556,-24.72120896300156,2.397602918186556,28.03960396039604,32730464000.0,36739964000.0,21.750707070707072,27.853343545230192,84.83790565059616,90.19141361256544,71.13771788741577,71.13771788741577,31.265393583524805,63.0837293956044,95.23059616381543,101.2399118214384,0.0114938792190663,0.0110875299537458,11.571397522277763,0.6083459024635495,6.884443681318682,1.5400509789034111,9.401408450704226,1.0209050013231014,0.0025816927007206,0.2246145667198298,0.0,0.0,0.5946455505279035,0.0593571798859512,0.0194877031741979,0.4731404958677686,0.0292741043315462,10.28375677807026,0.06259607191104,0.1060465116279069,-30.8695935383012,995800000.0,-4744000000.0,-5451800000.0,6512100000.0,1172250000.0,27250000.0,174700000.0,87.08960939494511,6.32417239225484,55.70893191755152,1.0334183449124967,14.231111111111112,1.615539858728557,0.8176483373179744,0.1193329859301719,2018-07-27,1.89,bmo,1088695588.0,2025-04-24,2018-06-30,0.0793650793650794,169.25375,717782.453125
2018-03-31,MCO,USD,1059556,2018-05-01,2018-05-01 17:18:28,2018,Q1,1126700000.0,314900000.0,811800000.0,0.7205112275,0,0.0,0.0,271100000.0,5600000.0,320200000.0,635100000.0,3200000.0,53900000.0,49100000.0,538300000.0,0.47776693,490800000.0,0.435608414,-49700000.0,441100000.0,0.391497293,64300000.0,372900000.0,0.3309665395,1.95,1.92,191400000,194500000,https://www.sec.gov/Archives/edgar/data/1059556/000119312518146828/0001193125-18-146828-index.htm,https://www.sec.gov/Archives/edgar/data/1059556/000119312518146828/d577045d10q.htm,5.88662486938349,1.9482758620689653,2.0454545454545454,1.9670846394984327,7.1985370950888194,2.19435736677116,-26.40073145245559,2.19435736677116,29.056948798328108,30872820000.000004,35103120000.0,20.69778761061947,27.40110055915505,78.85777777777778,81.9995219123506,73.5067142857143,73.5067142857143,31.155693618531995,65.21107189299647,89.66314176245211,93.23537848605578,0.0120785856296898,0.012195193053307,13.113333333333332,0.6110051031728423,7.858629017276612,1.4674371388411682,9.105751391465676,1.039012738853503,0.0027240789795036,0.2255296326092786,0.0,0.0,0.6071777235411582,0.0383141762452107,0.0133132155853377,0.3054989816700611,0.0311529244696902,9.80776751023152,0.064432392520255,0.1053122087604846,-32.57601880877743,897900000.0,-5053100000.0,-5775200000.0,6692600000.0,1177300000.0,26900000.0,182350000.0,96.44625898642052,9.14576055890759,43.21371864083836,0.9331621666390592,9.840625,2.0826719576719577,0.8878571428571429,0.0783699059561128,2018-04-27,1.8,bmo,1003990099.0,2025-04-24,2018-03-31,0.1222222222222222,161.88540983606558,822747.0327868853
2017-12-31,MCO,USD,1059556,2018-02-27,2018-02-26 21:08:03,2017,Q4,1165500000.0,342400000.0,823100000.0,0.7062205062,42000000,0.0,0.0,304600000.0,-3500000.0,354500000.0,696900000.0,3000000.0,55900000.0,49900000.0,518500000.0,0.4448734449,462800000.0,0.3970827971,-55100000.0,407700000.0,0.3498069498,379200000.0,25500000.0,0.0218790219,0.13,0.13,191000000,194400000,https://www.sec.gov/Archives/edgar/data/1059556/000119312518058986/0001193125-18-058986-index.htm,https://www.sec.gov/Archives/edgar/data/1059556/000119312518058986/d540752d10k.htm,6.102094240837697,0.1335078534031413,2.119371727748691,2.008376963350785,6.195287958115183,-0.6015706806282722,-28.794240837696336,-0.6015706806282722,29.300523560209424,28193510000.000004,32662510000.000004,276.4069607843137,24.19005577005577,69.6479990118577,73.49715849843588,-245.3743255004352,-245.3743255004352,28.024461604461607,62.99423336547735,80.68801877470356,85.14731491136601,0.0009044634740406,0.013605968182039,-48.22019147084421,0.6438548784455911,8.619093539054965,1.2493853348117436,8.279069767441861,14.203508771929824,0.0025750607143275,2.847058823529412,0.0,0.036036036036036,0.6257611676660624,0.0523715415019762,0.0181896181896181,0.4248496993987976,0.0291720291720291,,0.005257878955413,0.0079182710222332,-34.39607329842932,517300000.0,-5499700000.0,-6128500000.0,6227200000.0,1077250000.0,25500000.0,189150000.0,88.58687258687259,5.730140186915888,56.11857476635514,1.0159518828451883,15.706422018348624,1.6037470725995315,-0.2219321148825065,0.1109947643979057,2018-02-09,1.45,bmo,1119188741.0,2025-04-24,2017-12-31,0.0413793103448276,146.53984126984128,706192.1746031746
2017-09-30,MCO,USD,1059556,2017-11-09,2017-11-08 18:37:27,2017,Q3,1062900000.0,317200000.0,745700000.0,0.7015711732,0,0.0,0.0,247200000.0,2600000.0,290200000.0,607400000.0,4300000.0,52400000.0,43000000.0,498500000.0,0.4689999059,445400000.0,0.4190422429,17300000.0,465800000.0,0.4382350174,146100000.0,317300000.0,0.298522909,1.66,1.63,191100000,194100000,https://www.sec.gov/Archives/edgar/data/1059556/000119312517337521/0001193125-17-337521-index.htm,https://www.sec.gov/Archives/edgar/data/1059556/000119312517337521/d482068d10q.htm,5.562009419152276,1.6603872318158033,2.0429094714809,1.9037153322867608,5.604918890633177,-0.8205128205128205,-28.843537414965983,-0.8205128205128205,30.213500784929355,26603031000.0,31361631000.0,20.96047195083517,25.028724244990123,68.14300973360656,73.12542880703684,-169.66218750000002,-169.66218750000002,29.5057211402766,62.91199799398195,80.33204661885246,86.20569268829027,0.011927212354111,0.01367513348385,-36.48852040816327,0.6889185902298643,9.545837512537611,1.1493922429010943,8.5,1.2211448232718174,0.0027290123444956,0.2288055468011345,0.0,0.0,0.6448241399655625,0.0681352459016393,0.0250258726126634,0.6186046511627907,0.0299181484617555,,0.0492617216942737,0.1075702613825134,-34.28950811093668,296200000.0,-5512000000.0,-6182800000.0,5983500000.0,961900000.0,27100000.0,194500000.0,85.29212531752752,8.28499369482976,46.75914249684742,1.0551970614514048,10.863013698630136,1.924757281553398,-2.02359693877551,0.1391941391941392,2017-11-03,1.4,bmo,978986842.0,2025-04-24,2017-09-30,0.0857142857142858,131.43015873015872,779382.0
2017-06-30,MCO,USD,1059556,2017-07-27,2017-07-26 19:59:58,2017,Q2,1000500000.0,285800000.0,714700000.0,0.7143428286,0,0.0,0.0,217700000.0,500000.0,250600000.0,536400000.0,4600000.0,49600000.0,32900000.0,494900000.0,0.4946526737,457500000.0,0.4572713643,1900000.0,462000000.0,0.4617691154,148400000.0,312200000.0,0.312043978,1.63,1.61,191000000,193800000,https://www.sec.gov/Archives/edgar/data/1059556/000119312517236880/0001193125-17-236880-index.htm,https://www.sec.gov/Archives/edgar/data/1059556/000119312517236880/d428987d10q.htm,5.238219895287958,1.6345549738219896,2.432984293193717,2.306806282722513,17.62931937172775,-2.447643979057592,-9.4717277486911,-2.447643979057592,25.846596858638744,23240880000.0,24847080000.0,18.61057014734145,23.22926536731634,50.01265332472563,52.748252383113936,-49.71311229946525,-49.71311229946525,24.83466266866567,50.20626389169529,53.46907682375726,56.393735814798,0.0134332262805883,0.0189579740526176,-10.453689839572192,0.7476859997246148,3.24550414225096,3.685014548981571,9.223790322580646,1.4818239795918366,0.0031238059832502,0.2325432415118513,0.0,0.0,0.2052537368235852,0.0518614159672907,0.024087956021989,0.7325227963525835,0.0286856571714142,,0.0586034335161545,0.0600997170192696,-14.854057591623036,3321900000.0,-1809100000.0,-2444700000.0,4993200000.0,935000000.0,24550000.0,236700000.0,82.44377811094454,7.872638208537439,70.60181945416375,1.0916530278232406,11.432,1.2747546833184658,-0.6678074866310161,0.1261780104712042,2017-07-21,1.34,bmo,887860927.0,2025-04-24,2017-06-30,0.126865671641791,117.02984126984128,755639.3492063492
2017-03-31,MCO,USD,1059556,2017-05-09,2017-05-08 20:12:04,2017,Q1,975200000.0,277400000.0,697800000.0,0.7155455291,0,0.0,0.0,221900000.0,-800000.0,254400000.0,531800000.0,4100000.0,46500000.0,32500000.0,474200000.0,0.4862592289,443400000.0,0.4546759639,7900000.0,451300000.0,0.4627768663,105400000.0,345600000.0,0.3543888433,1.81,1.78,191100000,194300000,https://www.sec.gov/Archives/edgar/data/1059556/000119312517162995/0001193125-17-162995-index.htm,https://www.sec.gov/Archives/edgar/data/1059556/000119312517162995/d383610d10q.htm,5.103087388801675,1.8084772370486657,-2.681318681318681,-2.7791732077446363,11.83882783882784,-3.789638932496075,-10.693877551020408,-3.789638932496075,21.570905285191,21410844000.0,23356944000.0,15.488168402777776,21.95533634126333,-41.78540983606558,-40.314147994727925,-29.56482187241093,-29.56482187241093,23.95092698933552,49.25547026571067,-45.58341920374707,-43.978429674260965,0.0161413534188563,-0.0248051875021834,-5.627865230599282,0.749774646332714,4.103964571910586,2.4480264082034,9.535483870967742,-1.481352992194276,0.0033908051452805,0.2100694444444444,0.0,0.0,0.2427196968303316,-0.0364949258391881,0.0191755537325676,0.5753846153846154,0.0291222313371616,,0.0804119502832125,0.0839548159844528,-16.001962323390895,2061700000.0,-2043600000.0,-2674600000.0,3710200000.0,920450000.0,26250000.0,180950000.0,87.99733388022969,7.819033886085075,80.85075702956021,1.0227582590456217,11.510373443983402,1.1131621187800964,-0.4772162386081193,0.0978545264259549,2017-05-05,1.24,bmo,822617687.0,2025-04-24,2017-03-31,0.1854838709677419,107.23774193548388,1077211.4193548388
2016-12-31,MCO,USD,1059556,2017-02-24,2017-02-23 21:20:50,2016,Q4,942100000.0,265300000.0,676800000.0,0.7183950748,40100000,0.0,0.0,253200000.0,-3600000.0,286100000.0,551400000.0,2700000.0,36700000.0,32900000.0,-394300000.0,-0.4185330644,-473100000.0,-0.5021759898,7600000.0,-465500000.0,-0.4941089056,-40000000.0,-428600000.0,-0.4549410891,-2.25,-2.22,190800000,193400000,https://www.sec.gov/Archives/edgar/data/1059556/000119312517054522/0001193125-17-054522-index.htm,https://www.sec.gov/Archives/edgar/data/1059556/000119312517054522/d330369d10k.htm,4.937631027253669,-2.2463312368972748,1.9365828092243187,1.7772536687631026,11.66090146750524,-5.384171907756813,-12.302410901467503,-5.384171907756813,17.818134171907758,17986716000.0,19298216000.0,-10.491551563229118,19.09215157626579,48.678527740189445,53.04251253317605,-17.508727732892048,-17.508727732892048,20.48425432544316,-48.94297742835405,52.227918809201626,56.91010321439104,-0.0238286966892677,0.0188528022569545,-3.273629903630877,0.6312766316895989,-3.326147603347705,1.3397166625483898,-12.89100817438692,-0.8683901292596945,0.0039251189600147,-0.1647223518432104,0.0,0.042564483600467,0.2477803014660334,0.0822733423545331,0.0322683366946184,0.9240121580547112,0.0268548986307186,,-0.1656313680246314,-0.1069548074763556,-17.860587002096437,824900000.0,-2347300000.0,-3101500000.0,2470800000.0,859400000.0,28200000.0,107900000.0,84.77444008067084,9.634376177911795,38.23218997361477,1.0616407482533243,9.341549295774648,2.354037267080745,0.4172101625620559,0.1593291404612159,2017-02-17,1.12,bmo,949759349.0,2025-04-24,2016-12-31,0.0982142857142855,100.93984126984128,1009132.8571428572
2016-09-30,MCO,USD,1059556,2016-10-24,2016-10-24 11:11:20,2016,Q3,917100000.0,253200000.0,663900000.0,0.7239123324,0,0.0,0.0,225300000.0,-1300000.0,256400000.0,509600000.0,2500000.0,37900000.0,32700000.0,438600000.0,0.478246647,397500000.0,0.4334314688,-28500000.0,369000000.0,0.4023552502,112400000.0,255300000.0,0.2783774943,1.33,1.31,191700000,194300000,https://www.sec.gov/Archives/edgar/data/1059556/000119312516744801/0001193125-16-744801-index.htm,https://www.sec.gov/Archives/edgar/data/1059556/000119312516744801/d246936d10q.htm,4.784037558685446,1.3317683881064162,1.709963484611372,1.5508607198748043,10.735002608242045,-1.8669796557120504,-8.901930099113198,-1.8669796557120504,18.028169014084508,20757276000.0,22429276000.0,20.326357226792013,22.63360157016683,63.32298962782184,69.81929364278507,-57.997418273260685,-57.997418273260685,24.456739723040016,51.13834017327861,68.42366076876144,75.44324251597713,0.0122993017002809,0.0143226885839933,-9.550433081866442,0.6809913732990656,3.812129502963976,2.1510873440285203,10.488126649076516,1.2774746687451286,0.0034156697632194,0.2777124951037995,0.0,0.0,0.2686828840674994,0.0930445393532641,0.0332570057790862,0.9327217125382264,0.0260604078072184,,0.0824515135531668,0.0695507668837006,-13.793427230046948,1614400000.0,-1706500000.0,-2360300000.0,3292600000.0,837550000.0,31800000.0,114600000.0,81.58979391560354,9.95260663507109,36.64691943127962,1.1030791436131826,9.042857142857144,2.455868089233753,-0.7133277451802179,0.1591027647365675,2016-10-21,1.2,bmo,821283582.0,2025-04-24,2016-09-30,0.1166666666666667,105.150625,856778.21875
2016-06-30,MCO,USD,1059556,2016-07-28,2016-07-27 19:32:57,2016,Q2,928900000.0,258900000.0,670000000.0,0.7212832382,0,0.0,0.0,228600000.0,-800000.0,259800000.0,518700000.0,2800000.0,37100000.0,31200000.0,441400000.0,0.4751857035,410200000.0,0.4415975885,-31300000.0,378900000.0,0.4079018194,120800000.0,255500000.0,0.2750565185,1.32,1.3,193400000,195800000,https://www.sec.gov/Archives/edgar/data/1059556/000119312516660481/0001193125-16-660481-index.htm,https://www.sec.gov/Archives/edgar/data/1059556/000119312516660481/d226790d10q.htm,4.802998965873837,1.3210961737331954,1.5072388831437435,1.3624612202688728,10.479834539813858,-1.9105480868665976,-8.97569803516029,-1.9105480868665976,17.877456049638056,18123514000.0,19869614000.0,17.73337964774951,19.51072666594897,62.17328987993138,68.77993927893738,-49.04875236806495,-49.04875236806495,21.390476908170957,45.01498414136837,68.16334133790737,75.40650474383301,0.0140977075417052,0.0145391230420325,-9.25683355886333,0.6779916351166525,3.9558223833257817,2.6431437543614797,11.056603773584904,1.129407206509105,0.0039451510341758,0.2798434442270058,0.0,0.0,0.2708477868738726,0.0960548885077186,0.0301431801055011,0.8974358974358975,0.0252987404456884,,0.0716739792693544,0.0694576593720266,-13.918174767321611,1883700000.0,-1735900000.0,-2384300000.0,3573100000.0,847900000.0,25000000.0,134700000.0,81.74507481967919,12.375434530706835,43.83545770567787,1.1009837620007112,7.272471910112359,2.053132434575734,-0.6914749661705006,0.1447776628748707,2016-07-22,1.27,bmo,907463846.0,2025-04-24,2016-06-30,0.0236220472440945,96.623125,1189564.28125
2016-03-31,MCO,USD,1059556,2016-05-04,2016-05-03 19:54:52,2016,Q1,816100000.0,249200000.0,566900000.0,0.6946452641,0,0.0,0.0,232900000.0,-300000.0,262800000.0,512000000.0,2900000.0,37000000.0,29900000.0,334300000.0,0.4096311727,304100000.0,0.3726259037,-28500000.0,275600000.0,0.3377037128,89000000.0,184400000.0,0.2259527019,0.95,0.93,195000000,197900000,https://www.sec.gov/Archives/edgar/data/1059556/000119312516575475/0001193125-16-575475-index.htm,https://www.sec.gov/Archives/edgar/data/1059556/000119312516575475/d149654d10q.htm,4.185128205128205,0.9456410256410256,1.216923076923077,1.082051282051282,10.59846153846154,-1.8025641025641024,-8.88,-1.8025641025641024,17.77230769230769,18829200000.0,20681700000.0,25.52765726681128,23.07217252787649,79.34766118836914,89.23791469194313,-53.568136557610245,-53.568136557610245,25.342114936894987,61.865689500448696,87.15423514538558,98.01753554502368,0.0097932997684447,0.0112059991927431,-9.754196301564722,0.6703161352128096,5.541429853425067,2.6784443094018577,8.218918918918918,1.2717041800643087,0.0038291589658615,0.390997830802603,0.0,0.0,0.2698195468142094,0.1108301727770754,0.0322264428378875,0.8795986622073578,0.0311236368092145,,0.0519546919308392,0.0493734604262611,-13.789615384615384,1933400000.0,-1731600000.0,-2381100000.0,3624000000.0,827050000.0,18300000.0,161400000.0,93.97010170322264,5.200642054574638,51.75361155698234,0.957751437624692,17.305555555555557,1.739009071877181,-0.5246088193456615,0.1348717948717948,2016-04-29,1.06,bmo,930178494.0,2025-04-24,2016-03-31,-0.1226415094339622,89.87262295081966,1647195.7704918033
2015-12-31,MCO,USD,1059556,2016-02-25,2016-02-24 21:23:27,2015,Q4,865900000.0,251900000.0,614000000.0,0.7090888093,29100000,0.0,0.0,252200000.0,700000.0,280900000.0,532800000.0,2700000.0,30800000.0,28700000.0,362400000.0,0.418524079,333100000.0,0.3846864534,-20800000.0,312300000.0,0.3606652038,91900000.0,217900000.0,0.2516456866,1.11,1.09,197000000,200200000,https://www.sec.gov/Archives/edgar/data/1059556/000119312516476427/0001193125-16-476427-index.htm,https://www.sec.gov/Archives/edgar/data/1059556/000119312516476427/d113422d10k.htm,4.395431472081218,1.1060913705583757,1.322335025380711,1.2050761421319798,11.330964467005076,-1.6903553299492386,-8.164467005076142,-1.6903553299492386,17.420304568527918,19766980000.0,21410580000.0,22.678958237723727,22.82824806559649,75.88092130518234,83.26444818871104,-59.3603003003003,-59.3603003003003,24.726388728490587,59.07996688741722,82.19032629558541,90.18778433024433,0.0110234340298821,0.0120099276672511,-10.213213213213214,0.6638169965257447,4.535320088300221,2.661551087402544,10.814935064935066,1.1819419237749549,0.0033945499008953,0.3079394217530977,0.0,0.0336066520383416,0.2489362532693133,0.0886756238003838,0.0266774454324979,0.8048780487804879,0.0239057627901605,,0.0602010854823345,0.0566268191268191,-12.85761421319797,2024600000.0,-1608400000.0,-2213300000.0,3606400000.0,761250000.0,19900000.0,171400000.0,83.35835546829887,7.931718936085748,64.13259229853116,1.0796758104738156,11.346846846846846,1.403342618384401,-0.6543543543543544,0.1172588832487309,2016-02-05,1.05,bmo,834123853.0,2025-04-24,2015-12-31,0.0380952380952381,100.20390625,1202607.8125
2015-09-30,MCO,USD,1059556,2015-11-04,2015-11-03 20:02:02,2015,Q3,834900000.0,236100000.0,598800000.0,0.7172116421,0,0.0,0.0,220800000.0,100000.0,242700000.0,478800000.0,2800000.0,29300000.0,28300000.0,378000000.0,0.4527488322,349700000.0,0.4188525572,-6100000.0,343600000.0,0.411546293,109800000.0,231600000.0,0.2773984908,1.16,1.14,199400000,202500000,https://www.sec.gov/Archives/edgar/data/1059556/000119312515364771/0001193125-15-364771-index.htm,https://www.sec.gov/Archives/edgar/data/1059556/000119312515364771/d97541d10q.htm,4.187061183550652,1.1614844533600803,1.5,1.3736208625877633,9.735707121364092,-1.2046138415245735,-7.718154463390171,-1.2046138415245735,15.816449348044133,19581080000.0,21234480000.0,21.13674438687392,23.453203976524133,65.46666666666667,71.4898868200073,-81.51990008326395,-81.51990008326395,25.433560905497664,56.175873015873016,70.99458375125376,77.5263964950712,0.011827743924237,0.0139879924907104,-13.007910074937552,0.6546334513608079,4.374074074074074,2.725290420872214,11.935153583617748,1.2792985457656116,0.0034625260710849,0.2927461139896373,0.0,0.0,0.2721196756688805,0.0842527582748244,0.0301832554796981,0.8904593639575972,0.0264702359564019,,0.063918848815809,0.0666647477044414,-12.28573219658977,1811900000.0,-1539000000.0,-2151000000.0,3416800000.0,760900000.0,17100000.0,164900000.0,77.66798418972333,6.709021601016518,62.249047013977126,1.1587786259541986,13.414772727272728,1.445805266380894,-0.964196502914238,0.1263791374122367,2015-10-30,1.07,bmo,804813513.0,2025-04-24,2015-09-30,0.0373831775700934,106.39453125,877749.203125
2015-06-30,MCO,USD,1059556,2015-07-30,2015-07-30 06:08:44,2015,Q2,918100000.0,243900000.0,674200000.0,0.7343426642,0,0.0,0.0,227000000.0,600000.0,254900000.0,498800000.0,2300000.0,34200000.0,27900000.0,447200000.0,0.4870929093,419300000.0,0.4567040627,-40100000.0,379200000.0,0.4130269034,115100000.0,261700000.0,0.285045202,1.3,1.28,201300000,204400000,https://www.sec.gov/Archives/edgar/data/1059556/000119312515269166/0001193125-15-269166-index.htm,https://www.sec.gov/Archives/edgar/data/1059556/000119312515269166/d76589d10q.htm,4.560854446100348,1.3000496770988574,1.652260307998013,1.544461003477397,10.171385991058122,-0.5136612021857924,-7.117734724292101,-0.5136612021857924,15.600099354197717,21732348000.0,23299848000.0,20.76074512800917,23.67100315869731,65.34079374624173,69.9014088131232,-210.1774468085106,-210.1774468085106,25.378333514867663,52.101627906976745,70.05366205652436,74.94322290125442,0.0120419569942465,0.0143058633149073,-30.03965183752418,0.6212821282128212,3.505143112701252,2.724039829302987,12.260233918128655,1.2593714502082545,0.0031519833936029,0.2617500955292319,0.0,0.0,0.2659065906590659,0.0652435357787131,0.0236357695240169,0.7777777777777778,0.0236357695240169,,0.0753679759500095,0.0713059589656957,-11.779309488325882,1939200000.0,-1432800000.0,-2038900000.0,3573200000.0,822000000.0,18850000.0,165250000.0,78.55026685546237,6.125461254612546,61.43911439114391,1.1457631349057782,14.69277108433735,1.4648648648648648,-2.5309477756286265,0.107799304520616,2015-07-24,1.22,bmo,875064062.0,2025-04-24,2015-06-30,0.0491803278688525,107.66253968253967,865023.619047619
2015-03-31,MCO,USD,1059556,2015-05-04,2015-05-04 16:19:56,2015,Q1,865600000.0,244400000.0,621200000.0,0.7176524954,0,0.0,0.0,221300000.0,600000.0,249900000.0,494300000.0,1900000.0,31200000.0,28600000.0,399900000.0,0.4619916821,371300000.0,0.4289510166,-26800000.0,344500000.0,0.3979898336,113200000.0,230100000.0,0.2658271719,1.14,1.11,202700000,206500000,https://www.sec.gov/Archives/edgar/data/1059556/000119312515169057/0001193125-15-169057-index.htm,https://www.sec.gov/Archives/edgar/data/1059556/000119312515169057/d914424d10q.htm,4.270350271336951,1.1351751356684756,1.2915638875185005,1.197829304390725,9.844104588061176,-0.721262950172669,-7.213616181549087,-0.721262950172669,15.423285643808583,21040260000.0,22625460000.0,22.859908735332464,24.30713955637708,80.36768525592055,86.65675453047776,-143.9142270861833,-143.9142270861833,26.13847042513863,56.57779444861215,86.42268907563025,93.1855848434926,0.0109361766442049,0.0115397813525118,-21.1703146374829,0.6220056270096463,3.963990997749437,2.6702688455455985,11.900641025641026,1.1318633808906182,0.0032651687764314,0.2985658409387223,0.0,0.0,0.2644694533762058,0.0725744843391902,0.0219500924214417,0.6643356643356644,0.026224584103512,,0.0649574574088127,0.0628688524590164,-11.903182042427233,1901100000.0,-1462200000.0,-2082900000.0,3516400000.0,817550000.0,20250000.0,166600000.0,87.61899260628465,7.770049099836334,60.39279869067103,1.0271745579684348,11.582938388625593,1.4902439024390244,-1.5738714090287278,0.093734583127775,2015-05-01,1.03,bmo,803214414.0,2025-04-24,2015-03-31,0.0776699029126214,96.62868852459016,1215192.836065574
2014-12-31,MCO,USD,1059556,2015-02-26,2015-02-25 21:10:31,2014,Q4,877500000.0,255500000.0,622000000.0,0.7088319088,37900000,0.0,0.0,250300000.0,-100000.0,277300000.0,532800000.0,1600000.0,30900000.0,27000000.0,373000000.0,0.4250712251,344700000.0,0.3928205128,-8900000.0,335800000.0,0.3826780627,94400000.0,236300000.0,0.2692877493,1.14,1.12,206500000,210500000,https://www.sec.gov/Archives/edgar/data/1059556/000119312515063352/0001193125-15-063352-index.htm,https://www.sec.gov/Archives/edgar/data/1059556/000119312515063352/d846365d10k.htm,4.249394673123486,1.1443099273607749,1.4953995157384987,1.4092009685230025,8.123970944309928,0.0,-6.617917675544795,0.2077481840193704,12.485230024213076,19784765000.0,21112565000.0,20.93182924248836,22.54674074074074,64.0698348445596,67.98888316151202,461.1833333333333,461.1833333333333,24.059903133903138,56.60205093833781,68.36970531088083,72.55176975945017,0.0119435333197033,0.0147082869066172,59.37762237762238,0.5442832418110725,3.559785522788204,2.239226473284988,11.155339805825244,1.2792046396023198,0.0029214398048195,0.2446043165467626,0.0,0.0431908831908831,0.292002307642999,0.0576424870466321,0.0202849002849002,0.6592592592592592,0.0233618233618233,2.312766084302976,0.0711981480704435,0.071314320205221,-11.252300242130753,1486700000.0,-1366600000.0,-1993700000.0,3155600000.0,752300000.0,18500000.0,185200000.0,81.27179487179487,6.833659491193737,59.60078277886497,1.1073952549217567,13.170103092783505,1.510047281323877,5.508158508158508,0.0861985472154963,2015-02-06,0.95,bmo,744308035.0,2025-04-24,2014-12-31,0.1789473684210528,96.9646875,1179236.03125
2014-09-30,MCO,USD,1059556,2014-10-29,2014-10-29 17:01:42,2014,Q3,816100000.0,236700000.0,579400000.0,0.7099620145,0,0.0,0.0,206500000.0,-200000.0,223300000.0,460000000.0,1800000.0,39500000.0,23200000.0,372900000.0,0.4569292979,349700000.0,0.4285014091,-21300000.0,328400000.0,0.4024016665,109900000.0,215200000.0,0.2636931749,1.02,1.0,210400000,214200000,https://www.sec.gov/Archives/edgar/data/1059556/000119312514387388/0001193125-14-387388-index.htm,https://www.sec.gov/Archives/edgar/data/1059556/000119312514387388/d809726d10q.htm,3.878802281368821,1.0228136882129275,1.196768060836502,1.111216730038023,10.007604562737642,0.0,-6.4168250950570345,2.282794676806084,12.243346007604565,19882800000.0,20478500000.0,23.098048327137548,24.36319078544296,78.96266878474981,85.04191616766467,41.396627108057466,41.396627108057466,25.093125842421276,54.91686779297399,81.3284352660842,87.58982035928143,0.0108234252720944,0.0117589071961695,5.281074328544659,0.507940004405551,1.5974792169482437,2.9393299414418737,8.853164556962025,1.1524027459954234,0.0029673888989478,0.2741635687732342,0.0,0.0,0.2703606544245749,0.0714853057982525,0.0220561205734591,0.7758620689655172,0.0236490626148756,7.248079536220579,0.0588744671132764,0.0590624656932703,-10.709838403041823,2020200000.0,-1350100000.0,-1931800000.0,3673800000.0,735250000.0,19000000.0,199750000.0,78.54184536208798,6.692015209125476,76.50190114068441,1.1458859870822802,13.448863636363637,1.176441351888668,0.4480533000208203,0.085551330798479,2014-10-24,0.9,bmo,757206185.0,2025-04-24,2014-09-30,0.0777777777777777,91.62640625,800882.421875
2014-06-30,MCO,USD,1059556,2014-07-31,2014-07-31 17:23:39,2014,Q2,873500000.0,222100000.0,651400000.0,0.7457355467,0,0.0,0.0,217400000.0,300000.0,239700000.0,461800000.0,1700000.0,27700000.0,22300000.0,434000000.0,0.4968517459,411700000.0,0.4713222667,73500000.0,485200000.0,0.555466514,160800000.0,319200000.0,0.3654264453,1.51,1.48,212000000,215700000,https://www.sec.gov/Archives/edgar/data/1059556/000119312514289987/0001193125-14-289987-index.htm,https://www.sec.gov/Archives/edgar/data/1059556/000119312514289987/d762103d10q.htm,4.120283018867925,1.505660377358491,1.3245283018867924,1.2316037735849057,9.241981132075471,3.1787735849056604,-2.7915094339622644,2.6764150943396228,10.05754716981132,18583920000.0,18911120000.0,14.555075187969924,21.275237550085865,66.18205128205128,71.17548831865186,32.752767007402184,32.752767007402184,21.64982255294791,43.57400921658986,67.34729344729345,72.42864802757565,0.0171761393721023,0.0140497806706012,3.709023616496299,0.43984868118547,0.7539170506912443,2.692793122370587,14.862815884476534,0.8655980271270037,0.0031909306540277,0.1857769423558897,0.0,0.0,0.2645362203736989,0.0701566951566951,0.022552947910704,0.8834080717488789,0.0232398397252432,9.522072968661051,0.0745715797041942,0.0907101651084145,-6.997759433962264,1850900000.0,-591800000.0,-1166400000.0,3414900000.0,748100000.0,18450000.0,-1216850000.0,78.13050944476245,8.266546600630345,80.35569563259793,1.151918765660029,10.887254901960784,1.120020171457388,0.562566090941135,0.0929245283018867,2014-07-25,1.01,bmo,787709821.0,2025-04-24,2014-06-30,0.108910891089109,82.39904761904762,1033703.5555555556
2014-03-31,MCO,USD,1059556,2014-05-01,2014-04-30 19:32:07,2014,Q1,767200000.0,216000000.0,551200000.0,0.7184567258,0,0.0,0.0,195100000.0,-400000.0,218200000.0,434200000.0,1600000.0,25400000.0,23100000.0,355900000.0,0.463894682,333000000.0,0.4340458811,-21400000.0,311600000.0,0.4061522419,89900000.0,218000000.0,0.2841501564,1.02,1.0,214000000,218500000,https://www.sec.gov/Archives/edgar/data/1059556/000119312514173598/0001193125-14-173598-index.htm,https://www.sec.gov/Archives/edgar/data/1059556/000119312514173598/d717186d10q.htm,3.5850467289719625,1.0186915887850467,0.8280373831775701,0.7387850467289719,9.203271028037385,0.0,-4.062616822429907,1.83785046728972,9.920093457943926,16974479999.999998,17279780000.0,19.466146788990823,22.1252346193952,95.79277652370202,107.36546489563568,43.15911517925248,43.15911517925248,22.52317518248175,48.552346164653,97.51568848758464,109.2965211891208,0.0128428087340525,0.0093139819305215,5.333079074497839,0.4818073230118987,0.8578252318066872,2.867516791589604,13.11023622047244,0.7992783040144339,0.0035288268035309,0.2747706422018348,0.0,0.0,0.199705976937566,0.1077878103837471,0.0248957247132429,0.8268398268398268,0.0264598540145985,6.4903438491836365,0.0712323341136788,0.0625717566016073,-14.703154205607476,1918500000.0,-869400000.0,-1407600000.0,3070200000.0,716050000.0,16449999.5,-1245000000.0,86.56282586027112,6.875,-1096.6666666666667,1.039707277408863,13.090909090909092,-0.0820668693009118,0.5542842613780828,0.0892523364485981,2014-04-25,0.91,bmo,698152000.0,2025-04-24,2014-03-31,0.0989010989010988,78.31360655737706,1096205.3606557378
2013-12-31,MCO,USD,1059556,2014-02-27,2014-02-26 20:15:50,2013,Q4,779200000.0,221000000.0,558200000.0,0.71637577,22800000,0.0,0.0,223000000.0,-100000.0,227100000.0,448100000.0,1500000.0,25200000.0,23300000.0,337100000.0,0.4326232033,311900000.0,0.4002823409,-10100000.0,301800000.0,0.3873203285,92200000.0,206700000.0,0.2652720739,0.96,0.94,214300000,219000000,https://www.sec.gov/Archives/edgar/data/1059556/000119312514070371/0001193125-14-070371-index.htm,https://www.sec.gov/Archives/edgar/data/1059556/000119312514070371/d665999d10k.htm,3.636024265048997,0.9645356976201588,1.2753149790014,1.2225851609892673,9.828744750349976,0.0,-4.138124125058329,1.6234251049930004,9.92533831077928,16816121000.0,17023421000.0,20.338801402999515,21.581264117043123,61.52989754848152,64.1836679389313,48.33607645875252,48.33607645875252,21.84730621149897,50.49961732423613,62.28840468349799,64.9748893129771,0.0122917764447579,0.0155802875110139,6.041391204369072,0.4782687844172393,0.6149510530999703,2.601244195215982,12.376984126984128,1.303912213740458,0.003187417597673,0.2593130140299952,0.0,0.0292607802874743,0.2017931097255723,0.0413465056714233,0.0145020533880903,0.4849785407725321,0.0228439425051334,5.93562616654859,0.0665829916249386,0.0589258224528194,-7.917172188520765,1827500000.0,-886800000.0,-1425800000.0,2993000000.0,643100000.0,13199999.5,137350000.0,80.18223819301848,6.67873262443439,57.828054298642535,1.12244309997119,13.475610577781133,1.556338028169014,0.5941362460477149,0.0527298180121325,2014-02-07,0.76,bmo,696696470.0,2025-04-24,2013-12-31,0.1184210526315789,73.20078125,851062.296875
2013-09-30,MCO,USD,1059556,2013-10-31,2013-10-31 15:31:12,2013,Q3,705500000.0,203500000.0,502000000.0,0.7115520907,0,0.0,0.0,187100000.0,-300000.0,210500000.0,414000000.0,1600000.0,26000000.0,23400000.0,314900000.0,0.4463501063,291500000.0,0.4131821403,-28000000.0,263500000.0,0.3734939759,76700000.0,183900000.0,0.2606661942,0.84,0.83,217800000,222000000,https://www.sec.gov/Archives/edgar/data/1059556/000119312513420742/0001193125-13-420742-index.htm,https://www.sec.gov/Archives/edgar/data/1059556/000119312513420742/d615065d10q.htm,3.2392102846648303,0.8443526170798898,1.3057851239669422,1.2465564738292012,9.387970615243342,0.0,-3.806244260789715,1.340220385674931,9.75482093663912,15317874000.0,15581374000.0,20.82364600326264,21.71208221119773,53.8603164556962,56.41942541436464,52.47644398766701,52.47644398766701,22.085576187101346,49.480387424579234,54.78682841068917,57.38995948434623,0.0120055824979367,0.0177243917791724,7.189448441247002,0.5051390058972198,0.8367735789139409,3.1009808292465446,11.211538461538462,1.5224839400428265,0.0035644633191264,0.2969004893964111,0.0,0.0,0.1995426645805753,0.0453586497890295,0.018284904323175,0.5512820512820513,0.0226789510985116,5.045930863323442,0.0634420272526383,0.0552999548940009,-7.34366391184573,1885000000.0,-829000000.0,-1372300000.0,2998300000.0,599850000.0,12450000.0,153000000.0,75.52090715804394,4.422604422604423,58.68796068796069,1.191722972972973,20.35,1.53353428786737,0.6300102774922919,0.059228650137741,2013-10-25,0.82,bmo,697000000.0,2025-04-24,2013-09-30,0.0121951219512195,65.62359375,1210056.875
2013-06-30,MCO,USD,1059556,2013-07-31,2013-07-30 17:31:50,2013,Q2,756000000.0,197100000.0,558900000.0,0.7392857143,0,0.0,0.0,185000000.0,-800000.0,208100000.0,405200000.0,1200000.0,22900000.0,23100000.0,382800000.0,0.5063492063,350800000.0,0.464021164,-14000000.0,336800000.0,0.4455026455,108400000.0,225500000.0,0.2982804233,1.01,1.0,222300000,226200000,https://www.sec.gov/Archives/edgar/data/1059556/000119312513310605/0001193125-13-310605-index.htm,https://www.sec.gov/Archives/edgar/data/1059556/000119312513310605/d572070d10q.htm,3.4008097165991904,1.0143949617633827,0.7489878542510121,0.7062528115159694,7.426450742240216,0.0,-3.6968061178587495,1.7377417903733694,7.322986954565902,13626990000.0,13598990000.0,15.107527716186253,18.025119047619047,81.84378378378378,86.79611464968153,35.275666580377944,35.275666580377944,17.988082010582012,35.52505224660397,81.67561561561561,86.61777070063694,0.0165480417905935,0.0115212530426748,4.154801967382863,0.4230029254407927,-0.0731452455590386,2.7228848511871586,15.31877729257642,0.728984238178634,0.0032729164694477,0.1977827050997782,0.0,0.0,0.2165880399546688,0.057057057057057,0.0125661375661375,0.4112554112554112,0.0212962962962962,6.297779103184677,0.0821117153657737,0.0758620689655172,-7.201866846603688,1545600000.0,-821800000.0,-1351600000.0,2654800000.0,622450000.0,15500000.0,135650000.0,72.3452380952381,6.80365296803653,79.1324200913242,1.244034885634359,13.228187919463087,1.13733410271206,0.5837432047631375,0.0427350427350427,2013-07-24,0.91,bmo,687960000.0,2025-04-24,2013-06-30,0.0989010989010988,60.68875,1625322.984375
2013-03-31,MCO,USD,1059556,2013-05-03,2013-05-03 16:24:03,2013,Q1,731800000.0,200800000.0,531000000.0,0.7256080896,0,0.0,0.0,227000000.0,-300000.0,250600000.0,451400000.0,1200000.0,23200000.0,23600000.0,314000000.0,0.4290789833,280400000.0,0.3831647991,-13200000.0,267200000.0,0.3651270839,76100000.0,188400000.0,0.25744739,0.84,0.83,223300000,227200000,https://www.sec.gov/Archives/edgar/data/1059556/000119312513199200/0001193125-13-199200-index.htm,https://www.sec.gov/Archives/edgar/data/1059556/000119312513199200/d509823d10q.htm,3.277205553067622,0.8437080161218092,0.9072995969547694,0.8687863860277654,7.924764890282131,2.419167039856695,-1.3269144648454994,2.047021943573668,7.4576802507836994,11783541000.0,11667641000.0,15.636333598726116,16.102133096474446,58.16160414610069,60.73990206185567,25.77891271056662,25.77891271056662,15.943756490844493,37.158092356687895,57.589540967423495,60.1424793814433,0.0159884028069321,0.0164636419561827,3.592430540363159,0.4198455716915524,-0.369108280254777,2.4869745411486086,12.086206896551724,1.0601779173207744,0.0037764539538666,0.2361995753715499,0.0,0.0,0.2138729801595418,0.0424481737413622,0.0117518447663295,0.3644067796610169,0.0235036895326591,6.233738727026732,0.0684508887811978,0.0612742706605522,-4.8119122257053295,1506900000.0,-296300000.0,-850700000.0,2639500000.0,629500000.0,15200000.0,107900000.0,78.3656736813337,7.216135458167331,43.92430278884462,1.1484620213433774,12.472049689440992,2.048979591836735,0.412163640341282,0.038513210927004,2013-05-03,0.87,bmo,656356701.0,2025-04-24,2013-03-31,0.1149425287356321,50.8065,3155645.4
2012-12-31,MCO,USD,1059556,2013-02-26,2013-02-25 19:19:12,2012,Q4,754200000.0,221600000.0,532600000.0,0.7061787324,16100000,0.0,0.0,236400000.0,-200000.0,260200000.0,481800000.0,1500000.0,23100000.0,23800000.0,277100000.0,0.3674091753,260200000.0,0.3450013259,-23800000.0,236400000.0,0.3134447096,74400000.0,160100000.0,0.2122779104,0.72,0.7,223000000,227300000,https://www.sec.gov/Archives/edgar/data/1059556/000119312513074571/0001193125-13-074571-index.htm,https://www.sec.gov/Archives/edgar/data/1059556/000119312513074571/d447202d10k.htm,3.382062780269058,0.7179372197309417,1.4668161434977578,1.4228699551569506,7.952017937219731,0.0,-3.872645739910314,1.4775784753363228,7.597757847533632,11221360000.0,11137160000.0,17.522423485321674,14.87849376823124,34.305594619382454,35.36514339741569,34.05572078907436,34.05572078907436,14.766852293821268,40.19184409960303,34.04818098440844,35.09977938859124,0.0142674328245417,0.0282764299514497,5.071927162367223,0.4219243101315357,-0.3038614218693612,2.1681689415400465,11.264069264069263,2.019135802469136,0.0031814325536298,0.2229856339787632,0.0,0.0213471227791036,0.2180312555227347,0.0299602568022011,0.0129939008220631,0.4117647058823529,0.0241315300981172,4.8855084798450585,0.0623503897720297,0.05169018177122,-7.454484304932736,1360800000.0,-863600000.0,-1435200000.0,2531500000.0,585700000.0,14450000.0,-215900000.0,74.20047732696898,5.807761732851986,47.84296028880867,1.212930202637504,15.496503496503497,1.881154499151104,0.4858877086494689,0.0439461883408071,2013-02-08,0.69,bmo,693864000.0,2025-04-24,2012-12-31,0.0869565217391305,47.20919354838709,1674499.8709677418
2012-09-30,MCO,USD,1059556,2012-11-06,2012-11-05 20:09:13,2012,Q3,688500000.0,207300000.0,481200000.0,0.6989106754,0,0.0,0.0,187400000.0,24100000.0,211500000.0,418800000.0,1200000.0,15300000.0,24100000.0,305000000.0,0.4429920116,269700000.0,0.3917211329,-5300000.0,264400000.0,0.3840232389,77900000.0,183900000.0,0.2671023965,0.83,0.81,222500000,226100000,https://www.sec.gov/Archives/edgar/data/1059556/000119312512452563/0001193125-12-452563-index.htm,https://www.sec.gov/Archives/edgar/data/1059556/000119312512452563/d406862d10q.htm,3.09438202247191,0.8265168539325842,1.1707865168539326,1.111011235955056,6.926741573033708,1.4476404494382022,-2.50561797752809,1.4476404494382022,7.742921348314606,9850075000.0,10039075000.0,13.390531538879827,14.306572258533045,37.81218809980806,39.84658171521036,30.580797888854395,30.580797888854395,14.58108206245461,32.915,38.53771593090211,40.61114482200647,0.0186699086047568,0.0250962556122669,5.301148711580255,0.4662370641400213,0.6196721311475409,2.2441753993285176,17.627450980392158,1.3967828418230563,0.0036243378857521,0.1941272430668841,0.0,0.0,0.2401769379897878,0.0510556621880998,0.0193173565722585,0.5518672199170125,0.0238198983297022,5.188567497165508,0.0685544016028131,0.0660868940237898,-7.467865168539326,1222900000.0,-557500000.0,-1134400000.0,2418100000.0,540050000.0,16300000.0,-540050000.0,71.84313725490196,6.338639652677279,-238.6107091172214,1.2527292576419211,14.1986301369863,-0.3771834061135371,0.5709407016454517,0.0597752808988764,2012-10-26,0.64,bmo,587520000.0,2025-04-24,2012-09-30,0.1718749999999999,39.88539682539683,1725680.2063492064
2012-06-30,MCO,USD,1059556,2012-07-30,2012-07-30 06:09:41,2012,Q2,640800000.0,180600000.0,460200000.0,0.718164794,0,0.0,0.0,159600000.0,22100000.0,181700000.0,362300000.0,1300000.0,16600000.0,22100000.0,304500000.0,0.4751872659,278500000.0,0.4346129838,-13900000.0,264600000.0,0.4129213483,88900000.0,172500000.0,0.2691947566,0.77,0.76,223900000,227200000,https://www.sec.gov/Archives/edgar/data/1059556/000119312512320952/0001193125-12-320952-index.htm,https://www.sec.gov/Archives/edgar/data/1059556/000119312512320952/d361903d10q.htm,2.86199196069674,0.7704332291201429,0.7748995087092452,0.7454220634211701,3.749441715051362,0.7985707905314873,-3.114336757481018,0.4836980794997766,5.604734256364448,8183544999.999999,8597745000.0,11.860210144927535,12.770825530586764,47.16740634005763,49.03262432594367,75.56366574330563,75.56366574330563,13.417205056179776,28.2356157635468,49.55472622478386,51.51434991012582,0.0210788845176509,0.0203945844985272,11.43397968605725,0.417794122608725,1.360262725779967,1.5267282958199355,16.77710843373494,0.987478656801366,0.0039347251099615,0.1866666666666666,0.0,0.0,0.2955902695772462,0.0380403458213256,0.0102996254681647,0.2986425339366516,0.0232521847690387,2.8956491758213825,0.088221493263951,0.0826228565954593,-8.097253238052701,524200000.0,-697300000.0,-1265700000.0,1717700000.0,559850000.0,17400000.0,-559850000.0,74.50842696629213,8.970099667774086,-264.3687707641196,1.2079170593779454,10.033333333333331,-0.3404335532516493,1.592797783933518,0.029477445288075,2012-07-26,0.7,bmo,590210526.0,2025-04-24,2012-06-30,0.0857142857142858,38.366349206349206,1681916.174603175
2012-03-31,MCO,USD,1059556,2012-05-02,2012-05-01 19:58:52,2012,Q1,646800000.0,185500000.0,461300000.0,0.7132034632,0,0.0,0.0,168800000.0,23500000.0,192300000.0,377800000.0,1300000.0,10300000.0,23500000.0,293700000.0,0.4540816327,269000000.0,0.4158936302,-10400000.0,258600000.0,0.3998144712,83100000.0,173500000.0,0.2682436611,0.78,0.76,223400000,227400000,https://www.sec.gov/Archives/edgar/data/1059556/000119312512201802/0001193125-12-201802-index.htm,https://www.sec.gov/Archives/edgar/data/1059556/000119312512201802/d313800d10q.htm,2.8952551477171,0.7766338406445837,0.2775290957923008,0.2090420769919427,3.706356311548791,0.7188898836168308,-3.334825425246195,0.4082363473589973,5.582363473589973,9405140000.0,9827240000.0,13.55207492795389,14.541032776747064,151.69580645161292,201.3948608137045,103.1265350877193,103.1265350877193,15.193630179344463,33.46012938372489,158.50387096774193,210.4334047109208,0.0184473596352632,0.0049653699998086,13.56140350877193,0.4130376703179268,1.4371807967313586,1.5092436974789916,26.116504854368937,0.3532763532763532,0.0041891986722154,0.2270893371757925,0.0,0.0,0.3024312049158429,0.2467741935483871,0.0236549165120593,0.6510638297872341,0.023191094619666,2.6708853686845164,0.0876713272056722,0.0830620451934124,-8.319158460161146,515100000.0,-745000000.0,-1307200000.0,1745500000.0,539500000.0,16600000.0,-217400000.0,81.9851576994434,8.150943396226415,-285.86522911051213,1.0977596741344195,11.041666666666666,-0.3148336727766463,1.9024122807017545,0.0684870188003581,2012-04-26,0.69,bmo,587226315.0,2025-04-24,2012-03-31,0.1014492753623189,38.61258064516129,1565702.6290322582
2011-12-31,MCO,USD,1059556,2012-02-27,2012-02-27 16:22:01,2011,Q4,567100000.0,181200000.0,385900000.0,0.6804796332,0,0.0,0.0,193200000.0,20700000.0,213900000.0,395100000.0,1400000.0,18300000.0,20700000.0,194600000.0,0.3431493564,172100000.0,0.3034738141,-16500000.0,155600000.0,0.2743784165,57500000.0,96200000.0,0.169634985,0.43,0.43,222100000,223400000,https://www.sec.gov/Archives/edgar/data/1059556/000119312512081639/0001193125-12-081639-index.htm,https://www.sec.gov/Archives/edgar/data/1059556/000119312512081639/d256898d10k.htm,2.55335434488969,0.4331382260243134,0.6168392615938766,0.5533543448896894,3.4885186852769023,-0.4407924358397118,-4.477262494371905,-0.7609185051778479,5.682575416479064,7480328000.0,7964128000.0,19.439521829521823,13.19049197672368,54.60093430656935,60.865158665581774,-44.26229585798816,-44.26229585798816,14.043604302592136,40.92563206577595,58.13232116788321,64.80169243287226,0.0128603986349261,0.0164297608340169,-7.359763313609467,0.4324606237613435,2.486125385405961,1.256084656084656,9.404371584699453,1.3965341488277268,0.0041976768933127,0.3264033264033264,0.0,0.0,0.3117068252147004,0.102919708029197,0.0248633397989772,0.6811594202898551,0.0238053253394463,,0.0598338121547587,0.04859567589412,-7.90027014858172,290400000.0,-994400000.0,-1549600000.0,1513700000.0,445150000.0,8200000.0,-123050000.0,77.73232234173867,8.145695364238412,76.68874172185431,1.1578195181706818,11.048780487804878,1.1735751295336787,-0.5692307692307692,0.0634849167041873,2012-02-08,0.49,bmo,646230232.0,2025-04-24,2011-12-31,-0.1224489795918367,33.33555555555555,2406402.761904762
2011-09-30,MCO,USD,1059556,2011-11-03,2011-11-02 19:36:49,2011,Q3,531300000.0,171000000.0,360300000.0,0.678147939,0,0.0,0.0,145000000.0,19000000.0,164000000.0,335000000.0,1600000.0,12900000.0,19000000.0,219200000.0,0.4125729343,196100000.0,0.3690946734,-11300000.0,184800000.0,0.347826087,52700000.0,130700000.0,0.2460003764,0.58,0.57,226000000,229000000,https://www.sec.gov/Archives/edgar/data/1059556/000119312511293258/0001193125-11-293258-index.htm,https://www.sec.gov/Archives/edgar/data/1059556/000119312511293258/d230122d10q.htm,2.350884955752212,0.5783185840707965,0.9752212389380532,0.8955752212389381,3.838495575221239,-0.7707964601769911,-3.443805309734514,-0.7707964601769911,5.561504424778761,6881700000.0,7271500000.0,13.163159908186683,12.952569169960476,31.223684210526315,34.00049407114624,-39.50459242250288,-39.50459242250288,13.686241294936949,33.17290145985402,32.99228675136116,35.926383399209485,0.0189924001336878,0.0294113373149076,-7.141216991963261,0.4933962638321501,1.7782846715328466,1.628937597317044,15.2015503875969,1.668433005299016,0.0046500138047284,0.2448355011476664,0.0,0.0,0.2395986197596478,0.0816696914700544,0.0338791643139469,0.9473684210526316,0.0242800677583286,,0.081050906788114,0.0681723346547047,-7.645464601769912,525100000.0,-778300000.0,-1335500000.0,1452900000.0,446550000.0,4300000.0,-446550000.0,67.84302653867871,0.0,-210.7894736842105,1.3265917602996256,0.0,-0.4269662921348314,-0.7502870264064294,0.079646017699115,2011-10-27,0.49,bmo,456731578.0,2025-04-24,2011-09-30,0.1632653061224489,32.881875,3683842.1875
2011-06-30,MCO,USD,1059556,2011-08-03,2011-08-02 20:50:42,2011,Q2,605200000.0,170500000.0,434700000.0,0.7182749504,0,0.0,0.0,142900000.0,21800000.0,164700000.0,335200000.0,2200000.0,16300000.0,21800000.0,302300000.0,0.4995042961,270100000.0,0.4462987442,-5900000.0,264200000.0,0.4365499009,73500000.0,189000000.0,0.3122934567,0.83,0.82,228200000,231500000,https://www.sec.gov/Archives/edgar/data/1059556/000119312511206791/0001193125-11-206791-index.htm,https://www.sec.gov/Archives/edgar/data/1059556/000119312511206791/d10q.htm,2.652059596844873,0.8282208588957055,1.0736196319018405,1.0035056967572304,4.160823838737949,-0.0727432077125328,-2.8650306748466257,-0.0727432077125328,5.5184049079754605,8751470000.0,9055970000.0,11.576018518518518,14.460459352280235,35.72028571428572,38.216026200873365,-527.1969879518073,-527.1969879518073,14.96359881031064,29.956897122064177,36.963142857142856,39.54572052401747,0.0215963718095359,0.0261670325099669,-74.87951807228916,0.4528893099176564,1.0072775388686734,1.811150234741784,16.570552147239265,1.2962962962962965,0.003702235167349,0.1714285714285714,0.0,0.0,0.2321649785032427,0.0653061224489796,0.0264375413086582,0.7339449541284404,0.0236285525446133,,0.1022010011668533,0.0896839707696687,-7.39943032427695,691100000.0,-653800000.0,-1218100000.0,1653500000.0,498000000.0,4300000.0,-498000000.0,73.25512227362856,4.539589442815249,-260.0234604105572,1.2285830288266342,19.82558139534884,-0.3461226146975233,-11.385542168674698,0.0701139351446099,2011-07-27,0.57,bmo,436663291.0,2025-04-24,2011-06-30,0.3859649122807019,37.78349206349206,2700313.904761905
2011-03-31,MCO,USD,1059556,2011-05-04,2011-05-03 21:37:35,2011,Q1,577100000.0,160800000.0,416300000.0,0.7213654479,0,0.0,0.0,148500000.0,17700000.0,166200000.0,327000000.0,1000000.0,19200000.0,17700000.0,272100000.0,0.4714954081,250100000.0,0.4333737654,-14900000.0,235200000.0,0.4075550165,78100000.0,155500000.0,0.2694507018,0.68,0.67,228900000,231400000,https://www.sec.gov/Archives/edgar/data/1059556/000119312511124482/0001193125-11-124482-index.htm,https://www.sec.gov/Archives/edgar/data/1059556/000119312511124482/d10q.htm,2.521188291830493,0.6793359545653124,0.8776758409785933,0.7920489296636085,3.1725644386194847,-0.9750982961992136,-3.731760594145915,-0.9750982961992136,5.475753604193971,7761998999.999999,8276698999.999999,12.479098070739548,13.450006931207762,38.63613240418118,42.81301158301158,-34.7759811827957,-34.7759811827957,14.3418800901057,30.41785740536567,41.19810353409656,45.6519525648097,0.0200334991024863,0.0233573851272075,-5.529569892473118,0.4889082554270321,1.891583976479236,1.5928656361474436,13.026041666666666,1.2919614147909968,0.0039036335871725,0.1948553054662379,0.0,0.0,0.2499603866265251,0.0975609756097561,0.0339629180384682,1.1073446327683616,0.0277248310518107,,0.0984688113382694,0.082127389880638,-8.281127129750983,498600000.0,-854200000.0,-1408000000.0,1454200000.0,500450000.0,7150000.0,-168000000.0,78.5063247270837,0.0,-281.7537313432836,1.146404449741756,0.0,-0.3194278903456495,-0.6966845878136201,0.0856269113149847,2011-04-27,0.54,bmo,465125373.0,2025-04-24,2011-03-31,0.2407407407407407,30.58532258064516,2357597.193548387
2010-12-31,MCO,USD,1059556,2011-02-28,2011-02-25 21:32:37,2010,Q4,564300000.0,180900000.0,383400000.0,0.6794258373,0,0.0,0.0,169500000.0,17200000.0,186700000.0,367600000.0,1200000.0,18600000.0,17200000.0,208400000.0,0.3693071061,196600000.0,0.3483962431,-24000000.0,172600000.0,0.3058656743,33700000.0,137400000.0,0.2434875066,0.6,0.6,228900000,228900000,https://www.sec.gov/Archives/edgar/data/1059556/000119312511047974/0001193125-11-047974-index.htm,https://www.sec.gov/Archives/edgar/data/1059556/000119312511047974/d10k.htm,2.46526867627785,0.6002621231979031,0.7802533857579729,0.6736566186107471,2.9370904325032767,-1.3036260375709916,-4.074705111402359,-1.3525557011795544,5.496723460026212,6075006000.0,6655006000.0,11.053504366812223,10.765560871876662,34.014591265397534,39.39692607003891,-19.622112403100772,-19.622112403100772,11.79338295233032,31.933809980806146,37.26207166853303,43.15827496757458,0.0226172616125811,0.0253826909800582,-4.003875968992248,0.487973861354958,2.783109404990403,1.438209466695224,10.56989247311828,1.2858171346292298,0.0040987613839393,0.1812227074235808,0.0,0.0,0.2496949179230799,0.1366181410974244,0.0432394116604642,1.4186046511627908,0.0271132376395534,,0.0977957849285906,0.0720881427072402,-7.468654434250764,409200000.0,-932700000.0,-1495700000.0,1362800000.0,454050000.0,7150000.0,-121600000.0,79.34609250398724,7.114427860696518,83.28358208955224,1.1342713567839195,12.65034965034965,1.0806451612903225,-0.4437984496124031,0.1065967671472258,2011-02-03,0.48,bmo,541728000.0,2025-04-24,2010-12-31,0.0416666666666667,26.90734375,2572505.984375
2010-09-30,MCO,USD,1059556,2010-11-02,2010-11-02 12:18:55,2010,Q3,513300000.0,153700000.0,359600000.0,0.7005649718,0,0.0,0.0,152200000.0,18100000.0,170300000.0,324000000.0,1400000.0,14200000.0,18100000.0,213100000.0,0.4151568284,188900000.0,0.3680109098,-7500000.0,181400000.0,0.3533995714,44200000.0,136000000.0,0.2649522696,0.58,0.58,234300000,235700000,https://www.sec.gov/Archives/edgar/data/1059556/000119312510243914/0001193125-10-243914-index.htm,https://www.sec.gov/Archives/edgar/data/1059556/000119312510243914/d10q.htm,2.19078104993598,0.5804524114383269,0.7285531370038413,0.6461801109688433,3.433632095603927,-1.2701664532650447,-3.18437900128041,-1.2701664532650447,5.438326931284678,5852814000.0,6319114000.0,10.758849264705882,11.402326125073056,34.28713532513181,38.65795244385733,-19.66671370967742,-19.66671370967742,12.31076173777518,29.65328015016424,37.01882835383714,41.73787318361955,0.023236685806178,0.0258678987577599,-4.233870967741935,0.536581211140448,2.1881745659314875,1.6419379258137774,13.30281690140845,1.2441690962099126,0.004254363798337,0.1830882352941176,0.0,0.0,0.1909973596797547,0.1130638547158758,0.0375998441457237,1.0662983425414363,0.0264952269627897,,0.0904256625682106,0.0715902510922777,-7.4206145966709345,508800000.0,-746100000.0,-1344400000.0,1264800000.0,399850000.0,0.0,-399850000.0,71.99298655756867,0.0,-240.42940793754067,1.2501217730150995,0.0,-0.3743302484169508,-0.4569892473118279,0.0823730260349978,2010-10-28,0.45,bmo,452911764.0,2025-04-24,2010-09-30,0.1333333333333333,22.9421875,2294098.859375
2010-06-30,MCO,USD,1059556,2010-08-02,2010-08-02 10:26:59,2010,Q2,477800000.0,134300000.0,343500000.0,0.7189200502,0,0.0,0.0,137500000.0,15200000.0,152700000.0,287000000.0,500000.0,19400000.0,15200000.0,209900000.0,0.4393051486,190500000.0,0.3987023859,-12600000.0,177900000.0,0.3723315195,55300000.0,121000000.0,0.2532440352,0.51,0.51,235300000,236500000,https://www.sec.gov/Archives/edgar/data/1059556/000119312510173080/0001193125-10-173080-index.htm,https://www.sec.gov/Archives/edgar/data/1059556/000119312510173080/d10q.htm,2.0305992350191246,0.5142371440713982,0.5945601359966001,0.513387165320867,2.0977475563110923,-2.0905227369315766,-3.952826179345516,-2.0905227369315766,4.784530386740332,4687176000.0,5307676000.0,9.6842479338843,9.809912097111765,33.5037598284489,38.801125827814566,-9.52871721894694,-9.52871721894694,11.108572624529092,25.28668889947594,37.93907076483202,43.93771523178808,0.0258151176742669,0.0257724480582764,-2.249237649928847,0.5651529856464218,2.9561696045736063,0.8773533174922318,9.81958762886598,1.1411092985318108,0.0059950810466686,0.2322314049586777,0.0,0.0,0.2238340910251826,0.1365260900643316,0.0399748848890749,1.256578947368421,0.0269987442444537,,0.1069604898384031,0.079631457716354,-7.899383765405865,-134200000.0,-930100000.0,-1489600000.0,602300000.0,408050000.0,0.0,-408050000.0,73.29217245709502,0.0,-260.75204765450485,1.2279619635055257,0.0,-0.3451554870213312,-0.2459849562919292,0.0811729706757331,2010-07-29,0.44,bmo,429044897.0,2025-04-24,2010-06-30,0.1136363636363636,23.24984126984127,5161870.698412699
2010-03-31,MCO,USD,1059556,2010-05-07,2010-05-07 17:12:03,2010,Q1,476600000.0,135900000.0,340700000.0,0.7148552245,0,0.0,0.0,128800000.0,15800000.0,144600000.0,280500000.0,600000.0,10400000.0,15800000.0,212600000.0,0.4460763743,196800000.0,0.4129248846,-14300000.0,182500000.0,0.3829206882,67800000.0,113400000.0,0.2379353756,0.48,0.47,236900000,239100000,https://www.sec.gov/Archives/edgar/data/1059556/000119312510113077/0001193125-10-113077-index.htm,https://www.sec.gov/Archives/edgar/data/1059556/000119312510113077/d10q.htm,2.0118193330519207,0.4786829886027859,0.6926973406500633,0.624314056563951,2.127057830308147,-2.2541156606162938,-4.142676234698185,-2.2541156606162938,3.18615449556775,7047775000.0,7295775000.0,15.537422839506174,14.78761015526647,42.94804996953078,47.65229885057471,-13.198080524344569,-13.198080524344569,15.307962652119178,34.31690968955785,44.45932358318099,49.32910750507099,0.0160901844908499,0.0209853464391244,-1.394007490636704,0.3715868816452853,1.1665098777046097,0.8788909233586188,18.923076923076923,1.4306887532693984,0.0036181631791593,0.2248677248677248,0.0,0.0,0.2233315030200169,0.0987202925045703,0.0339907679395719,1.0253164556962024,0.0310532941670163,,0.1002410665814041,0.0728838614306832,-8.132756437315322,-138900000.0,-981400000.0,-1529300000.0,601200000.0,435950000.0,3550000.0,-188050000.0,80.63365505665128,0.0,-282.7814569536424,1.11615925058548,0.0,-0.3182669789227166,-0.2123595505617977,0.0683832840861122,2010-04-21,0.44,bmo,446178723.0,2025-04-24,2010-03-31,0.0681818181818181,27.81672131147541,2616017.0
2009-12-31,MCO,USD,1059556,2010-03-01,2010-02-26 21:39:46,2009,Q4,485800000.0,146900000.0,338900000.0,0.6976121861,0,0.0,0.0,144500000.0,16600000.0,161100000.0,308000000.0,2500000.0,15000000.0,16600000.0,198900000.0,0.409427748,178900000.0,0.3682585426,-11600000.0,167300000.0,0.3443804035,64000000.0,101900000.0,0.2097571017,0.43,0.43,236400000,236900000,https://www.sec.gov/Archives/edgar/data/1059556/000119312510043405/0001193125-10-043405-index.htm,https://www.sec.gov/Archives/edgar/data/1059556/000119312510043405/d10k.htm,2.0549915397631136,0.4310490693739425,0.7918781725888325,0.6802030456852792,2.046954314720812,-2.521573604060914,-4.4424703891708965,-2.5642978003384096,5.112944162436548,6335520000.0,7055320000.0,15.543473994111874,13.04141622066694,33.843589743589746,39.4,-10.451204223028704,-10.451204223028704,14.52309592424866,35.471694318753144,37.68867521367521,43.87636815920398,0.0160839204990277,0.0253807106598984,-1.9691520950181456,0.5958668197474167,3.618903971845148,0.8194983818770226,11.926666666666666,1.8121974830590517,0.0038670858903452,0.240431795878312,0.0,0.0,0.2266759846253681,0.141025641025641,0.0543433511733223,1.5903614457831323,0.0333470564018114,,0.0909305751086273,0.0657758843273947,-7.429674280879865,-223100000.0,-1050200000.0,-1586500000.0,524000000.0,411900000.0,3550000.0,-164000000.0,82.42280773981062,4.349897889720898,31.184479237576586,1.0919307709597663,20.690140845070424,2.8860510805500983,-0.1680963378422962,0.1116751269035533,2010-02-04,0.41,bmo,474233333.0,2025-04-24,2009-12-31,0.024390243902439,24.28765625,4846394.046875
2009-09-30,MCO,USD,1059556,2009-11-05,2009-11-05 00:00:00,2009,Q3,451800000.0,135100000.0,316700000.0,0.7009738822,0,0.0,0.0,124300000.0,16200000.0,140500000.0,275600000.0,0.0,11500000.0,16200000.0,191000000.0,0.4227534307,172500000.0,0.3818061089,-9800000.0,162700000.0,0.3601150952,61000000.0,100600000.0,0.222664896,0.43,0.42,236400000,238200000,https://www.sec.gov/Archives/edgar/data/1059556/000119312509224228/0001193125-09-224228-index.htm,https://www.sec.gov/Archives/edgar/data/1059556/000119312509224228/d10q.htm,1.9111675126903551,0.4255499153976311,0.5587986463620981,0.434010152284264,1.8168358714043995,-2.739001692047377,-4.6620135363790185,-2.739001692047377,5.467428087986463,4836744000.0,5695044000.0,12.019741550695825,10.705498007968128,36.61426192278577,47.14175438596491,-7.469874903474905,-7.469874903474905,12.60523240371846,29.81698429319372,43.111612414837246,55.507251461988304,0.0207991160995909,0.0212126174136981,-1.9783783783783784,0.6834916230925194,4.493717277486911,0.7456541628545288,15.0,1.2989183874139627,0.0048793155064646,0.2345924453280318,0.0,0.0,0.2425568242450112,0.2233156699470098,0.065294378043382,1.8209876543209875,0.0234617087206728,,0.0894968068720814,0.0708650324034939,-8.449555837563452,-305800000.0,-1102100000.0,-1625200000.0,427400000.0,393250000.0,0.0,-393250000.0,75.4780876494024,0.0,-252.41302738712068,1.1923990498812351,0.0,-0.3565584586962259,-0.1553667953667953,0.1247884940778341,2009-10-29,0.38,bmo,399265116.0,2025-04-24,2009-09-30,0.131578947368421,25.14265625,5698294.328125
2009-06-30,MCO,USD,1059556,2009-08-03,2009-07-31 21:49:38,2009,Q2,450700000.0,128000000.0,322700000.0,0.7159973375,0,0.0,0.0,116700000.0,15700000.0,132400000.0,260400000.0,7100000.0,13200000.0,15700000.0,208900000.0,0.4635012203,187200000.0,0.4153538939,-12600000.0,174600000.0,0.3873973819,63600000.0,111000000.0,0.2462835589,0.47,0.47,236100000,238100000,https://www.sec.gov/Archives/edgar/data/1059556/000119312509161143/0001193125-09-161143-index.htm,https://www.sec.gov/Archives/edgar/data/1059556/000119312509161143/d10q.htm,1.9089368911478184,0.4701397712833545,0.5607793307920372,0.4659042778483693,1.6844557390936044,-3.174502329521389,-5.085980516730199,-3.174502329521389,5.690808979246082,6221235000.0,7158835000.0,14.011790540540542,13.803494564011537,46.98817975830816,56.556681818181815,-8.300513675783856,-8.300513675783856,15.883814067006876,34.26919578745812,54.06975075528701,65.08031818181819,0.017842116557243,0.017681376768439,-1.7750500333555703,0.7099631783979935,4.488271900430828,0.6900620642096391,14.181818181818182,1.1831992850759607,0.0042756783821861,0.2396396396396396,0.0,0.0,0.2408346229788142,0.1691842900302115,0.0497004659418682,1.4267515923566878,0.0357222098957177,,0.1267145541720086,0.0780261493040911,-8.995340957221517,-404500000.0,-1200800000.0,-1722800000.0,314400000.0,405600000.0,0.0,-188000000.0,81.39338806301309,0.0,-286.59375,1.1057409224730128,0.0,-0.3140333660451423,-0.1480987324883255,0.0948750529436679,2009-07-29,0.4,bmo,419255813.0,2025-04-24,2009-06-30,0.0749999999999999,27.393809523809523,3443392.3492063493
2009-03-31,MCO,USD,1059556,2009-05-05,2009-05-04 20:54:53,2009,Q1,408900000.0,122400000.0,286500000.0,0.7006603081,0,0.0,0.0,110200000.0,15600000.0,125800000.0,248200000.0,8200000.0,11500000.0,15600000.0,168700000.0,0.4125703106,148900000.0,0.3641477134,-7300000.0,141600000.0,0.3462949376,50500000.0,90200000.0,0.2205918317,0.38,0.38,235400000,236500000,https://www.sec.gov/Archives/edgar/data/1059556/000119312509098358/0001193125-09-098358-index.htm,https://www.sec.gov/Archives/edgar/data/1059556/000119312509098358/d10q.htm,1.7370433305012745,0.3831775700934579,0.8160577740016992,0.7633814783347493,1.4804587935429057,-3.905267629566695,-5.778249787595582,-3.929056924384027,6.040781648258284,5395368000.0,6464168000.0,14.953902439024391,13.19483492296405,28.086246746486207,30.02430717863105,-5.833460914693481,-5.833460914693481,15.80867693812668,38.31753408417309,33.65001561686621,35.971997774067894,0.0167180440703951,0.033306347222284,-1.525029732944102,0.7826979634870429,6.335506816834617,0.6394532417089931,12.94782608695652,2.1297117516629718,0.0043555879784289,0.2605321507760532,0.0,0.0,0.2446590089340214,0.064549713690786,0.0303252629004646,0.7948717948717948,0.0354609929078014,,0.1460758456054019,0.0662650602409638,-8.727272727272727,-482700000.0,-1360200000.0,-1865300000.0,206600000.0,412700000.0,4300000.0,29050000.0,88.83345561261923,0.0,23.23529411764705,1.013131813676908,0.0,3.873417721518987,-0.0975240566547734,0.0526762956669498,2009-04-29,0.34,bmo,339087804.0,2025-04-24,2009-03-31,0.2058823529411763,20.912950819672133,5433999.196721312
2008-12-31,MCO,USD,1059556,2009-03-02,2009-02-27 20:20:20,2008,Q4,403700000.0,-194400000.0,598100000.0,1.4815457023,0,0.0,0.0,0.0,472500000.0,472500000.0,278100000.0,0.0,1100000.0,31200000.0,156800000.0,0.3884072331,125400000.0,0.310626703,-1100000.0,124300000.0,0.3079019074,35600000.0,88700000.0,0.2197176121,0.38,0.38,235400000,235400000,https://www.sec.gov/Archives/edgar/data/1059556/000119312509041352/0001193125-09-041352-index.htm,https://www.sec.gov/Archives/edgar/data/1059556/000119312509041352/d10k.htm,1.7149532710280373,0.3768054375531011,0.570518266779949,0.4898045879354291,1.074766355140187,-4.224299065420561,-6.144435004248089,-4.224299065420561,6.239592183517417,4729186000.0,5950986000.0,13.329160090191658,11.714604904632152,35.21359642591214,41.01635732870772,-4.755818584070797,-4.755818584070797,14.741109734951698,37.952716836734695,44.31113924050633,51.61306157849089,0.0187558704605824,0.0243805170699566,-1.4759654062751408,0.8276192624337431,7.792091836734694,0.580791041561984,114.0,1.5140924464487036,0.004969142681214,0.2649379932356257,0.0,0.0,0.254877636179091,0.1414743112434847,0.0470646519692841,0.6089743589743589,0.0,,0.0814981382078437,0.0671257756924474,-9.282922684791844,-584000000.0,-1446400000.0,-1958700000.0,115700000.0,385250000.0,108350000.0,27800000.0,94.03517463462968,-3.9814814814814814,-12.26851851851852,0.9570886676149836,-22.6046511627907,-7.335849056603774,-0.0891995172968624,0.0807136788445199,2009-02-05,0.28,bmo,305502702.0,2025-04-24,2008-12-31,0.3214285714285713,22.36359375,3828965.203125
2008-09-30,MCO,USD,1059556,2008-11-05,2008-11-04 21:52:34,2008,Q3,433400000.0,230800000.0,202600000.0,0.4674665436,0,0.0,0.0,230800000.0,14600000.0,14600000.0,245400000.0,0.0,5900000.0,14600000.0,202600000.0,0.4674665436,189800000.0,0.4379326257,-5900000.0,183900000.0,0.4243193355,70900000.0,113000000.0,0.2607291186,0.47,0.46,241300000,244600000,https://www.sec.gov/Archives/edgar/data/1059556/000119312508224656/0001193125-08-224656-index.htm,https://www.sec.gov/Archives/edgar/data/1059556/000119312508224656/d10q.htm,1.7961044343141317,0.4682967260671363,0.6369664318276005,0.5482801491918773,1.8474927476170744,-3.704102776626606,-4.808537090758392,-3.704102776626606,5.820555325321177,8204200000.0,9164200000.0,18.15088495575221,18.929856945085373,53.37800910865322,62.01209372637944,-9.17901096442157,-9.17901096442157,21.14490078449469,45.2329713721619,59.623942745608325,69.26832955404385,0.0137734331196216,0.0161258867409375,-1.5647795927500558,0.825473646933837,4.738400789733465,0.7349455477258168,32.16949152542373,1.3601769911504424,0.0029375198069281,0.2132743362831858,0.0,0.0,0.1572920970312223,0.1392322706571242,0.0493770189201661,1.4657534246575343,0.0,,0.106594771829466,0.0791427370780221,-7.7340447575632,-331000000.0,-1160300000.0,-1670300000.0,177600000.0,381950000.0,203500000.0,31700000.0,72.41116751269035,81.14818024263431,11.347487001733102,1.2429022082018928,1.109082172032677,7.9312714776632305,-0.1264264936227344,0.0886862826357231,2008-10-29,0.41,bmo,394875555.0,2025-04-24,2008-09-30,0.0975609756097561,36.3615625,5174029.375
2008-06-30,MCO,USD,1059556,2008-08-05,2008-08-04 21:30:50,2008,Q2,487600000.0,237300000.0,250300000.0,0.5133305989,0,0.0,0.0,237300000.0,16800000.0,16800000.0,254100000.0,5600000.0,12300000.0,16800000.0,258600000.0,0.5303527482,233700000.0,0.4792863002,-9900000.0,221400000.0,0.4540607055,86200000.0,135200000.0,0.2772764561,0.55,0.54,244600000,248100000,https://www.sec.gov/Archives/edgar/data/1059556/000119312508165344/0001193125-08-165344-index.htm,https://www.sec.gov/Archives/edgar/data/1059556/000119312508165344/d10q.htm,1.9934587080948487,0.552739165985282,0.2526573998364677,0.1508585445625511,1.605887162714636,-3.3597710547833195,-4.468928863450532,-3.3597710547833195,5.2710547833197055,8424023999.999999,9320924000.0,15.576967455621302,17.276505332239537,136.3110679611651,228.2933333333333,-10.25069846678024,-10.25069846678024,19.1159228876128,36.04378963650425,150.82401294498382,252.599566395664,0.0160493369914425,0.0043803294007709,-1.5539060598685812,0.7672434510934871,3.4682907965970613,0.7864897466827503,19.0,0.4571005917159763,0.0029083487891297,0.1812130177514793,0.0,0.0,0.1630016822879115,0.4029126213592233,0.0510664479081214,1.4821428571428572,0.0,,0.1384469451989824,0.0970497451726365,-7.215249386753884,-247800000.0,-1093100000.0,-1573400000.0,259200000.0,410300000.0,227700000.0,31600000.0,76.636587366694,75.43615676359039,13.008849557522124,1.174373795761079,1.1930618401206636,6.918367346938775,-0.1645169140910197,0.1017988552739166,2008-07-30,0.47,bmo,449356862.0,2025-04-24,2008-06-30,0.0851063829787234,38.195,4404801.84375
2008-03-31,MCO,USD,1059556,2008-05-08,2008-05-08 17:23:19,2008,Q1,430700000.0,219600000.0,211100000.0,0.4901323427,0,0.0,0.0,219600000.0,12500000.0,12500000.0,232100000.0,7000000.0,3100000.0,12500000.0,227700000.0,0.5286742512,199300000.0,0.4627350824,-2600000.0,196200000.0,0.4555374971,75500000.0,120700000.0,0.2802414674,0.49,0.48,247400000,251000000,https://www.sec.gov/Archives/edgar/data/1059556/000119312508108065/0001193125-08-108065-index.htm,https://www.sec.gov/Archives/edgar/data/1059556/000119312508108065/d10q.htm,1.7409054163298303,0.4878738884397736,0.7473726758286177,0.6701697655618432,1.4130962004850445,-3.649959579628133,-4.757881972514147,-3.649959579628133,4.857720291026677,8616942000.0,9475942000.0,17.84785004142502,20.00683074065475,46.60325581395348,51.97190591073583,-9.542571428571428,-9.542571428571428,22.00125841653123,41.61590689503733,51.24901027582477,57.15284680337757,0.0140072893608892,0.0192411646730359,-1.3274640088593577,0.7554197126291908,3.772507685551164,0.6467152177211348,64.29032258064517,1.531897265948633,0.0028664461243907,0.2046396023198011,0.0,0.0,0.1727375850768843,0.1032990805840995,0.0443464128163454,1.528,0.0260041792430926,,0.1413664067883585,0.0919478936543003,-7.363379143088117,-465700000.0,-1177100000.0,-1637300000.0,38600000.0,424500000.0,132300000.0,14450000.0,84.71325748781054,105.12295081967213,11.844262295081966,1.0624074987666503,0.856140350877193,7.598615916955017,-0.1336655592469545,0.0772029102667744,2008-04-23,0.35,bmo,314052083.0,2025-04-24,2008-03-31,0.3714285714285714,36.09967213114754,4645839.262295082
2007-12-31,MCO,USD,1059556,2008-02-29,2008-02-29 06:22:06,2007,Q4,504900000.0,-220200000.0,725100000.0,1.4361259655,0,0.0,0.0,451100000.0,463000000.0,463000000.0,242800000.0,0.0,19800000.0,11900000.0,274000000.0,0.5426817192,212100000.0,0.4200831848,-19800000.0,192300000.0,0.3808674985,65000000.0,127300000.0,0.2521291345,0.51,0.51,247400000,247400000,https://www.sec.gov/Archives/edgar/data/1059556/000119312508042583/0001193125-08-042583-index.htm,https://www.sec.gov/Archives/edgar/data/1059556/000119312508042583/d10k.htm,2.040824575586095,0.5145513338722716,0.8666127728375101,0.7210994341147938,1.782538399353274,-3.1673403395311235,-4.124494745351657,-3.1673403395311235,4.73605497170574,8832180000.0,9557780000.0,17.345208169677928,17.492929292929293,41.19486940298508,49.50773542600897,-11.271286370597243,-11.271286370597243,18.930045553574967,34.88240875912409,44.57919776119403,53.575,0.0144132026294753,0.0201988637006945,-1.4700102092904543,0.6718184999416773,2.648175182481752,0.7331010969463386,10.712121212121213,1.6842105263157894,0.0023210577682972,0.1610369206598586,0.0,0.0,0.1381080135308526,0.167910447761194,0.071301247771836,3.025210084033614,0.1786492374727669,,0.1530658806206167,0.0861415617810258,-6.970493128536782,-360100000.0,-1020400000.0,-1509100000.0,91300000.0,418350000.0,162750000.0,0.0,79.07308377896614,-3.310626702997276,0.0,1.1381875563570785,-27.185185185185187,0.0,-0.1624553343542623,0.1455133387227162,2008-02-07,0.47,bmo,395505000.0,2025-04-24,2007-12-31,0.2765957446808511,41.78640625,4481692.140625
2007-09-30,MCO,USD,1059556,2007-11-02,2007-11-02 17:01:30,2007,Q3,525000000.0,262900000.0,262100000.0,0.4992380952,0,0.0,0.0,262900000.0,11600000.0,11600000.0,274500000.0,0.0,9000000.0,11600000.0,262100000.0,0.4992380952,250500000.0,0.4771428571,-9000000.0,241500000.0,0.46,104600000.0,136900000.0,0.2607619048,0.52,0.51,262200000,267600000,https://www.sec.gov/Archives/edgar/data/1059556/000119312507233901/0001193125-07-233901-index.htm,https://www.sec.gov/Archives/edgar/data/1059556/000119312507233901/d10q.htm,2.002288329519451,0.5221205186880244,1.1178489702517165,0.9176201372997712,1.6235697940503433,-2.324561403508772,-3.2372234935163995,-2.324561403508772,3.848207475209763,13796964000.0,14375864000.0,25.19533235938641,26.27993142857143,47.07254861821904,57.34399002493765,-22.63652830188679,-22.63652830188679,27.38259809523809,54.84877527661198,49.04764244285227,59.75005818786367,0.0099224727990882,0.0174386191048987,-1.6406890894175554,0.6444960041247745,2.2086989698588324,0.8018051206483698,27.83333333333333,2.1409788166544925,0.0015075780439812,0.151935719503287,0.0,0.0,0.1542278937870585,0.1791197543500511,0.1,4.525862068965517,0.0,,0.1640123161862292,0.1043206583860397,-5.494183829138063,-215200000.0,-848800000.0,-1290500000.0,242500000.0,438550000.0,299900000.0,0.0,67.38857142857144,108.6572841384557,0.0,1.33553803103536,0.8282923755513547,0.0,-0.2246103363412633,0.200228832951945,2007-10-24,0.55,bmo,566176470.0,2025-04-24,2007-09-30,-0.0727272727272727,52.06079365079365,5390456.253968254
2007-06-30,MCO,USD,1059556,2007-08-03,2007-08-03 15:59:18,2007,Q2,646100000.0,273300000.0,372800000.0,0.5770004643,0,0.0,0.0,273300000.0,9100000.0,9100000.0,282400000.0,0.0,0.0,9100000.0,372800000.0,0.5770004643,363700000.0,0.5629159573,17800000.0,381500000.0,0.5904658722,119600000.0,261900000.0,0.4053552082,0.97,0.95,269600000,276000000,https://www.sec.gov/Archives/edgar/data/1059556/000119312507170649/0001193125-07-170649-index.htm,https://www.sec.gov/Archives/edgar/data/1059556/000119312507170649/d10q.htm,2.396513353115727,0.971439169139466,1.0801186943620178,0.8568249258160238,1.3909495548961424,-0.9862759643916914,-1.8816765578635013,-0.9862759643916914,2.633531157270029,16769120000.0,17117520000.0,16.00717831233295,25.954372388175205,57.58626373626374,72.59359307359307,-63.06551335088379,-63.06551335088379,26.493607800650057,45.91609442060086,58.78269230769231,74.10181818181819,0.0156179930729817,0.0137753203507399,-2.670176758179766,0.4570913538917144,0.934549356223176,0.8416613184193638,0.0,1.1118747613592974,0.0012880819029263,0.0824742268041237,0.0,0.0,0.1554110603231829,0.2067307692307692,0.0931744312026002,6.615384615384615,0.0,,0.2861337248859932,0.1996341184541504,-4.010385756676558,-172700000.0,-507300000.0,-901200000.0,231500000.0,491650000.0,282650000.0,0.0,67.41990403962235,92.9967069154775,0.0,1.334917355371901,0.9677762039660056,0.0,-0.984956750658142,0.223293768545994,2007-08-01,0.69,bmo,586590789.0,2025-04-24,2007-06-30,0.1014492753623189,66.47126984126983,3142088.0793650798
2007-03-31,MCO,USD,1059556,2007-05-03,2007-05-03 06:14:09,2007,Q1,583000000.0,268000000.0,315000000.0,0.5403087479,0,0.0,0.0,268000000.0,10300000.0,10300000.0,278300000.0,0.0,3300000.0,10300000.0,315000000.0,0.5403087479,304700000.0,0.5226415094,-3300000.0,301400000.0,0.5169811321,126000000.0,175400000.0,0.3008576329,0.63,0.62,277700000,284900000,https://www.sec.gov/Archives/edgar/data/1059556/000119312507100193/0001193125-07-100193-index.htm,https://www.sec.gov/Archives/edgar/data/1059556/000119312507100193/d10q.htm,2.099387828592006,0.6316168527187612,0.6672668347137198,0.5480734605689593,1.079582283039251,-0.2524306805905653,-1.1231544832553115,-0.2524306805905653,1.3802664746128916,17234062000.0,17324562000.0,24.563942417331816,29.560998284734133,93.00627091203454,113.23299605781864,-245.8496718972896,-245.8496718972896,29.71622984562607,54.99860952380952,93.49466810577442,113.82760840998688,0.0101775193799349,0.0088313480594418,-5.420827389443652,0.2585209878223008,0.2873015873015873,1.1372574385510996,92.33333333333331,1.056442417331813,0.0012939491571981,0.1271379703534777,0.0,0.0,0.164500986461664,0.1786292498650836,0.0567753001715265,3.2135922330097086,0.0363636363636363,,0.2282410065081791,0.1428222457454604,-3.117482895210659,106100000.0,-311900000.0,-660900000.0,466100000.0,487350000.0,145850000.0,0.0,77.07890222984562,95.00373134328358,0.0,1.1676346885639897,0.9473312124425592,0.0,-2.5021398002853066,0.1191933741447605,2007-04-25,0.58,bmo,545387096.0,2025-04-24,2007-03-31,0.0689655172413793,68.23639344262295,2412359.131147541
2006-12-31,MCO,USD,1059556,2007-03-01,2007-02-28 19:03:56,2006,Q4,590000000.0,-83000000.0,673000000.0,1.1406779661,0,0.0,0.0,166800000.0,209700000.0,209700000.0,126700000.0,0.0,4000000.0,11000000.0,474300000.0,0.8038983051,463300000.0,0.7852542373,0.0,463300000.0,0.7852542373,184700000.0,278600000.0,0.4722033898,1.0,1.0,275500000,277700000,https://www.sec.gov/Archives/edgar/data/1059556/000119312507043002/0001193125-07-043002-index.htm,https://www.sec.gov/Archives/edgar/data/1059556/000119312507043002/d10k.htm,2.1415607985480944,1.011252268602541,0.6653357531760435,0.6294010889292196,1.7549909255898366,0.6076225045372051,-0.27005444646098,0.6076225045372051,1.103448275862069,19026030000.0,18917930000.0,17.072891241923905,32.24750847457627,103.79721767594108,109.72335640138408,113.65609318996415,113.65609318996415,32.06428813559322,39.88600042167405,103.2074740861975,109.09994232987312,0.0146430968520495,0.0091138298425893,1.7921146953405018,0.2003071376110035,-0.2279148218427155,1.4312857142857145,115.825,0.657932519741565,0.0010301676177321,0.0703517587939698,0.0,0.0,0.1614475529144688,0.0540098199672667,0.0167796610169491,0.9,0.1306779661016949,3.718244453201288,0.3492541055534662,0.2218329484831595,-1.779491833030853,301900000.0,-74400000.0,-328400000.0,605700000.0,417500000.0,115800000.0,0.0,72.5186440677966,-9.542168674698797,0.0,1.2410601598653763,-9.431818181818182,0.0,1.6642771804062126,0.0359346642468239,2007-02-07,0.59,bmo,543906249.0,2025-04-24,2006-12-31,0.0847457627118644,67.11142857142858,1100655.5555555555
2006-09-30,MCO,USD,1059556,2006-11-02,2006-11-02 16:11:51,2006,Q3,495500000.0,216900000.0,278600000.0,0.5622603431,0,0.0,0.0,190500000.0,9800000.0,9800000.0,226700000.0,0.0,3100000.0,9800000.0,278600000.0,0.5622603431,268800000.0,0.5424823411,-3100000.0,265700000.0,0.5362260343,108700000.0,157000000.0,0.316851665,0.56,0.55,280700000,287900000,https://www.sec.gov/Archives/edgar/data/1059556/000119312506222101/0001193125-06-222101-index.htm,https://www.sec.gov/Archives/edgar/data/1059556/000119312506222101/d10q.htm,1.7652297826861418,0.5593159957249733,0.8785179907374421,0.8489490559315995,1.049519059494122,0.137869611685073,-0.6391164944780905,0.137869611685073,1.0798004987531171,18352166000.0,18370566000.0,29.22319426751592,37.03767103935419,74.42078669910786,77.01286613512379,474.2161757105943,474.2161757105943,37.07480524722502,65.93885857860732,74.49540145985401,77.09007973143098,0.0085548485121592,0.0129848433149525,7.751937984496124,0.2596952908587258,0.0660445082555635,1.2948791166952218,86.70967741935483,1.5707006369426753,0.0010679938269956,0.1248407643312101,0.0,0.0,0.1887984764542936,0.0336577453365774,0.0167507568113017,0.8469387755102041,0.0,1.317207379514202,0.2521539373688902,0.1675381496105004,-1.9672247951549693,154900000.0,-179400000.0,-436300000.0,435800000.0,392100000.0,207500000.0,0.0,65.31584258324924,92.448132780083,0.0,1.3779199110122358,0.9735188509874326,0.0,4.056847545219639,0.0295689348058425,2006-10-25,0.52,bmo,468472727.0,2025-04-24,2006-09-30,0.0576923076923077,58.34857142857143,1304006.349206349
2006-06-30,MCO,USD,1059556,2006-08-03,2006-08-03 17:25:59,2006,Q2,511400000.0,213000000.0,298400000.0,0.5834962847,0,0.0,0.0,213000000.0,9300000.0,9300000.0,222300000.0,0.0,0.0,9300000.0,298400000.0,0.5834962847,289100000.0,0.5653109112,700000.0,289800000.0,0.5666797028,117700000.0,172100000.0,0.3365271803,0.6,0.59,286400000,293700000,https://www.sec.gov/Archives/edgar/data/1059556/000119312506161105/0001193125-06-161105-index.htm,https://www.sec.gov/Archives/edgar/data/1059556/000119312506161105/d10q.htm,1.785614525139665,0.6009078212290503,0.6372206703910615,0.615572625698324,0.8041201117318436,0.0719273743016759,-0.6983240223463687,0.0719273743016759,1.047486033519553,15597344000.0,15674144000.0,22.657385241138872,30.49930387172468,85.46489863013699,88.47047078842881,757.1526213592233,757.1526213592233,30.64947985921001,52.52729222520107,85.88572054794521,88.90609188882587,0.0110339298793435,0.0113032064946442,14.563106796116504,0.2652285385907523,0.257372654155496,1.2896983494593055,0.0,1.0604299825682744,0.0012758582486864,0.115630447414294,0.0,0.0,0.1950313853770665,0.033972602739726,0.0121235823230348,0.6666666666666666,0.0,0.9861484371091384,0.2842455290015037,0.1890170236133992,-1.9614175977653632,152700000.0,-200000000.0,-430700000.0,433300000.0,423700000.0,198700000.0,0.0,74.72428627297614,81.21126760563381,0.0,1.204427696655676,1.1082206035379814,0.0,8.354368932038835,0.0216480446927374,2006-08-02,0.56,bmo,493765517.0,2025-04-24,2006-06-30,0.0357142857142855,58.96952380952381,2267741.26984127
2006-03-31,MCO,USD,1059556,2006-05-02,2006-05-01 20:21:36,2006,Q1,440200000.0,0.0,440200000.0,1.0,0,0.0,0.0,192500000.0,9400000.0,201900000.0,201900000.0,0.0,0.0,9400000.0,247700000.0,0.5626987733,238300000.0,0.5413448433,3400000.0,241700000.0,0.5490686052,95500000.0,146200000.0,0.3321217628,0.5,0.49,290500000,299500000,https://www.sec.gov/Archives/edgar/data/1059556/000119312506095539/0001193125-06-095539-index.htm,https://www.sec.gov/Archives/edgar/data/1059556/000119312506095539/d10q.htm,1.5153184165232358,0.5032702237521515,0.4822719449225473,0.4592082616179002,2.082616179001721,1.3156626506024096,0.5487091222030981,1.3156626506024096,1.032702237521515,20759130000.0,20563230000.0,35.49782831737346,47.15840527033167,148.17366167023553,155.61566716641678,54.31483516483516,54.31483516483516,46.71338028169014,83.01667339523617,146.77537473233406,154.14715142428787,0.0070426843514154,0.0064260881838497,0.7849293563579278,0.1996805111821086,-0.7908760597496972,1.9320123613888385,0.0,0.9582763337893296,0.0009827001420579,0.1395348837209302,0.0,0.0,0.1482960596379126,0.0478229835831548,0.0152203543843707,0.7127659574468085,0.0315765561108587,3.8597942072600224,0.1513634368478623,0.1142544545170365,-0.6819277108433734,512700000.0,159400000.0,-57400000.0,793800000.0,422300000.0,242500000.0,0.0,86.44252612448886,0.0,0.0,1.0411542100283822,0.0,0.0,0.3825222396650968,0.0230636833046471,2006-04-26,0.49,bmo,440200000.0,2025-04-24,2006-03-31,0.0,65.99741935483871,1325629.0322580645
2005-12-31,MCO,USD,1059556,2006-03-01,2006-03-01 06:10:29,2005,Q4,473200000.0,98200000.0,375000000.0,0.792476754,0,0.0,0.0,-231200000.0,9100000.0,-222100000.0,230800000.0,0.0,0.0,9100000.0,251500000.0,0.531487743,242400000.0,0.5122569738,1500000.0,243900000.0,0.5154268808,93800000.0,150100000.0,0.3172020287,0.52,0.52,290500000,290500000,https://www.sec.gov/Archives/edgar/data/1059556/000119312506041923/0001193125-06-041923-index.htm,https://www.sec.gov/Archives/edgar/data/1059556/000119312506041923/d10k.htm,1.6289156626506025,0.5166953528399312,0.5562822719449225,0.5125645438898451,1.9982788296041307,1.0650602409638554,0.2977624784853701,1.0650602409638554,1.032702237521515,17842510000.0,17656510000.0,29.717704863424384,37.7060650887574,110.41157178217824,119.82881128274008,57.66809954751131,57.66809954751131,37.31299661876585,70.20481113320079,109.26058168316833,118.57965077233042,0.0084124935337012,0.0083452384221726,0.9696186166774402,0.2058742794400219,-0.7395626242544732,1.8168941095180515,0.0,1.0766155896069287,0.0008911302277538,0.1059293804130579,0.0,0.0,0.1529645896239363,0.078589108910891,0.0268385460693153,1.3956043956043955,0.1158072696534235,3.5188084250941443,0.1698472910950218,0.1216073888033703,-0.863855421686747,472900000.0,86500000.0,-96000000.0,751200000.0,379300000.0,262150000.0,0.0,80.22400676246829,256.4358452138493,0.0,1.1218587008060692,0.3509649749821301,0.0,0.4851325145442792,0.0437177280550774,2006-02-03,0.46,bmo,435344000.0,2025-04-24,2005-12-31,0.0869565217391303,56.39952380952381,1247331.746031746
2005-09-30,MCO,USD,1059556,2005-11-01,2005-11-01 17:26:38,2005,Q3,421100000.0,0.0,421100000.0,1.0,0,0.0,0.0,180400000.0,8800000.0,189200000.0,189200000.0,0.0,0.0,8800000.0,240700000.0,0.5715981952,231900000.0,0.5507005462,2700000.0,234600000.0,0.5571123249,88000000.0,146600000.0,0.3481358347,0.49,0.48,299600000,307700000,https://www.sec.gov/Archives/edgar/data/1059556/000095012305012910/0000950123-05-012910-index.htm,https://www.sec.gov/Archives/edgar/data/1059556/000095012305012910/y14088e10vq.htm,1.4055407209612818,0.4893190921228304,0.6698931909212283,0.6468624833110814,2.7316421895861147,1.6608811748998664,1.0016688918558077,1.6608811748998664,1.0013351134846462,15303568000.0,14866868000.0,26.0974897680764,36.34188553787699,76.25096163428002,78.96577915376677,30.75475884244373,30.75475884244373,35.30483970553313,61.76513502285002,74.07507722969606,76.71242518059856,0.0095794653900319,0.012663713455581,0.6028938906752411,0.1929136389942769,-1.8142916493560448,2.368525108738632,0.0,1.369031377899045,0.0010847143620363,0.1132332878581173,0.0,0.0,0.1270014790045656,0.0343796711509716,0.0163856566136309,0.7840909090909091,0.0,4.276186331777745,0.1381042482834129,0.1079846788450206,0.045060080106809,692200000.0,300100000.0,140500000.0,936900000.0,358100000.0,248100000.0,0.0,71.9829019235336,0.0,0.0,1.2502969121140142,0.0,0.0,0.2946141479099678,0.0230307076101468,2005-10-26,0.43,bmo,411529545.0,2025-04-24,2005-09-30,0.0232558139534883,48.25515625,1027326.5625
2005-06-30,MCO,USD,1059556,2005-07-29,2005-07-29 07:31:54,2005,Q2,446800000.0,185300000.0,261500000.0,0.5852730528,0,0.0,0.0,0.0,8700000.0,8700000.0,194000000.0,0.0,3900000.0,8700000.0,261500000.0,0.5852730528,252800000.0,0.5658012534,-3900000.0,248900000.0,0.5570725157,103500000.0,145400000.0,0.3254252462,0.48,0.47,300400000,307700000,https://www.sec.gov/Archives/edgar/data/1059556/000095012305009100/0000950123-05-009100-index.htm,https://www.sec.gov/Archives/edgar/data/1059556/000095012305009100/y11147e10vq.htm,1.4873501997336884,0.4840213049267643,0.6294940079893475,0.6088548601864181,3.0985352862849536,2.1374833555259656,1.4747003994673769,2.1374833555259656,1.0116511318242345,13505984000.0,12875184000.0,23.222118294360385,30.22825425246195,71.42244315177156,73.8435429196282,21.03408191870425,21.03408191870425,28.81643688451209,49.23588527724665,68.08664198836594,70.39466375068343,0.0107655984191895,0.0135421454667797,0.4672169444011836,0.1739836455373195,-2.4122370936902486,1.6255929791271346,64.82051282051282,1.3005502063273728,0.0012290848263999,0.1141678129298486,0.0,0.0,0.1154671460882677,0.0327868852459016,0.013876454789615,0.7126436781609196,0.0,4.824750601587675,0.1250345138965355,0.0953317597692106,0.4432423435419441,527500000.0,443000000.0,288500000.0,772300000.0,372000000.0,244850000.0,0.0,76.42345568487019,122.25040474905558,0.0,1.1776489193463364,0.7361938816050854,0.0,0.226444479053107,0.0206391478029294,2005-07-29,0.44,bmo,401208163.0,2025-04-24,2005-06-30,0.1136363636363636,42.7440625,1132187.5
2005-03-31,MCO,USD,1059556,2005-05-10,2005-05-10 17:18:38,2005,Q1,390500000.0,169400000.0,221100000.0,0.5661971831,0,0.0,0.0,169400000.0,8600000.0,8600000.0,178000000.0,0.0,5200000.0,8600000.0,221100000.0,0.5661971831,212500000.0,0.5441741357,-5200000.0,207300000.0,0.5308578745,88600000.0,118700000.0,0.3039692702,0.4,0.39,299000000,306100000,https://www.sec.gov/Archives/edgar/data/1059556/000095012305006051/0000950123-05-006051-index.htm,https://www.sec.gov/Archives/edgar/data/1059556/000095012305006051/y08792e10vq.htm,1.306020066889632,0.3969899665551839,0.5234113712374582,0.5050167224080268,2.59866220735786,1.6548494983277593,0.982943143812709,1.6548494983277593,1.0207357859531772,12088570000.0,11611570000.0,25.46034119629318,30.95664532650448,77.24325878594249,80.05675496688741,24.43122473726758,24.43122473726758,29.735134443021767,52.51727725011307,74.19533546325879,76.89781456953642,0.0098191928408405,0.0124911383232259,0.6063055780113177,0.1924310455420141,-2.1573948439620083,1.442954627080091,40.86538461538461,1.3184498736310026,0.0009264950279478,0.0943555181128896,0.0,0.0,0.1288646568313021,0.0351437699680511,0.0140845070422535,0.6395348837209303,0.0432778489116517,3.844680683410197,0.1188605260346667,0.087401516824976,-0.0459866220735785,370000000.0,293900000.0,141100000.0,615700000.0,361500000.0,260900000.0,0.0,84.03072983354673,126.44628099173552,0.0,1.0710367526055953,0.711764705882353,0.0,0.2398949070331447,0.0183946488294314,2005-04-27,0.38,bmo,370975000.0,2025-04-24,2005-03-31,0.0526315789473684,42.13016393442623,1277872.1311475409
2004-12-31,MCO,USD,1059556,2005-03-08,2005-03-08 17:12:58,2004,Q4,391600000.0,375400000.0,16200000.0,0.0413687436,0,0.0,0.0,-198800000.0,8800000.0,-190000000.0,185400000.0,0.0,200000.0,8800000.0,215000000.0,0.5490296221,206200000.0,0.526557712,-200000.0,206000000.0,0.5260469867,83400000.0,122600000.0,0.3130745659,0.41,0.41,297000000,299000000,https://www.sec.gov/Archives/edgar/data/1059556/000095012305002773/0000950123-05-002773-index.htm,https://www.sec.gov/Archives/edgar/data/1059556/000095012305002773/y06374e10vk.htm,1.3185185185185184,0.4127946127946127,0.476094276094276,0.4531986531986532,2.0407407407407407,1.069023569023569,0.3875420875420875,1.069023569023569,1.0107744107744108,12898710000.0,12592610000.0,26.30242659053834,32.93848314606742,91.22142857142858,95.82994056463596,40.62585826771654,40.62585826771654,32.15681818181818,58.57027906976744,89.0566478076379,93.55579494799406,0.0095048264516374,0.010435152042336,0.9448818897637796,0.2180232558139535,-1.4237209302325582,1.2214524605828954,1031.0,1.1533442088091357,0.0008760565979078,0.0921696574225122,0.0,0.0,0.1470930232558139,0.048090523338048,0.017364657814096,0.7727272727272727,0.0709908069458631,3.1510254411027026,0.1463030867026866,0.1044648943421949,-0.6181818181818182,185400000.0,115100000.0,-35900000.0,433000000.0,321950000.0,260200000.0,0.0,82.36976506639428,68.03942461374534,0.0,1.0926339285714286,1.3227625088090205,0.0,0.3861417322834645,0.0228956228956228,2005-02-16,0.37,bmo,353395121.0,2025-04-24,2004-12-31,0.108108108108108,39.77390625,1023012.5
2004-09-30,MCO,USD,1059556,2004-11-03,2004-11-03 17:26:18,2004,Q3,357900000.0,0.0,357900000.0,1.0,0,0.0,0.0,151800000.0,8300000.0,160100000.0,160100000.0,0.0,3500000.0,8300000.0,206100000.0,0.5758591785,197800000.0,0.5526683431,-3500000.0,194300000.0,0.5428890752,98800000.0,95500000.0,0.2668343113,0.32,0.32,295200000,301300000,https://www.sec.gov/Archives/edgar/data/1059556/000095012304012947/0000950123-04-012947-index.htm,https://www.sec.gov/Archives/edgar/data/1059556/000095012304012947/y68310e10vq.htm,1.2123983739837398,0.3235094850948509,0.5040650406504065,0.4935636856368564,1.5277777777777777,0.4996612466124661,-0.1775067750677506,0.4996612466124661,1.0291327913279134,10813176000.0,10662476000.0,28.306743455497383,30.21284157585918,72.66919354838711,74.2153466026081,73.30966779661017,73.30966779661017,29.79177423861414,51.734478408539545,71.6564247311828,73.18102951269732,0.0088318177749072,0.0134743020921882,2.0359322033898306,0.2648148148148148,-0.7311984473556526,1.6776455588610284,56.51428571428571,1.5581151832460731,0.0010172774400416,0.1151832460732984,0.0,0.0,0.1762786596119929,0.0208333333333333,0.0086616373288628,0.3734939759036144,0.0,1.9070962046531976,0.1465485045534234,0.1022374478107269,-1.0886686991869918,318900000.0,-52400000.0,-197000000.0,563000000.0,290650000.0,209250000.0,0.0,71.79379715004191,0.0,0.0,1.2535901926444837,0.0,0.0,0.6474576271186441,0.0105013550135501,2004-10-27,0.32,bmo,301389473.0,2025-04-24,2004-09-30,0.1875,34.14265625,1025062.5
2004-06-30,MCO,USD,1059556,2004-08-09,2004-08-09 11:49:58,2004,Q2,357600000.0,0.0,357600000.0,1.0,0,0.0,0.0,149400000.0,8700000.0,158100000.0,158100000.0,0.0,6400000.0,8700000.0,208200000.0,0.5822147651,199500000.0,0.557885906,-6400000.0,193100000.0,0.5399888143,89600000.0,103500000.0,0.2894295302,0.35,0.34,297800000,304200000,https://www.sec.gov/Archives/edgar/data/1059556/000095012304009425/0000950123-04-009425-index.htm,https://www.sec.gov/Archives/edgar/data/1059556/000095012304009425/y99706e10vq.htm,1.200805910006716,0.3475486903962391,0.4133646742780389,0.3972464741437206,1.115849563465413,0.2085292142377434,-0.4667562122229684,0.2085292142377434,1.0288784419073205,9627874000.0,9595574000.0,23.255734299516902,26.923585011185683,78.21181153533712,81.38524091293323,155.03822866344603,155.03822866344603,26.83326062639821,46.08825168107589,77.94942323314379,81.11220625528318,0.0107500368201744,0.0122872401529143,4.830917874396135,0.2996105063417557,-0.1551392891450528,1.5229123051872528,31.171875,1.1893719806763283,0.0011632890085599,0.1082125603864734,0.0,0.0,0.2008389094177569,0.0389926888708367,0.0134228187919463,0.5517241379310345,0.0,1.276975428364971,0.1871374640715464,0.1293426643339165,-1.292981867024849,224800000.0,-139000000.0,-284500000.0,472200000.0,288650000.0,170300000.0,0.0,74.4463087248322,0.0,0.0,1.208924949290061,0.0,0.0,1.6666666666666667,0.0161182001343183,2004-07-28,0.36,bmo,338778947.0,2025-04-24,2004-06-30,0.0555555555555556,32.877903225806456,1286812.9032258063
2004-03-31,MCO,USD,1059556,2004-05-07,2004-05-07 17:28:25,2004,Q1,331200000.0,0.0,331200000.0,1.0,0,0.0,0.0,140000000.0,8300000.0,148300000.0,148300000.0,0.0,5000000.0,8300000.0,191200000.0,0.577294686,182900000.0,0.5522342995,-5000000.0,177900000.0,0.5371376812,74400000.0,103500000.0,0.3125,0.35,0.34,298200000,306200000,https://www.sec.gov/Archives/edgar/data/1059556/000095012304005975/0000950123-04-005975-index.htm,https://www.sec.gov/Archives/edgar/data/1059556/000095012304005975/y97170e10vq.htm,1.1106639839034205,0.3470824949698189,0.3568075117370892,0.3346747149564051,1.2344064386317908,0.3340040241448692,-0.3467471495640509,0.3340040241448692,1.02280348759222,10556280000.0,10488180000.0,25.49826086956521,31.87282608695652,99.21315789473684,105.7743486973948,105.9867469879518,105.9867469879518,31.667210144927537,54.85449790794979,98.57312030075188,105.09198396793587,0.0098045902533847,0.0094540879931187,3.0120481927710845,0.2839564600094652,-0.3561715481171548,1.654501216545012,36.58,1.0280193236714976,0.001060979814859,0.1082125603864734,0.0,0.0,0.1921438712730714,0.0620300751879699,0.019927536231884,0.7951807228915663,0.0157004830917874,1.6150406730725448,0.1648473084514272,0.1212653778558875,-1.2665157612340712,269000000.0,-103400000.0,-276900000.0,520000000.0,275900000.0,193550000.0,0.0,76.4945652173913,0.0,0.0,1.1765541740674956,0.0,0.0,1.039156626506024,0.0221327967806841,2004-04-28,0.31,bmo,301976470.0,2025-04-24,2004-03-31,0.0967741935483871,32.58048387096774,1059612.9032258063
2003-12-31,MCO,USD,1059556,2004-03-12,2004-03-12 17:11:39,2003,Q4,350700000.0,347300000.0,3400000.0,0.0096948959,0,0.0,0.0,-181500000.0,8800000.0,-172700000.0,174600000.0,0.0,3100000.0,8800000.0,184900000.0,0.5272312518,176100000.0,0.50213858,-3100000.0,173000000.0,0.4932991161,87500000.0,85500000.0,0.243798118,0.29,0.29,298200000,298200000,https://www.sec.gov/Archives/edgar/data/1059556/000095012304003262/0000950123-04-003262-index.htm,https://www.sec.gov/Archives/edgar/data/1059556/000095012304003262/y95090e10vk.htm,1.176056338028169,0.2867203219315895,0.4574111334674715,0.4399731723675386,0.9024144869215291,-0.107645875251509,-0.7910798122065728,-0.107645875251509,1.016431924882629,9029496000.0,9060396000.0,26.4020350877193,25.747065868263476,66.19865102639297,68.8223780487805,-281.29271028037385,-281.29271028037385,25.8351753635586,49.00160086533261,66.42519061583577,69.05789634146342,0.0094689670386918,0.0145301576079107,-9.345794392523365,0.3186743148502231,0.1671173607355327,1.316824809071974,56.80645161290322,1.5953216374269006,0.0007420126217454,0.0783625730994152,0.0,0.0,0.2164860845549182,0.0381231671554252,0.01482748788138,0.5909090909090909,0.0307955517536355,,0.1708856880519448,0.1159164859002169,-1.682344064386318,136900000.0,-235900000.0,-404500000.0,387500000.0,239050000.0,202000000.0,0.0,69.36698032506416,59.18802188309819,0.0,1.2974472807991122,1.5205779334500875,0.0,-2.663551401869159,0.0174379610999329,2004-02-04,0.28,bmo,350700000.0,2025-04-24,2003-12-31,0.0,28.84359375,957656.25
2003-09-30,MCO,USD,1059556,2003-11-12,2003-11-12 12:39:06,2003,Q3,305000000.0,0.0,305000000.0,1.0,0,0.0,0.0,135700000.0,8100000.0,143800000.0,143800000.0,0.0,7400000.0,8100000.0,169300000.0,0.5550819672,161200000.0,0.5285245902,-7400000.0,153800000.0,0.5042622951,68200000.0,85600000.0,0.2806557377,0.29,0.28,298800000,307000000,https://www.sec.gov/Archives/edgar/data/1059556/000095012303012516/0000950123-03-012516-index.htm,https://www.sec.gov/Archives/edgar/data/1059556/000095012303012516/y91070e10vq.htm,1.0207496653279786,0.286479250334672,0.5097054886211513,0.4966532797858099,0.6020749665327979,-0.3018741633199464,-0.9899598393574296,-0.3018741633199464,1.0287817938420347,8214012000.0,8334112000.0,23.98952102803738,26.9311868852459,53.93310571240971,55.35048517520216,-91.06443458980044,-91.06443458980044,27.32495737704918,49.22688718251624,54.72168089297439,56.15978436657682,0.0104212168182856,0.0180666889700185,-3.3259423503325944,0.3811944091486658,0.70939161252215,1.2169444444444444,21.783783783783782,1.7792056074766356,0.0008278536724806,0.0794392523364486,0.0,0.0,0.2612452350698856,0.0256073539067629,0.0127868852459016,0.4814814814814814,0.0,,0.2101138069758164,0.1472308221534227,-1.8120816599732263,78100000.0,-295800000.0,-439100000.0,330800000.0,222500000.0,162700000.0,0.0,61.31803278688525,0.0,0.0,1.467757459095284,0.0,0.0,-0.9490022172949002,0.0130522088353413,2003-10-28,0.26,bmo,283214285.0,2025-04-24,2003-09-30,0.0769230769230769,26.4309375,1157296.875
2003-06-30,MCO,USD,1059556,2003-08-14,2003-08-14 12:05:21,2003,Q2,312700000.0,0.0,312700000.0,1.0,0,0.0,0.0,128100000.0,7900000.0,136000000.0,136000000.0,0.0,4200000.0,7900000.0,184600000.0,0.590342181,176700000.0,0.5650783499,-4200000.0,172500000.0,0.551646946,71600000.0,100900000.0,0.322673489,0.34,0.33,297600000,306000000,https://www.sec.gov/Archives/edgar/data/1059556/000095012303009454/0000950123-03-009454-index.htm,https://www.sec.gov/Archives/edgar/data/1059556/000095012303009454/y89175e10vq.htm,1.050739247311828,0.3390456989247312,0.344758064516129,0.3293010752688172,0.2728494623655914,-0.46875,-1.164986559139785,-0.46875,1.0221774193548387,7844736000.0,8063536000.0,19.436907829534192,25.087099456347936,76.45941520467835,80.04832653061224,-56.23466666666666,-56.23466666666666,25.78681164055005,43.68112676056338,78.59196881091619,82.28097959183674,0.012862128183791,0.0124924535382707,-2.150537634408602,0.4161464835622139,1.1852654387865655,1.053729637039154,42.07142857142857,1.016848364717542,0.0008413285035978,0.0654112983151635,0.0,0.0,0.287418504646969,0.0448343079922027,0.0147105852254557,0.5822784810126582,0.0,,0.2785894761514121,0.1964181428849523,-2.020497311827957,18800000.0,-346700000.0,-491700000.0,274400000.0,230200000.0,152800000.0,0.0,68.26990725935401,0.0,0.0,1.3182967959527825,0.0,0.0,-0.7232974910394265,0.0154569892473118,2003-07-22,0.28,bmo,265321212.0,2025-04-24,2003-06-30,0.1785714285714285,25.213492063492065,1189612.6984126985
2003-03-31,MCO,USD,1059556,2003-05-15,2003-05-15 15:39:29,2003,Q1,278200000.0,0.0,278200000.0,1.0,0,0.0,0.0,121300000.0,7800000.0,129100000.0,129100000.0,0.0,0.0,7800000.0,156900000.0,0.5639827462,149100000.0,0.535945363,8000000.0,157100000.0,0.5647016535,65200000.0,91900000.0,0.3303378864,0.31,0.3,296200000,303000000,https://www.sec.gov/Archives/edgar/data/1059556/000095012303006096/0000950123-03-006096-index.htm,https://www.sec.gov/Archives/edgar/data/1059556/000095012303006096/y86247e10vq.htm,0.9392302498311952,0.3102633355840648,0.2602970965563808,0.2461174881836597,0.1951384199864956,-0.9179608372721134,-1.6222147197839298,-0.9179608372721134,1.327143821742066,6848144000.0,7183444000.0,18.629336235038085,24.61590222861251,88.82158236057069,93.93887517146776,-25.186259654284665,-25.186259654284665,25.821150251617546,45.78358189929891,93.17047989623865,98.53832647462276,0.0134196944456775,0.0106452200771479,-1.4457521147480692,0.5739524018104832,2.137029955385596,0.7321981424148607,0.0,0.8389553862894451,0.0009783672773236,0.0729053318824809,0.0,0.0,0.3045700102204701,0.0544747081712062,0.01509705248023,0.5384615384615384,0.007548526240115,,0.2677107987428682,0.1929456225068234,-2.469952734638757,-121100000.0,-480500000.0,-625700000.0,136800000.0,200650000.0,170350000.0,0.0,72.20704529115744,0.0,0.0,1.246415770609319,0.0,0.0,-0.3379919087899963,0.0141796083727211,2003-04-22,0.25,bmo,248392857.0,2025-04-24,2003-03-31,0.1200000000000001,21.74360655737705,1451934.426229508
2002-12-31,MCO,USD,1059556,2003-03-21,2003-03-21 15:24:44,2002,Q4,271900000.0,285300000.0,-13400000.0,-0.0492828246,0,324900000.0,0.0,-149600000.0,7200000.0,-142400000.0,142900000.0,0.0,4200000.0,7200000.0,136200000.0,0.5009194557,129000000.0,0.474439132,-4200000.0,124800000.0,0.4589922766,55000000.0,69800000.0,0.2567120265,0.24,0.24,296200000,296200000,https://www.sec.gov/Archives/edgar/data/1059556/000095012303003112/0000950123-03-003112-index.htm,https://www.sec.gov/Archives/edgar/data/1059556/000095012303003112/y83456e10vk.htm,0.9179608372721134,0.2356515867656988,0.3092505064145847,0.2930452397029034,0.1347062795408507,-1.1039837947332882,-1.8153274814314653,-1.1039837947332882,1.4848075624577988,6113568000.0,6509268000.0,21.8967335243553,22.484619345347557,66.74200873362446,70.43281105990783,-18.69592660550459,-18.69592660550459,23.93993379919088,47.79198237885463,71.06187772925765,74.9915668202765,0.0114172280409737,0.0141979282801794,-1.3321100917431192,0.6905516804058338,2.905286343612335,0.5893939393939394,30.714285714285715,1.3123209169054442,0.0010959230354516,0.0959885386819484,1.1949246046340567,0.0,0.3340202916930881,0.0524017467248908,0.0176535490989334,0.6666666666666666,0.0,,0.2615043075807846,0.1661509164484646,-2.6479574611748817,-189700000.0,-537700000.0,-685500000.0,71600000.0,164900000.0,175050000.0,0.0,58.95182052225083,58.32807570977918,0.0,1.526670409882089,1.5429962141698217,0.0,-0.2134556574923547,0.0162052667116812,2003-02-05,0.21,bmo,248256521.0,2025-04-24,2002-12-31,0.0952380952380953,22.37546875,1752434.375
2002-09-30,MCO,USD,1059556,2002-11-14,2002-11-14 16:29:12,2002,Q3,248300000.0,0.0,248300000.0,1.0,0,113800000.0,0.0,113800000.0,7100000.0,120900000.0,120900000.0,0.0,5900000.0,7100000.0,134500000.0,0.5416834474,127400000.0,0.5130890052,-5900000.0,121500000.0,0.4893274265,53700000.0,67800000.0,0.2730567861,0.22,0.21,310400000,318800000,https://www.sec.gov/Archives/edgar/data/1059556/000095012302010946/0000950123-02-010946-index.htm,https://www.sec.gov/Archives/edgar/data/1059556/000095012302010946/y65585e10vq.htm,0.7999355670103093,0.2184278350515464,0.4014175257731959,0.3798324742268041,0.2251932989690721,-0.5815077319587629,-1.2654639175257731,-0.5815077319587629,0.9855025773195876,7527200000.0,7757300000.0,27.755162241887906,30.31494160289972,60.41091492776886,63.84393553859203,-41.70193905817174,-41.70193905817174,31.241643173580343,57.675092936802976,62.25762439807384,65.79558948261239,0.0090073334041874,0.0156631948134764,-1.6620498614958448,0.4728877679697352,1.7107806691449814,0.8692165330043183,21.59322033898305,1.837758112094395,0.0009565309809756,0.1061946902654867,0.4583165525573902,0.0,0.3346469104665825,0.0537720706260032,0.026983487716472,0.943661971830986,0.0,,0.2291822878111294,0.1606254442075337,-2.033585695876289,-42400000.0,-392800000.0,-533100000.0,215600000.0,164650000.0,169150000.0,0.0,54.98590414820781,0.0,0.0,1.636783124588003,0.0,0.0,-0.3756232686980609,0.0215850515463917,2002-10-22,0.2,bmo,225727272.0,2025-04-24,2002-09-30,0.0999999999999999,24.17171875,1363865.625
2002-06-30,MCO,USD,1059556,2002-08-14,2002-08-14 17:47:38,2002,Q2,271500000.0,0.0,271500000.0,1.0,0,118300000.0,0.0,118300000.0,6200000.0,124500000.0,124500000.0,0.0,6000000.0,6200000.0,153200000.0,0.5642725599,147000000.0,0.5414364641,-6000000.0,141000000.0,0.5193370166,62300000.0,78700000.0,0.2898710866,0.25,0.25,310000000,318600000,https://www.sec.gov/Archives/edgar/data/1059556/000095012302008049/0000950123-02-008049-index.htm,https://www.sec.gov/Archives/edgar/data/1059556/000095012302008049/y61163e10vq.htm,0.8758064516129033,0.2538709677419354,0.2616129032258064,0.2496774193548387,0.2532258064516129,-0.4603225806451613,-1.1474193548387095,-0.4603225806451613,0.9870967741935484,7390400000.0,7611900000.0,23.476493011435835,27.22062615101289,91.12700369913688,95.48320413436691,-51.78976874562018,-51.78976874562018,28.03646408839779,49.68603133159269,93.85819975339088,98.34496124031008,0.0106489499891751,0.0104730461138774,-2.102312543798178,0.4520795660036166,1.445822454308094,0.8995381062355658,24.5,1.0304955527318933,0.0009336436458107,0.0876747141041931,0.4357274401473296,0.0,0.3209764918625678,0.0456226880394574,0.0136279926335174,0.5967741935483871,0.0,,0.2586662552654879,0.1746560142032845,-1.918064516129032,-34800000.0,-355700000.0,-494700000.0,223900000.0,168000000.0,171400000.0,0.0,58.87292817679558,0.0,0.0,1.5287162162162162,0.0,0.0,-0.5515066573230554,0.0119354838709677,2002-07-23,0.2,bmo,217200000.0,2025-04-24,2002-06-30,0.2499999999999999,23.035625,1111531.25
2002-03-31,MCO,USD,1059556,2002-05-14,2002-05-14 16:38:53,2002,Q1,231600000.0,0.0,231600000.0,1.0,0,92800000.0,0.0,92800000.0,4100000.0,96900000.0,96900000.0,0.0,4600000.0,4100000.0,138800000.0,0.5993091537,134700000.0,0.5816062176,-4600000.0,130100000.0,0.5617443869,57500000.0,72600000.0,0.3134715026,0.24,0.23,308800000,316200000,https://www.sec.gov/Archives/edgar/data/1059556/000095012302005143/0000950123-02-005143-index.htm,https://www.sec.gov/Archives/edgar/data/1059556/000095012302005143/y60567e10-q.htm,0.75,0.2351036269430051,0.1214378238341968,0.1120466321243523,0.5757772020725389,-0.8137953367875648,-0.8613989637305699,-0.8137953367875648,0.98639896373057,6302608000.0,6424808000.0,21.7031955922865,27.21333333333333,168.06954666666667,182.1563005780347,-25.0800159172304,-25.0800159172304,27.74096718480138,46.28824207492795,171.32821333333334,185.6880924855491,0.0115190410065166,0.0054897908929129,-1.193792280143255,0.5659309564233164,0.8804034582132565,1.2221195317313618,29.282608695652176,0.5165289256198347,0.0011106513367164,0.0964187327823691,0.4006908462867012,0.0,0.0277306168647425,0.0773333333333333,0.0125215889464594,0.7073170731707317,0.0,,0.3657759051150995,0.1408614668218859,-1.5699481865284974,72100000.0,-266000000.0,-384700000.0,129800000.0,153400000.0,203300000.0,0.0,61.55440414507772,0.0,0.0,1.4621212121212122,0.0,0.0,-0.2888977317946677,0.0093911917098445,2002-04-24,0.18,bmo,181252173.0,2025-04-24,2002-03-31,0.2777777777777779,19.502166666666668,997956.6666666666
2001-12-31,MCO,USD,1059556,2002-03-22,2002-03-22 00:00:00,2001,Q4,220900000.0,0.0,220900000.0,1.0,0,-134200000.0,0.0,-134200000.0,4500000.0,-129700000.0,109900000.0,0.0,5100000.0,4500000.0,115500000.0,0.5228610231,111000000.0,0.5024898144,-5100000.0,105900000.0,0.4794024445,47100000.0,58800000.0,0.2661837936,0.19,0.19,308800000,308800000,https://www.sec.gov/Archives/edgar/data/1059556/000095012302002821/0000950123-02-002821-index.htm,https://www.sec.gov/Archives/edgar/data/1059556/000095012302002821/y58653e10-k405.htm,0.7153497409326425,0.1904145077720207,0.2202072538860103,0.2072538860103626,0.5284974093264249,-0.984779792746114,-1.0181347150259068,-0.984779792746114,0.988018134715026,6154384000.0,6291184000.0,26.16659863945578,27.86049796287913,90.50564705882351,96.16225,-20.238026964814207,-20.238026964814207,28.479782707107287,54.46912554112554,92.51741176470588,98.29975,0.0095541649659819,0.0103990911194361,-0.9865175928970732,0.593589236248516,1.1844155844155844,1.0331199554689674,21.764705882352946,1.1564625850340136,0.0011374005911883,0.119047619047619,-0.6075147125396106,0.0,0.020379897111199,0.0588235294117647,0.0181077410593028,0.8888888888888888,0.0,,0.421846187853017,0.1187638860836194,-1.7325129533678756,11900000.0,-314400000.0,-438300000.0,65100000.0,130400000.0,220150000.0,0.0,60.46174739701223,0.0,0.0,1.488544474393531,0.0,0.0,-0.1933574482078263,0.0129533678756476,2002-02-04,0.17,bmo,194911764.0,2025-04-24,2001-12-31,0.1176470588235293,18.020625,970665.625
2001-09-30,MCO,USD,1059556,2001-11-14,2001-11-14 00:00:00,2001,Q3,190400000.0,0.0,190400000.0,1.0,0,92300000.0,0.0,92300000.0,4400000.0,96700000.0,96700000.0,0.0,3900000.0,4400000.0,98100000.0,0.5152310924,93700000.0,0.4921218487,-3900000.0,89800000.0,0.4716386555,39900000.0,49900000.0,0.2620798319,0.16,0.15,316400000,323000000,https://www.sec.gov/Archives/edgar/data/1059556/000095012301508459/0000950123-01-508459-index.htm,https://www.sec.gov/Archives/edgar/data/1059556/000095012301508459/y54682e10-q.htm,0.6017699115044248,0.1577117572692793,0.3312262958280657,0.3312262958280657,0.5521491782553729,-0.934260429835651,-0.9712389380530974,-0.934260429835651,0.9604930467762326,5831252000.0,5956552000.0,29.21468937875752,30.626323529411764,55.64171755725191,55.64171755725191,-19.72683355886333,-19.72683355886333,31.284411764705883,60.71918450560652,56.83732824427481,56.83732824427481,0.0085573389728312,0.0179721267405353,-1.0148849797023003,0.6335797254487856,1.2772680937818552,1.0212389380530973,24.025641025641026,2.100200400801603,0.0012175772887194,0.1422845691382765,0.4847689075630252,0.0,0.0247096092925026,0.0,0.0,0.0,0.0,,0.3871163510817099,0.1080554352533564,-1.6121997471554994,7200000.0,-307300000.0,-422900000.0,61600000.0,114950000.0,172750000.0,0.0,53.13025210084034,0.0,0.0,1.6939501779359432,0.0,0.0,-0.1688092016238159,0.0,2001-10-22,0.15,bmo,190400000.0,2025-04-24,2001-09-30,0.0,16.79084745762712,903091.5254237287
2001-06-30,MCO,USD,1059556,2001-08-14,2001-08-14 00:00:00,2001,Q2,205200000.0,0.0,205200000.0,1.0,0,97200000.0,0.0,97200000.0,4000000.0,101200000.0,101200000.0,0.0,4100000.0,4000000.0,108000000.0,0.5263157895,104000000.0,0.5068226121,-4100000.0,99900000.0,0.4868421053,44400000.0,55500000.0,0.2704678363,0.18,0.17,316000000,322400000,https://www.sec.gov/Archives/edgar/data/1059556/000095012301505591/0000950123-01-505591-index.htm,https://www.sec.gov/Archives/edgar/data/1059556/000095012301505591/y52178e10-q.htm,0.649367088607595,0.175632911392405,0.195253164556962,0.195253164556962,0.520253164556962,-0.8117088607594937,-0.8509493670886076,-0.8117088607594937,0.9623417721518988,5293000000.0,5428600000.0,23.842342342342345,25.794346978557503,85.78606158833063,85.78606158833063,-20.635477582846004,-20.635477582846004,26.4551656920078,50.26481481481481,87.9837925445705,87.9837925445705,0.0104855469488003,0.0116569053466843,-1.1695906432748535,0.6493506493506493,1.2555555555555555,1.1748956884561892,25.365853658536587,1.1117117117117117,0.001341394294351,0.1279279279279279,0.4736842105263157,0.0,0.0268398268398268,0.0,0.0,0.0,0.0,,0.3312945973496432,0.1234430604982206,-1.4746044303797468,50300000.0,-268900000.0,-380600000.0,104700000.0,120600000.0,142650000.0,0.0,51.53508771929825,0.0,0.0,1.7463829787234042,0.0,0.0,-0.2163742690058479,0.0,2001-07-23,0.15,bmo,181058823.0,2025-04-24,2001-06-30,0.1333333333333334,15.77936507936508,683904.7619047619
2001-03-31,MCO,USD,1059556,2001-05-15,2001-05-15 00:00:00,2001,Q1,180200000.0,0.0,180200000.0,1.0,0,86300000.0,0.0,86300000.0,4100000.0,90400000.0,90400000.0,0.0,3500000.0,4100000.0,93900000.0,0.5210876804,89800000.0,0.4983351831,-3500000.0,86300000.0,0.4789123196,38300000.0,48000000.0,0.2663706992,0.15,0.15,318000000,322200000,https://www.sec.gov/Archives/edgar/data/1059556/000095012301502524/0000950123-01-502524-index.htm,https://www.sec.gov/Archives/edgar/data/1059556/000095012301502524/y48568e10-q.txt,0.5666666666666667,0.1509433962264151,0.2257861635220125,0.2163522012578616,0.3113207547169811,-1.018553459119497,-1.059748427672956,-1.018553459119497,0.9544025157232704,4382040000.0,4583040000.0,22.823125,24.31764705882353,61.03119777158774,63.69244186046512,-13.528990429144796,-13.528990429144796,25.4330743618202,48.807667731629394,63.83064066852368,66.61395348837209,0.0109538023386368,0.0157004500187127,-0.9262117937635072,0.7507507507507507,2.1405750798722045,0.9529972752043596,25.65714285714286,1.4958333333333331,0.0016202499292566,0.1479166666666666,0.478912319644839,0.0,0.0327827827827827,0.0417827298050139,0.0166481687014428,0.7317073170731707,0.0,,0.4711952600625287,0.1241914618369987,-1.6720911949685535,-13800000.0,-337000000.0,-443700000.0,41600000.0,112350000.0,139300000.0,0.0,61.78135405105439,0.0,0.0,1.4567502021018592,0.0,0.0,-0.1481938870021611,0.0094339622641509,2001-04-18,0.14,bmo,168186666.0,2025-04-24,2001-03-31,0.0714285714285712,13.711612903225806,850596.7741935484
2000-12-31,MCO,USD,1059556,2001-03-15,2001-03-15 00:00:00,2000,Q4,161100000.0,0.0,161100000.0,1.0,0,-109300000.0,0.0,-109300000.0,3800000.0,-105500000.0,84100000.0,0.0,4600000.0,3800000.0,80800000.0,0.5015518312,77000000.0,0.4779639975,-4600000.0,72400000.0,0.4494103042,32000000.0,40400000.0,0.2507759156,0.13,0.13,318000000,318000000,https://www.sec.gov/Archives/edgar/data/1059556/000095012301002310/0000950123-01-002310-index.htm,https://www.sec.gov/Archives/edgar/data/1059556/000095012301002310/y46068e10-k405.txt,0.5066037735849057,0.1270440251572327,0.1886792452830188,0.1820754716981132,0.3745283018867924,-0.8883647798742138,-0.9314465408805032,-0.8883647798742138,0.9578616352201258,4083120000.0,4264020000.0,25.26683168316832,25.345251396648045,68.05199999999999,70.52020725388601,-14.453522123893803,-14.453522123893803,26.468156424581007,52.77252475247525,71.067,73.64455958549223,0.0098943944826505,0.0141803326867689,-1.0619469026548674,0.7532011046949536,2.238861386138614,1.0967996839193994,16.73913043478261,1.4851485148514851,0.036075354140951,3.646039603960396,-0.6784605834885165,0.0,0.0343961837810695,0.035,0.0130353817504655,0.5526315789473685,0.0,,0.2959149506110832,0.1050442017680707,-1.5281446540880503,24500000.0,-296200000.0,-403200000.0,81600000.0,94400000.0,121350000.0,0.0,56.42458100558659,0.0,0.0,1.5950495049504951,0.0,0.0,-0.1430088495575221,0.0066037735849056,2001-03-15,,bmo,,2025-04-24,2000-12-31,,12.847301587301589,661584.126984127
2000-09-30,MCO,USD,1059556,2000-11-14,2000-11-14 00:00:00,2000,Q3,152500000.0,0.0,152500000.0,1.0,0,75100000.0,0.0,75100000.0,4500000.0,79600000.0,79600000.0,0.0,400000.0,-43600000.0,77400000.0,0.5075409836,72900000.0,0.4780327869,-400000.0,72500000.0,0.4754098361,32000000.0,40500000.0,0.2655737705,0.12,0.12,324400000,326200000,https://www.sec.gov/Archives/edgar/data/1059556/000095012300010645/0000950123-00-010645-index.htm,https://www.sec.gov/Archives/edgar/data/1059556/000095012300010645/y42026e10-q.txt,0.470098643649815,0.124845869297164,0.4004315659679408,0.4158446362515413,0.0696670776818742,-0.8048705302096177,-0.8486436498150431,-0.8048705302096177,0.6038840937114673,4262616000.0,4435516000.0,26.312444444444445,27.951580327868857,32.81459584295612,31.5983395107487,-16.325607047108388,-16.325607047108388,29.085350819672133,57.30640826873385,34.14561970746728,32.88002965159377,0.0095012077090687,0.0316472325914415,-0.7487552661815396,0.6582491582491582,2.2338501291989665,0.765,182.25,-7.380681818181818,0.0222164041987361,2.338271604938272,0.4924590163934426,0.0,0.0478114478114478,0.0384911470361816,0.0327868852459016,-0.1146788990825688,0.0,,0.5288759516345723,0.1432107496463932,-1.4477496917385944,-51700000.0,-275300000.0,-389800000.0,5400000.0,210000000.0,53650000.0,0.0,51.81639344262295,0.0,0.0,1.7369020501138952,0.0,0.0,-0.155112983531214,0.0154130702836004,2001-02-05,0.13,bmo,161100000.0,2025-04-24,2000-09-30,0.0,11.938888888888888,1377101.5873015872
2000-06-30,MCO,USD,1059556,2000-08-14,2000-08-14 00:00:00,2000,Q2,347800000.0,132900000.0,214900000.0,0.6178838413,0,140400000.0,0.0,140400000.0,26300000.0,166700000.0,299600000.0,0.0,9900000.0,22300000.0,79100000.0,0.2274295572,48200000.0,0.1385853939,26600000.0,38300000.0,0.1101207591,17200000.0,67900000.0,0.195227142,0.21,0.21,323810000,326610000,https://www.sec.gov/Archives/edgar/data/1059556/000105955600000011/0001059556-00-000011-index.htm,https://www.sec.gov/Archives/edgar/data/1059556/000105955600000011/0001059556-00-000011-0001.txt,1.074086655754918,0.2096908681016645,-0.6840431117013063,-0.6963960347117136,0.1692350452425805,-0.0003088230752601,-0.4598375590624131,-0.9344986257373152,0.9320280411352336,3539243300.0,3776343300.0,13.031087260677468,10.176087694077056,-15.978525056433408,-15.695092239467847,-11.696111368142764,-11.696111368142764,10.857801322599196,47.74138179519595,-17.0489539503386,-16.746533481152994,0.0191848918665749,-0.0637141843286105,-0.9646397884996696,0.2043545225427051,2.997471554993679,0.5091955203945341,4.8686868686868685,-3.2621502209131075,0.0084481335318202,0.4403534609720176,0.4036802760207015,0.0,0.104172500700084,-0.0180586907449209,0.0115008625646923,0.179372197309417,0.0,,0.0355475863418862,0.0530634573304157,-3.4728698928383928,-477700000.0,-148900000.0,-932900000.0,-107500000.0,420100000.0,0.0,0.0,85.96319723979299,0.0,0.0,1.0469596628537026,0.0,0.0,-0.2243886318572373,0.0123529230104073,2000-08-14,,bmo,,2025-04-24,2000-06-30,,11.43968253968254,1174028.5714285714
2000-03-31,MCO,USD,1059556,2000-04-18,2000-04-18 00:00:00,2000,Q1,495700000.0,146800000.0,348900000.0,0.703853137,0,195000000.0,0.0,195000000.0,34100000.0,229100000.0,375900000.0,0.0,6200000.0,34100000.0,67800000.0,0.136776276,119800000.0,0.2416784345,-55500000.0,113600000.0,0.2291708695,45800000.0,67800000.0,0.136776276,0.21,0.21,322410000,325010000,https://www.sec.gov/Archives/edgar/data/1059556/000105955600000002/0001059556-00-000002-index.html,https://www.sec.gov/Archives/edgar/data/1059556/000105955600000002/,1.5374833286808722,0.210291244068112,0.3076827641822524,0.2729443875810303,0.2171148537576377,-0.0939797152693775,-0.6339753729723023,-1.0309853912719829,0.139883998635278,3523941300.0,3492841300.0,12.993883849557522,7.109020173492032,35.52360181451613,40.0447875,-10.601508122743684,-10.601508122743684,7.046280613274158,51.51683333333333,35.21009375,39.69137840909091,0.0192398210492325,0.0249720391199478,-0.1170276774969915,0.0214751021309484,-0.4587020648967551,0.5842852958406561,19.32258064516129,1.463126843657817,0.0084848178373459,0.4410029498525074,0.3933830946136776,0.0,0.096113503367561,0.1129032258064516,0.0225943110752471,0.3284457478005865,0.0,,0.1475146525947515,0.0414096378183595,-4.313451816010669,-567700000.0,-204400000.0,-1043800000.0,-117900000.0,296200000.0,137550000.0,0.0,92.2332055678838,0.0,0.0,0.9757874015748031,0.0,0.0,-0.203971119133574,0.034738376601222,2000-04-18,,bmo,,2025-04-24,2000-03-31,,10.441746031746032,1676076.1904761903
1999-12-31,MCO,USD,1059556,2000-02-16,2000-02-16 00:00:00,1999,Q4,509900000.0,132500000.0,377400000.0,0.7401451265,0,193100000.0,0.0,193100000.0,35800000.0,228900000.0,361400000.0,0.0,36400000.0,35800000.0,184300000.0,0.3614434203,148500000.0,0.2912335752,-36400000.0,112100000.0,0.2198470288,49000000.0,63100000.0,0.1237497549,0.2,0.2,322200000,322400000,https://www.sec.gov/Archives/edgar/data/1059556/000095012300001384/0000950123-00-001384-index.html,https://www.sec.gov/Archives/edgar/data/1059556/000095012300001384/,1.5825574177529484,0.1958410924891371,0.2110490378646803,0.1635630043451272,0.3513345747982619,-0.355990068280571,-0.8758535071384234,-1.2929857231533208,0.5080695220360025,3627972000.0,3642072000.0,14.373898573692552,7.115065699156697,53.35252941176471,68.8419734345351,-8.70852616418627,-8.70852616418627,7.142718180035301,19.761649484536083,53.55988235294117,69.10952561669829,0.017392636988378,0.0145260217002777,-0.3055688910225636,0.0712885703085624,0.0765056972327726,0.5548487418716427,4.079670329670329,1.0776545166402536,0.008213955344749,0.4722662440570523,0.3787017062169053,0.0,0.0938007504060032,0.225,0.0300058835065699,0.4273743016759777,0.0,,0.1677824288759785,0.0389939438882709,-5.3504034761018,-629800000.0,-282200000.0,-1115400000.0,-182300000.0,255200000.0,137550000.0,0.0,14.897038635026474,186.86037735849052,0.0,6.041469194312796,0.4816430388949473,0.0,-0.1514642342774844,0.047486033519553,2000-02-16,,bmo,,2025-04-24,1999-12-31,,10.82,1735639.59375
1999-09-30,MCO,USD,1059556,1999-10-20,1999-10-20 00:00:00,1999,Q3,473700000.0,129100000.0,344600000.0,0.7274646401,0,199600000.0,0.0,199600000.0,33500000.0,233100000.0,362200000.0,0.0,0.0,33500000.0,69700000.0,0.1471395398,111500000.0,0.2353810429,9000000.0,116600000.0,0.2461473506,50500000.0,66100000.0,0.1395397931,0.21,0.2,321800000,325400000,https://www.sec.gov/Archives/edgar/data/1059556/000105955699000012/0001059556-99-000012-index.html,https://www.sec.gov/Archives/edgar/data/1059556/000105955699000012/,1.4720323182100683,0.2054070851460534,0.2600994406463642,0.2374145431945307,0.2200124300807955,-0.4098819142324425,-0.9334990677439404,-1.3474207582349285,0.3188315724052206,3668520000.0,3700320000.0,13.874886535552196,7.744395186827106,43.82939068100359,48.01727748691099,-8.460608856088562,-8.460608856088562,7.811526282457251,53.08923959827833,44.20931899641577,48.43350785340314,0.0180181653636888,0.0208258371223272,-0.2366236162361623,0.0598879290217137,0.4562410329985653,0.5135155261002309,0.0,1.266263237518911,0.0081231668356721,0.4508320726172466,0.4213637323200337,0.0,0.0983539575064207,0.087216248506571,0.0154105974245302,0.217910447761194,0.0,,0.133662156098987,0.0427914805463844,-4.520820385332505,-653300000.0,-300400000.0,-1155500000.0,-207100000.0,433700000.0,0.0,0.0,80.93730208993034,0.0,0.0,1.1119718309859157,0.0,0.0,-0.1524446494464944,0.0226848974518334,1999-10-20,,bmo,,2025-04-24,1999-09-30,,11.84640625,1699117.53125
1999-06-30,MCO,USD,1059556,1999-07-21,1999-07-21 00:00:00,1999,Q2,497300000.0,151800000.0,345500000.0,0.694751659,0,0.0,0.0,193800000.0,36200000.0,230000000.0,381800000.0,0.0,7500000.0,36200000.0,74300000.0,0.1494067967,115500000.0,0.2322541725,-81700000.0,108000000.0,0.2171727328,41600000.0,66400000.0,0.1335210135,0.2,0.2,324410382,329610548,https://www.sec.gov/Archives/edgar/data/1059556/000105955699000009/0001059556-99-000009-index.html,https://www.sec.gov/Archives/edgar/data/1059556/000105955699000009/,1.5329349108192227,0.2046790228803466,0.3874721863864394,0.352948013852405,0.2355041769285916,-0.4925859616909547,-1.0200043474564264,-1.4238138654884356,0.4213798558395089,4389272468.46,4442072468.46,16.525875257756024,8.826206451759502,34.9186353894988,38.334257366462886,-9.502646608486684,-9.502646608486684,8.93237978777398,59.7856321461642,35.338683122195704,38.79539273764192,0.0151277917871653,0.0260863277052775,-0.2797142238579779,0.0751162790697674,0.7106325706594886,0.5175625137493584,15.4,1.8930722891566265,0.0068120628680157,0.4503012048192771,0.0,0.0,0.0994767441860465,0.0891010342084327,0.0225216167303438,0.3093922651933701,0.0,,0.1462638745851928,0.0428691329330492,-4.5385415562933495,-657900000.0,-330900000.0,-1174000000.0,-201400000.0,479800000.0,0.0,0.0,79.883370199075,0.0,0.0,1.1266425011327594,0.0,0.0,-0.1437540593201992,0.0345241725340343,1999-07-21,,bmo,,2025-04-24,1999-06-30,,13.676190476190476,907492.0634920635
1999-03-31,MCO,USD,1059556,1999-05-04,1999-05-04 00:00:00,1999,Q1,490900000.0,146100000.0,344800000.0,0.7023833775,0,0.0,0.0,204800000.0,35400000.0,240200000.0,386300000.0,0.0,6400000.0,35400000.0,140000000.0,0.2851904665,104600000.0,0.21307802,-64000000.0,98200000.0,0.2000407415,37800000.0,60400000.0,0.1230393155,0.18,0.18,328112500,328112500,https://www.sec.gov/Archives/edgar/data/1059556/000105955699000003/0001059556-99-000003-index.html,https://www.sec.gov/Archives/edgar/data/1059556/,1.4961331860261344,0.1840832031696445,0.2051125757171701,0.1737209036534725,0.2160844222637052,-0.2008457465046287,-0.7463903386795687,-1.1212617623528516,0.2154748752333422,4462330000.0,4455730000.0,18.469908940397357,9.09009981666327,66.30505200594354,78.28649122807018,-12.129192715411795,-12.129192715411795,9.076655123243023,31.826642857142858,66.20698365527488,78.17070175438596,0.0135355296448268,0.0127735958568729,-0.1747757542810546,0.0353044528633393,-0.0471428571428571,0.5829635556848767,16.34375,1.1142384105960266,0.0068574040915844,0.5066225165562914,0.0,0.0,0.0982814473178499,0.1530460624071322,0.0209818700346302,0.2909604519774011,0.0,,0.1259276888076191,0.036777689825245,-4.351099089489123,-573300000.0,-244900000.0,-1085800000.0,-101300000.0,481700000.0,0.0,0.0,95.00509268690162,0.0,0.0,0.9473176379776148,0.0,0.0,-0.1641750475672737,0.0313916720636976,1999-05-04,,bmo,,2025-04-24,1999-03-31,,12.592786885245902,1383616.3934426229
1998-12-31,MCO,USD,1059556,1999-02-16,1999-02-16 00:00:00,1998,Q4,519800000.0,148300000.0,371500000.0,0.7146979608,0,0.0,0.0,188800000.0,36400000.0,225200000.0,373500000.0,0.0,5700000.0,36400000.0,182700000.0,0.351481339,146300000.0,0.2814544055,-5700000.0,140600000.0,0.2704886495,54000000.0,86600000.0,0.1666025394,0.25,0.25,328502372,343500000,https://www.sec.gov/Archives/edgar/data/1059556/000095012399001236/0000950123-99-001236-index.html,https://www.sec.gov/Archives/edgar/data/1059556/,1.5823325622744666,0.2636206231107518,0.0642308908503102,0.1884309072812418,0.2757970953098628,-0.210957380849597,-0.7948192227969666,-1.1293677964675397,0.1296794289205315,3958453582.6,3904753582.6,11.427406416281755,7.615339712581763,187.6044351943128,63.94916934733442,-10.669686206469002,-10.669686206469002,7.512030747595229,21.372488136836346,185.05941149763035,63.08164107592892,0.0218772301336723,0.0156374196913893,-0.0994609164420485,0.0206237424547283,-0.2939244663382594,0.5647963332594071,25.666666666666668,0.24364896073903,0.0076292419172852,0.348729792147806,0.0,0.0,0.1071987480438184,1.933649289099526,0.0784917275875336,1.120879120879121,0.0,,0.1903481428196257,0.0542130962814573,-4.365265283381272,-588700000.0,-261100000.0,-1094500000.0,-98600000.0,410250000.0,0.0,0.0,77.08349365140438,0.0,0.0,1.1675651392632524,0.0,0.0,-0.2334231805929919,0.1242000164309315,1999-02-16,,bmo,,2025-04-24,1998-12-31,,10.7803125,1089372.625
1998-09-30,MCO,USD,1059556,1998-10-27,1998-10-27 00:00:00,1998,Q3,459600000.0,130200000.0,329400000.0,0.7167101828,0,0.0,0.0,192000000.0,34300000.0,226300000.0,356500000.0,0.0,0.0,34300000.0,137400000.0,0.2989556136,103100000.0,0.2243255004,5500000.0,108600000.0,0.2362924282,39900000.0,68700000.0,0.1494778068,0.2,0.2,343500000,343500000,https://www.sec.gov/Archives/edgar/data/1059556/000105955698000003/0001059556-98-000003-index.html,https://www.sec.gov/Archives/edgar/data/1059556/,1.3379912663755458,0.2,0.1231441048034934,-0.0885007278020378,0.4553129548762736,-0.0727802037845705,-0.6256186317321688,-0.9516739446870452,0.0043668122270742,3541485000.0,3386585000.0,12.8875,7.70558093994778,83.72304964539008,-116.49621710526316,-10.833542367696545,-10.833542367696545,7.368548738033072,24.647634643377,80.06111111111112,-111.40082236842105,0.0193986420950533,-0.0085839697189173,-0.0045885591924135,0.0008985802432157,-1.1273653566229986,0.7420996818663839,0.0,0.6157205240174672,0.008951047371371,0.4614264919941775,0.0,0.0,0.11376025879111,1.718676122931442,0.1581810269799826,2.119533527696793,0.0,,0.0896135177686784,0.0464377450317696,-3.6577147016011646,-243200000.0,-214900000.0,-994500000.0,245400000.0,400350000.0,0.0,0.0,73.49216710182768,0.0,0.0,1.2246203037569945,0.0,0.0,-0.210156011012542,0.2116448326055313,1998-10-27,,bmo,,2025-04-24,1998-09-30,,10.33015625,1418071.875
1998-06-30,MCO,USD,1059556,1998-08-14,1998-08-14 00:00:00,1998,Q2,484000000.0,145600000.0,338400000.0,0.6991735537,0,0.0,0.0,197000000.0,35400000.0,232400000.0,378000000.0,0.0,35300000.0,35400000.0,141400000.0,0.2921487603,106000000.0,0.2190082645,-35300000.0,70700000.0,0.1460743802,31000000.0,61300000.0,0.1266528926,0.18,0.18,340555556,350285714,https://www.sec.gov/Archives/edgar/data/1059556/000095012398007585/0000950123-98-007585-index.html,https://www.sec.gov/Archives/edgar/data/1059556/,1.4212071759592728,0.1799999997650897,,,0.7279282209097184,0.1412398040571095,-0.4107993469353352,-0.744959215993528,0.1036541597342197,4420411116.88,4172511116.88,18.027777801305056,9.13308082,0.0,0.0,-17.42377263255814,-17.42377263255814,8.620890737355372,29.50856518302687,0.0,0.0,0.0138674884256617,,0.0,0.0,-1.7531824611032532,0.8535556448372841,3.002832861189802,0.0,,,0.0,0.0,0.1035071298794252,0.0,,0.0,,,0.0725257994650097,0.0376466253147454,-3.527324628349332,-145800000.0,-139900000.0,-918400000.0,345400000.0,,,,79.10330578512396,0.0,0.0,1.1377527033380348,0.0,0.0,-0.2416239653133622,,1998-08-14,,bmo,,2025-04-24,1998-06-30,,12.932698412698413,1150485.7142857143
1998-03-31,MCO,USD,1059556,1998-03-31,1998-03-31 00:00:00,1998,Q1,471100000.0,0.0,471100000.0,1.0,0,0.0,0.0,0.0,0.0,0.0,0.0,0.0,471100000.0,-407600000.0,471100000.0,1.0,471100000.0,1.0,-471100000.0,63500000.0,0.1347909149,-63500000.0,63500000.0,0.1347909149,0.19,0.19,334210526,343243243,,,1.409590552512999,0.1900000001795275,,,,,,,,4281236838.06,,16.855263141968504,9.087745357800893,0.0,0.0,0.0,0.0,,,0.0,0.0,0.0148321623871606,,0.0,0.0,,0.0,1.0,0.0,,,0.0,0.0,0.0,0.0,,0.0,,,0.0,0.0,,,,,,,,,,0.0,0.0,0.0,0.0,0.0,0.0,,1998-03-31,,bmo,,2025-04-24,1998-03-31,,12.30704918032787,1086578.68852459
