date,symbol,reportedCurrency,cik,fillingDate,acceptedDate,calendarYear,period,revenue,costOfRevenue,grossProfit,grossProfitRatio,researchAndDevelopmentExpenses,generalAndAdministrativeExpenses,sellingAndMarketingExpenses,sellingGeneralAndAdministrativeExpenses,otherExpenses,operatingExpenses,costAndExpenses,interestIncome,interestExpense,depreciationAndAmortization,ebitda,ebitdaratio,operatingIncome,operatingIncomeRatio,totalOtherIncomeExpensesNet,incomeBeforeTax,incomeBeforeTaxRatio,incomeTaxExpense,netIncome,netIncomeRatio,eps,epsdiluted,weightedAverageShsOut,weightedAverageShsOutDil,link,finalLink,revenuePerShare,netIncomePerShare,operatingCashFlowPerShare,freeCashFlowPerShare,cashPerShare,bookValuePerShare,tangibleBookValuePerShare,shareholdersEquityPerShare,interestDebtPerShare,marketCap,enterpriseValue,peRatio,priceToSalesRatio,pocfratio,pfcfRatio,pbRatio,ptbRatio,evToSales,enterpriseValueOverEBITDA,evToOperatingCashFlow,evToFreeCashFlow,earningsYield,freeCashFlowYield,debtToEquity,debtToAssets,netDebtToEBITDA,currentRatio,interestCoverage,incomeQuality,dividendYield,payoutRatio,salesGeneralAndAdministrativeToRevenue,researchAndDdevelopementToRevenue,intangiblesToTotalAssets,capexToOperatingCashFlow,capexToRevenue,capexToDepreciation,stockBasedCompensationToRevenue,grahamNumber,roic,returnOnTangibleAssets,grahamNetNet,workingCapital,tangibleAssetValue,netCurrentAssetValue,investedCapital,averageReceivables,averagePayables,averageInventory,daysSalesOutstanding,daysPayablesOutstanding,daysOfInventoryOnHand,receivablesTurnover,payablesTurnover,inventoryTurnover,roe,capexPerShare,report_date,epsEstimated,time,revenueEstimated,updatedFromDate,fiscalDateEnding,surprise(%),QuarterAvgPrice,QuarterAvgVolume
2025-03-31,MDLZ,USD,1103982,2025-04-29,2025-04-29 16:11:48,2025,Q1,9313000000.0,6883000000.0,2430000000.0,0.2609255879,0,0.0,0.0,1711000000.0,0.0,1711000000.0,8594000000.0,0.0,0.0,324000000.0,1006000000.0,0.1080210458,680000000.0,0.0730162139,-135000000.0,545000000.0,0.0585203479,154000000.0,402000000.0,0.0431654676,0.31,0.31,1338574100,1340000000,https://www.sec.gov/Archives/edgar/data/1103982/000110398225000127/0001103982-25-000127-index.htm,https://www.sec.gov/Archives/edgar/data/1103982/000110398225000127/mdlz-20250331.htm,6.957403404114872,0.3003195714006419,0.815793462610699,0.6088568425162267,1.1661662959114478,19.29142361263377,-12.51032722058495,19.263035195436697,15.05706706860681,90822252685.0,109416252685.0,56.48150042599502,9.75220151240202,83.17056106684981,111.43834685276072,3.5222901952685666,3.5222901952685666,11.748765455277567,108.7636706610338,100.19803359432234,134.2530707791411,0.0044262280235908,0.0089735717393695,0.7816560015512896,0.2924108114381882,18.4831013916501,0.6061038899204876,0.0,2.6830466830466837,0.0068595523848187,1.5497512437810943,0.0,0.0,0.6175954270460052,0.2536630036630036,0.0297433694835176,0.8549382716049383,0.0019327821325029,11.408943669762031,0.0094424420510427,0.0152515365353972,-29.44588573766667,-8273000000.0,-16746000000.0,-30374000000.0,44824000000.0,2405500000.0,9677000000.0,4041000000.0,0.0,129.7239575766381,55.63707685602208,0.0,0.6937808688640258,1.617626321974148,0.0155904595695171,0.2069366200944721,2025-04-29,0.654,amc,9313604753.0,2025-05-11,2025-03-31,0.1314984709480121,61.63608333333333,10688569.466666669
2024-12-31,MDLZ,USD,1103982,2025-02-05,2025-02-05 14:52:14,2024,Q4,9604000000.0,5893000000.0,3711000000.0,0.3864014994,0,0.0,0.0,1980000000.0,120000000.0,2100000000.0,7993000000.0,93000000.0,127000000.0,331000000.0,2055000000.0,0.2139733444,1611000000.0,0.1677426072,-14000000.0,1597000000.0,0.1662848813,216000000.0,1745000000.0,0.181695127,1.3,1.3,1338574100,1340000000,https://www.sec.gov/Archives/edgar/data/1103982/000110398225000030/0001103982-25-000030-index.htm,https://www.sec.gov/Archives/edgar/data/1103982/000110398225000030/mdlz-20241231.htm,7.174798914755635,1.3036260002341298,1.0899658076456131,0.7874050454136233,1.0092829377170829,20.139340810493792,-11.13647724096858,20.11991715662211,13.819929729702674,79953030993.0,96974030993.0,11.454588967478507,8.324971990108288,54.79988416244002,75.8567656480076,2.9687000962795183,2.9687000962795183,10.09725437244898,47.18930948564477,66.46609389513365,92.00572200474384,0.0218253139165265,0.0131827397524463,0.6821624832912521,0.2682161262537045,8.28272506082725,0.6773748017801422,12.68503937007874,0.8361031518624642,0.0078421041980871,0.3593123209169054,0.0,0.0,0.6111946508606216,0.277587388622344,0.0421699291961682,1.2235649546827794,0.0036443148688046,24.29298376853716,0.0272981492287928,0.0655226794833283,-25.897893885740057,-6307000000.0,-14907000000.0,-28297000000.0,45806000000.0,4751000000.0,9271500000.0,4048500000.0,45.08433985839234,144.06414389954185,58.4473103682335,1.9962585741010184,0.6247217216156048,1.5398484452573815,0.064792811525323,0.30256076223199,2025-02-04,0.658,amc,9640503567.0,2025-05-04,2024-12-31,-0.0121580547112462,66.13296875,7602089.71875
2024-09-30,MDLZ,USD,1103982,2024-10-29,2024-10-29 16:14:33,2024,Q3,9204000000.0,6205000000.0,2999000000.0,0.3258365928,0,0.0,0.0,1630000000.0,216000000.0,1846000000.0,8051000000.0,83000000.0,129000000.0,335000000.0,1596000000.0,0.1734028683,1153000000.0,0.125271621,-21000000.0,1132000000.0,0.1229900043,326000000.0,853000000.0,0.0926770969,0.64,0.63,1339000000,1344000000,https://www.sec.gov/Archives/edgar/data/1103982/000110398224000104/0001103982-24-000104-index.htm,https://www.sec.gov/Archives/edgar/data/1103982/000110398224000104/mdlz-20240930.htm,6.87378640776699,0.637042569081404,0.9746079163554892,0.7386109036594474,1.1329350261389095,20.829723674383867,-11.457057505601195,20.802091112770725,15.35026138909634,98644130000.0,117552130000.0,28.9109407971864,10.71752824858757,75.58937164750958,99.74128412537917,3.5414708838945934,3.5414708838945934,12.77185245545415,73.65421679197995,90.07826053639847,118.85958543983824,0.0086472454062902,0.0100259386949836,0.7332878581173261,0.2829300051252926,11.847117794486216,0.6264414179281546,8.937984496124031,1.5245327102803738,0.0057884843223818,0.6694021101992966,0.0,0.0,0.5988558130514884,0.2421455938697318,0.0343328987396784,0.9432835820895522,0.0046718817905258,17.26748085873444,0.0150846571636952,0.0294554369971338,-27.72946228528753,-7872000000.0,-15341000000.0,-31099000000.0,45830000000.0,4351000000.0,8740000000.0,4139500000.0,45.87027379400261,132.13537469782432,61.93392425463336,1.9620549989341287,0.681119648737651,1.4531615925058547,0.0306239678322682,0.2359970126960418,2024-10-29,0.85,amc,9114076124.0,2025-04-25,2024-09-30,0.1647058823529412,70.2896875,6167796.03125
2024-06-30,MDLZ,USD,1103982,2024-07-30,2024-07-30 16:13:55,2024,Q2,8343000000.0,5546000000.0,2797000000.0,0.3352511087,0,0.0,0.0,1891000000.0,52000000.0,1943000000.0,7489000000.0,98000000.0,130000000.0,317000000.0,1297000000.0,0.1554596668,854000000.0,0.1023612609,-4000000.0,850000000.0,0.1018818171,295000000.0,601000000.0,0.0720364377,0.45,0.45,1343000000,1348000000,https://www.sec.gov/Archives/edgar/data/1103982/000110398224000092/0001103982-24-000092-index.htm,https://www.sec.gov/Archives/edgar/data/1103982/000110398224000092/mdlz-20240630.htm,6.212211466865227,0.4475055845122859,0.6120625465376024,0.3387937453462397,1.041697691734922,20.638868205510057,-11.217423678332093,20.617274758004463,15.17125837676843,87617320000.0,106463320000.0,36.44647254575707,10.501896200407527,106.59041362530412,192.56553846153847,3.164336740221749,3.164336740221749,12.760795876782932,82.0842868157286,129.5174209245742,233.9853186813187,0.0068593743794035,0.0051930371757547,0.7311567770594821,0.2769645397832986,14.530454895913646,0.676326348640214,6.569230769230769,1.367720465890183,0.0065398028608955,0.9534109816971714,0.0,0.0,0.5852987851592426,0.4464720194647202,0.0439889727915617,1.1577287066246056,0.0045547165288265,14.408080226445913,0.0102732555493179,0.0198264770890377,-29.01433358153388,-7260000000.0,-15065000000.0,-30208000000.0,45638000000.0,4412500000.0,8494000000.0,3785500000.0,43.26860841423948,135.8276235124414,65.05769924269744,2.080029917726253,0.6626045400238949,1.383387378398603,0.0217053703636823,0.2732688011913626,2024-07-30,0.787,amc,8447894910.0,2025-04-25,2024-06-30,0.0927573062261752,68.60841269841269,7381314.952380952
2024-03-31,MDLZ,USD,1103982,2024-04-30,2024-04-30 17:17:38,2024,Q1,9290000000.0,4540000000.0,4750000000.0,0.5113024758,0,0.0,0.0,1938000000.0,85000000.0,2023000000.0,6563000000.0,54000000.0,122000000.0,319000000.0,3123000000.0,0.3361679225,2727000000.0,0.2935414424,-45000000.0,2682000000.0,0.2886975242,632000000.0,1412000000.0,0.1519913886,1.05,1.04,1348000000,1355000000,https://www.sec.gov/Archives/edgar/data/1103982/000110398224000055/0001103982-24-000055-index.htm,https://www.sec.gov/Archives/edgar/data/1103982/000110398224000055/mdlz-20240331.htm,6.8916913946587535,1.0474777448071215,0.9821958456973294,0.7603857566765578,1.0207715133531157,21.152818991097924,-10.859792284866469,21.12908011869436,14.606824925816024,94036480000.0,112228480000.0,16.649518413597733,10.122333692142089,71.02453172205438,91.74290731707318,3.3016108419352577,3.3016108419352577,12.080568353067816,35.93611271213577,84.76471299093656,109.4912,0.0150154493234965,0.0109000251817167,0.6870304051681764,0.2520869834071936,5.825168107588857,0.768190446061373,22.352459016393443,0.9376770538243626,0.0061465507853973,0.4093484419263456,0.0,0.0,0.5559234257446151,0.2258308157099698,0.0321851453175457,0.9373040752351096,0.0033369214208826,22.315363022658328,0.0381624704435153,0.0409619680310986,-31.41135014836795,-5862000000.0,-14639000000.0,-29684000000.0,47505000000.0,4663000000.0,8469500000.0,3588500000.0,46.63724434876211,170.8414096916299,70.61233480176212,1.9297881179891985,0.5268043629612439,1.274564851207187,0.0495751702829857,0.2218100890207715,2024-04-30,0.89,amc,9162812382.0,2025-04-25,2024-03-31,0.0674157303370785,72.99409836065574,7274506.180327869
2023-12-31,MDLZ,USD,1103982,2024-02-02,2024-02-02 15:50:24,2023,Q4,9314000000.0,5844000000.0,3470000000.0,0.3725574404,0,0.0,0.0,2259000000.0,18000000.0,2277000000.0,8121000000.0,66000000.0,118000000.0,313000000.0,1594000000.0,0.171140219,1193000000.0,0.1280867511,-30000000.0,1163000000.0,0.1248657934,257000000.0,950000000.0,0.1019969938,0.7,0.7,1358000000,1364000000,https://www.sec.gov/Archives/edgar/data/1103982/000110398224000019/0001103982-24-000019-index.htm,https://www.sec.gov/Archives/edgar/data/1103982/000110398224000019/mdlz-20231231.htm,6.85861561119293,0.6995581737849779,1.1516936671575846,0.9072164948453608,1.332842415316642,20.888070692194404,-11.31516936671576,20.863033873343152,14.773932253313696,98359940000.00002,116494940000.00002,25.884194736842108,10.560440197552074,62.88998721227623,79.83761363636364,3.471690667796132,3.471690667796132,12.507509126046813,73.08340025094104,74.48525575447572,94.55758116883118,0.0096584036143169,0.0125254244766721,0.7039743046731611,0.2793769522768976,11.377038895859473,0.615526218902856,10.110169491525424,1.6463157894736842,0.00588654283441,0.6094736842105263,0.0,0.0,0.612570211931476,0.2122762148337595,0.0356452651921838,1.060702875399361,0.0039725144943096,18.121406739299424,0.0169287344631633,0.034346867204165,-26.526877761413843,-7310000000.0,-15366000000.0,-31322000000.0,46799000000.0,4401500000.0,7989500000.0,3711500000.0,43.59888340133133,128.14681724845997,55.67248459958932,2.06427304964539,0.7023194327604855,1.616597510373444,0.0335309896936326,0.2444771723122238,2024-01-30,0.78,amc,9303200000.0,2025-04-25,2023-12-31,0.0769230769230768,68.52682539682539,6848369.650793651
2023-09-30,MDLZ,USD,1103982,2023-11-01,2023-11-01 16:38:05,2023,Q3,9029000000.0,5535000000.0,3494000000.0,0.3869753018,0,0.0,0.0,2019000000.0,96000000.0,2115000000.0,7650000000.0,68000000.0,134000000.0,309000000.0,1774000000.0,0.1964780153,1379000000.0,0.1527300919,-48000000.0,1331000000.0,0.1474138886,354000000.0,984000000.0,0.1089821686,0.72,0.72,1363000000,1370000000,https://www.sec.gov/Archives/edgar/data/1103982/000110398223000075/0001103982-23-000075-index.htm,https://www.sec.gov/Archives/edgar/data/1103982/000110398223000075/mdlz-20230930.htm,6.624358033749083,0.7219369038884813,0.863536316947909,0.6544387380777696,1.1812179016874542,20.95377842993397,-10.434336023477623,20.935436537050624,15.10344827586207,94592200000.00002,113434200000.00002,24.032571138211384,10.476486875622994,80.36720475785897,106.045067264574,3.3149535657963907,3.3149535657963907,12.563318196921037,63.942615558060886,96.37570093457946,127.16838565022424,0.0104025490473844,0.0094299529982387,0.7167338356404416,0.2886254586508608,10.62119503945885,0.6081009716941276,10.291044776119405,1.1912955465587045,0.0055607121940286,0.5345528455284553,0.0,0.0,0.6037538808918995,0.2421410365335599,0.031564957359619,0.9223300970873788,0.0037656440358843,18.4408905774646,0.0182387729310993,0.0350452311418192,-26.09519442406456,-7421000000.0,-14222000000.0,-30785000000.0,45111000000.0,4038000000.0,7699000000.0,3816500000.0,42.77217853582899,124.52032520325204,61.91869918699187,2.1041715217897927,0.7227735701227475,1.4535189075630253,0.0344839670579989,0.2090975788701394,2023-11-01,0.79,amc,8837810000.0,2025-04-25,2023-09-30,0.0379746835443036,72.05746031746031,6066110.507936508
2023-06-30,MDLZ,USD,1103982,2023-07-27,2023-07-27 16:24:01,2023,Q2,8507000000.0,5153000000.0,3354000000.0,0.3942635477,0,0.0,0.0,1869000000.0,60000000.0,1929000000.0,7082000000.0,49000000.0,145000000.0,290000000.0,1596000000.0,0.1876102034,1425000000.0,0.1675091101,-264000000.0,1161000000.0,0.1364758434,268000000.0,944000000.0,0.1109674386,0.69,0.69,1364000000,1372000000,https://www.sec.gov/Archives/edgar/data/1103982/000110398223000043/0001103982-23-000043-index.htm,https://www.sec.gov/Archives/edgar/data/1103982/000110398223000043/mdlz-20230630.htm,6.236803519061583,0.6920821114369502,0.6231671554252199,0.4237536656891496,1.0865102639296187,21.02565982404692,-10.872434017595308,21.002199413489738,16.028592375366568,99490160000.0,119726160000.0,26.348029661016945,11.695093452450925,117.04724705882352,172.1283044982699,3.4729695954201136,3.4729695954201136,14.073840366756787,75.0163909774436,140.85430588235295,207.13868512110727,0.0094883755338216,0.0058096197654119,0.7581247600097741,0.3015341895175286,12.679197994987469,0.6455949338962338,9.827586206896552,0.9032943676939428,0.0052869550114302,0.5572033898305084,0.0,0.0,0.6040819160013884,0.32,0.0319736687433878,0.9379310344827586,0.0043493593511226,18.08433152166335,0.0191947643081599,0.0331042221910506,-27.208760997067447,-6380000000.0,-14830000000.0,-31724000000.0,47073000000.0,4048500000.0,7812500000.0,3726000000.0,40.04349359351122,135.18338831748497,66.80574422666409,2.247556142668428,0.6657622739018088,1.3471895424836602,0.0329528397388906,0.1994134897360703,2023-07-27,0.69,amc,7822040000.0,2025-04-25,2023-06-30,0.1014492753623189,73.87677419354839,5949063.29032258
2023-03-31,MDLZ,USD,1103982,2023-03-31,2023-03-31 00:00:00,2023,Q1,9166000000.0,5720000000.0,3446000000.0,0.3759546149,0,0.0,0.0,1855000000.0,86000000.0,1941000000.0,7661000000.0,58000000.0,153000000.0,303000000.0,2681000000.0,0.2924939996,1505000000.0,0.1641937595,720000000.0,2225000000.0,0.2427449269,658000000.0,2081000000.0,0.2270346934,1.52,1.52,1366000000,1373000000,,,6.710102489019033,1.5234260614934114,0.822108345534407,0.6588579795021962,1.4033674963396778,20.698389458272327,-11.08345534407028,20.66471449487555,16.73718887262079,95237520000.0,116030520000.0,11.441316674675637,10.390303294785076,84.80634016028495,105.81946666666668,3.373867082329601,3.373867082329601,12.658795548767182,43.27882133532264,103.32192341941229,128.9228,0.0218506319778171,0.0094500570783447,0.8045203344197251,0.3120105514796801,7.755688176053711,0.6837731369057255,9.836601307189545,0.5375777884155098,0.0055545335493826,0.2542047092743873,0.0,0.0,0.5964608578572802,0.1985752448797862,0.0243290421121536,0.735973597359736,0.0041457560549858,26.614398430799003,0.0183058296522793,0.0708497889146125,-27.48718887262079,-5860000000.0,-15140000000.0,-31841000000.0,47342000000.0,4109500000.0,7723500000.0,3504000000.0,42.33907920576042,124.06468531468532,57.06818181818182,2.12569573283859,0.725428027901078,1.5770609318996416,0.0737211279580558,0.1632503660322108,2023-04-27,0.8,amc,8486150000.0,2025-04-25,2023-03-31,0.1124999999999999,66.2341935483871,6076808.20967742
2022-12-31,MDLZ,USD,1103982,2023-02-03,2023-02-03 12:06:38,2022,Q4,8695000000.0,5620000000.0,3075000000.0,0.3536515239,0,0.0,0.0,2131000000.0,110000000.0,2241000000.0,7861000000.0,0.0,134000000.0,288000000.0,1194000000.0,0.137320299,834000000.0,0.0959171938,-62000000.0,772000000.0,0.088786659,270000000.0,583000000.0,0.0670500288,0.43,0.42,1368000000,1375000000,https://www.sec.gov/Archives/edgar/data/1103982/000110398223000006/0001103982-23-000006-index.htm,https://www.sec.gov/Archives/edgar/data/1103982/000110398223000006/mdlz-20221231.htm,6.355994152046784,0.4261695906432748,1.0175438596491229,0.8092105263157895,1.405701754385965,19.678362573099417,-11.871345029239766,19.651315789473685,17.30701754385965,91177200000.00002,112796200000.00002,39.09828473413379,10.486164462334678,65.50086206896552,82.36422764227643,3.3916303983930365,3.3916303983930365,12.972535940195517,94.46917922948074,81.03175287356324,101.89358626919604,0.0063941423952479,0.012141193193035,0.875720715693933,0.3308272789870856,18.106365159128977,0.6031319108242185,6.223880597014926,2.3835616438356166,0.0057909214145641,0.9056603773584906,0.0,0.0,0.606511993929259,0.2047413793103448,0.0327774583093732,0.9895833333333334,0.0036802760207015,13.727084436472255,0.009479889911657,0.0208206849755365,-27.556469298245613,-6640000000.0,-16240000000.0,-34150000000.0,46200000000.0,3705000000.0,7144000000.0,3387000000.0,40.44048303622772,121.09964412811388,54.144128113879,2.225492705400563,0.7431896323723882,1.6622301094350784,0.0216865677193765,0.2083333333333333,2023-01-31,0.71,amc,8330352961.0,2025-04-25,2022-12-31,0.028169014084507,63.22857142857143,6472544.571428572
2022-09-30,MDLZ,USD,1103982,2022-11-01,2022-11-01 16:22:56,2022,Q3,7763000000.0,5150000000.0,2613000000.0,0.3365966765,0,0.0,0.0,1884000000.0,50000000.0,1934000000.0,7084000000.0,43000000.0,114000000.0,271000000.0,1023000000.0,0.1317789514,679000000.0,0.0874661858,-41000000.0,638000000.0,0.0821847224,184000000.0,532000000.0,0.0685302074,0.39,0.39,1372000000,1379000000,https://www.sec.gov/Archives/edgar/data/1103982/000110398222000018/0001103982-22-000018-index.htm,https://www.sec.gov/Archives/edgar/data/1103982/000110398222000018/mdlz-20220930.htm,5.658163265306122,0.3877551020408163,0.4001457725947522,0.228134110787172,1.586734693877551,19.43877551020408,-10.954810495626822,19.417638483965018,16.254373177842567,75226760000.0,95236760000.0,35.35092105263158,9.690423805229935,137.02506375227685,240.3410862619808,2.82372133178184,2.82372133178184,12.26803555326549,93.09556207233626,173.47315118397086,304.2707987220448,0.0070719515236333,0.0041607534340173,0.8328140835554221,0.3261067670057028,19.560117302052785,0.6919907827665666,5.956140350877193,1.0300187617260788,0.006380708141624,0.9022556390977444,0.0,0.0,0.6129108119230995,0.4298724954462659,0.0304006183176606,0.8708487084870848,0.0041221177379878,13.015720833445398,0.0086952121470872,0.0202004860267314,-25.41198979591837,-4411000000.0,-15030000000.0,-31456000000.0,46589000000.0,3342500000.0,6756500000.0,3215500000.0,40.61187685173258,117.54174757281552,59.29514563106796,2.216100485298316,0.7656853999405293,1.5178308281756558,0.0199692203746105,0.1720116618075801,2022-11-01,0.68,amc,7441178406.0,2025-04-25,2022-09-30,0.0882352941176469,62.1125,6526257.890625
2022-06-30,MDLZ,USD,1103982,2022-07-26,2022-07-26 16:22:44,2022,Q2,7274000000.0,4633000000.0,2641000000.0,0.3630739621,0,0.0,0.0,1676000000.0,38000000.0,1714000000.0,6347000000.0,0.0,89000000.0,273000000.0,1221000000.0,0.1678581248,927000000.0,0.127440198,-68000000.0,859000000.0,0.1180918339,201000000.0,747000000.0,0.1026945285,0.54,0.54,1382000000,1389000000,https://www.sec.gov/Archives/edgar/data/1103982/000110398222000012/0001103982-22-000012-index.htm,https://www.sec.gov/Archives/edgar/data/1103982/000110398222000012/mdlz-20220630.htm,5.263386396526773,0.540520984081042,0.6049204052098408,0.447178002894356,1.3921852387843705,19.937047756874097,-9.326338639652676,19.906657018813316,14.319826338639652,85808380000.0,103585380000.0,28.717663989290497,11.796587847126752,102.6416028708134,138.84851132686083,3.119057104430955,3.119057104430955,14.240497662908991,84.83651105651106,123.90595693779905,167.61388349514564,0.0087054434543572,0.0072020937815164,0.7161135545781687,0.2984366952464629,14.55937755937756,0.6783031374281927,10.415730337078651,1.1176470588235294,0.005663782488377,0.6506024096385542,0.0,0.0,0.6126276244432999,0.2607655502392344,0.0299697552928237,0.7985347985347986,0.0043992301347264,15.559538278348333,0.0132018605791528,0.0292116377287658,-23.61179450072359,-4368000000.0,-12889000000.0,-29251000000.0,45453000000.0,3437000000.0,7014000000.0,2938000000.0,39.37036018696728,131.8432980789985,59.01575652924671,2.285983658076681,0.6826285545896567,1.5250164581961816,0.0271527752535349,0.1577424023154848,2022-07-26,0.64,amc,6817861967.0,2025-04-25,2022-06-30,0.046875,63.17064516129032,8119496.612903226
2022-03-31,MDLZ,USD,1103982,2022-04-26,2022-04-26 16:15:30,2022,Q1,7764000000.0,4781000000.0,2983000000.0,0.3842091705,0,0.0,0.0,1693000000.0,196000000.0,1889000000.0,6670000000.0,0.0,91000000.0,275000000.0,1325000000.0,0.1706594539,1094000000.0,0.1409067491,-135000000.0,959000000.0,0.1235188047,210000000.0,855000000.0,0.1101236476,0.62,0.61,1389000000,1398000000,https://www.sec.gov/Archives/edgar/data/1103982/000110398222000007/0001103982-22-000007-index.htm,https://www.sec.gov/Archives/edgar/data/1103982/000110398222000007/mdlz-20220331.htm,5.58963282937365,0.6155507559395248,0.8142548596112311,0.6940244780417567,1.4010079193664506,20.313894888408928,-9.52555795536357,20.27429805615551,14.61699064074874,87201420000.0,105467420000.0,25.49749122807017,11.231506955177744,77.10116710875332,90.45790456431536,3.0965313731756683,3.0965313731756683,13.584160226687274,79.59805283018868,93.2514765694076,109.40603734439834,0.0098048862048347,0.0110548658496616,0.7177301942402613,0.2972615230755654,13.785660377358491,0.6820534638020279,12.021978021978022,1.313588850174216,0.0056306422533027,0.5742690058479533,0.0,0.0,0.6095684913374709,0.147656940760389,0.0215095311695002,0.6072727272727273,0.0030911901081916,16.756993722882385,0.0154646604804325,0.0322070290428296,-24.221742260619152,-4484000000.0,-13231000000.0,-30159000000.0,46631000000.0,3440000000.0,6985500000.0,2773000000.0,42.79752704791344,136.30830370215435,53.42396988077808,2.102925243770314,0.6602679187957464,1.6846370683579983,0.030361137743688,0.1202303815694744,2022-04-26,0.74,amc,7476368206.0,2025-04-25,2022-03-31,0.1351351351351351,65.08822580645162,8727779.016129032
2021-12-31,MDLZ,USD,1103982,2022-02-04,2022-02-04 13:40:11,2021,Q4,7658000000.0,4825000000.0,2833000000.0,0.3699399321,0,0.0,0.0,1670000000.0,-41000000.0,1629000000.0,6454000000.0,0.0,90000000.0,276000000.0,1509000000.0,0.1970488378,1204000000.0,0.1572212066,-61000000.0,1143000000.0,0.1492556803,238000000.0,1003000000.0,0.1309741447,0.72,0.71,1396000000,1405000000,https://www.sec.gov/Archives/edgar/data/1103982/000110398222000003/0001103982-22-000003-index.htm,https://www.sec.gov/Archives/edgar/data/1103982/000110398222000003/mdlz-20211231.htm,5.48567335243553,0.7184813753581661,1.0179083094555874,0.7843839541547278,2.540114613180516,20.28868194842407,-8.55730659025788,20.25,14.370343839541547,92568760000.0,108993760000.0,23.072971086739784,12.087850613737269,65.14339197748065,84.53768036529681,3.274567901234568,3.274567901234568,14.232666492556802,72.22913187541418,76.70215341308938,99.5376803652968,0.010835188890939,0.0118290447014738,0.7064629099013053,0.2976658916115185,10.88469184890656,0.7382924043403769,13.377777777777778,1.4139303482587064,0.0052825596886033,0.4875373878364905,0.0,0.0,0.6002056877123949,0.2294159042927515,0.0425698615826586,1.181159420289855,0.0043092191172629,18.09303945299309,0.0173182127258617,0.0373932818849494,-22.5487106017192,-3666000000.0,-11946000000.0,-28427000000.0,45874000000.0,3258500000.0,6607000000.0,2815000000.0,37.46670148863933,125.53367875647668,50.51191709844559,2.402132998745295,0.7169390787518574,1.7817577548005907,0.0354805617460822,0.2335243553008596,2022-01-27,0.72,amc,7584870143.0,2025-04-25,2021-12-31,0.0,61.7084375,6502401.765625
2021-09-30,MDLZ,USD,1103982,2021-11-02,2021-11-02 16:17:56,2021,Q3,7182000000.0,4358000000.0,2824000000.0,0.3932052353,0,0.0,0.0,1436000000.0,94000000.0,1530000000.0,5888000000.0,0.0,87000000.0,273000000.0,1609000000.0,0.224032303,1294000000.0,0.1801726539,-45000000.0,1249000000.0,0.1739069897,342000000.0,1258000000.0,0.1751601225,0.9,0.89,1399000000,1408000000,https://www.sec.gov/Archives/edgar/data/1103982/000110398221000018/0001103982-21-000018-index.htm,https://www.sec.gov/Archives/edgar/data/1103982/000110398221000018/mdlz-20210930.htm,5.133666904932094,0.8992137240886348,0.6633309506790565,0.4996426018584703,2.4310221586847747,19.838456040028596,-9.069335239456755,19.798427448177268,14.689063616869191,81393820000.0,98455820000.0,16.175242448330682,11.333029796714008,87.7088577586207,116.4432331902718,2.9386172286807715,2.9386172286807715,13.708691172375383,61.19068986948415,106.09463362068963,140.85238912732476,0.0154557188739882,0.0085878755905546,0.7387898043180013,0.3039796782387807,10.604101926662524,0.7332211235009468,14.873563218390805,0.7353407290015848,0.0054181017674314,0.3505564387917329,0.0,0.0,0.6007694935900293,0.2467672413793103,0.0318852687273739,0.8388278388278388,0.0034809245335561,20.014192407574622,0.0169761014310698,0.0468093023255813,-23.019478198713365,-3804000000.0,-12688000000.0,-29108000000.0,45942000000.0,3121000000.0,6429500000.0,2923500000.0,41.71679197994988,133.90546122074346,60.34419458467187,2.1574046260138178,0.6721159777914867,1.4914442162902122,0.0454184417647483,0.1636883488205861,2021-11-02,0.7,amc,7014640000.0,2025-04-25,2021-09-30,0.0,62.20953125,6213654.265625
2021-06-30,MDLZ,USD,1103982,2021-07-27,2021-07-27 16:50:04,2021,Q2,6642000000.0,4011000000.0,2631000000.0,0.3961156278,0,0.0,0.0,1593000000.0,166000000.0,1759000000.0,5770000000.0,0.0,90000000.0,280000000.0,1238000000.0,0.1863896417,872000000.0,0.1312857573,-4000000.0,868000000.0,0.1306835291,398000000.0,1078000000.0,0.1623005119,0.77,0.76,1407000000,1416000000,https://www.sec.gov/Archives/edgar/data/1103982/000110398221000013/0001103982-21-000013-index.htm,https://www.sec.gov/Archives/edgar/data/1103982/000110398221000013/mdlz-20210630.htm,4.720682302771855,0.7661691542288557,0.6233120113717129,0.4854299928926794,1.3773987206823028,19.63041933191187,-9.4818763326226,19.575692963752665,13.926083866382374,87853080000.0,105419080000.0,20.37409090909091,13.226901535682025,100.1745496009122,128.62822840409956,3.189669970591438,3.189669970591438,15.87158687142427,85.15273021001616,120.2041961231471,154.3471156661786,0.0122704861343506,0.0077743432558084,0.7081291072141742,0.2933947079441009,14.189014539579968,0.6144124955626553,9.688888888888888,0.8127896200185357,0.0050425096080865,0.4109461966604824,0.0,0.0,0.6161679979541796,0.2212086659064994,0.0292080698584763,0.6928571428571428,0.0057211683227943,18.37012718337432,0.0086857471094628,0.042248001254115,-23.64729921819474,-5431000000.0,-13341000000.0,-30203000000.0,45040000000.0,3114000000.0,6373500000.0,2780000000.0,39.47154471544715,143.0441286462229,65.6320119670905,2.2801235839340888,0.6291764705882353,1.3712820512820514,0.0391388011472969,0.1378820184790334,2021-07-27,0.65,amc,7022070000.0,2025-04-25,2021-06-30,0.0153846153846153,61.60603174603175,6895628.46031746
2021-03-31,MDLZ,USD,1103982,2021-04-28,2021-04-27 18:10:08,2021,Q1,7238000000.0,4272000000.0,2966000000.0,0.4097817077,0,0.0,0.0,1564000000.0,119000000.0,1683000000.0,5955000000.0,0.0,98000000.0,284000000.0,1491000000.0,0.2059961315,1283000000.0,0.1772589113,-174000000.0,1109000000.0,0.1532191213,212000000.0,961000000.0,0.1327714838,0.68,0.68,1412000000,1422000000,https://www.sec.gov/Archives/edgar/data/1103982/000110398221000008/0001103982-21-000008-index.htm,https://www.sec.gov/Archives/edgar/data/1103982/000110398221000008/mdlz-20210331.htm,5.126062322946176,0.6805949008498584,0.6480169971671388,0.495042492917847,1.4362606232294617,19.227337110481585,-9.435552407932011,19.17492917847025,14.21742209631728,82644360000.0,100593360000.0,21.49957336108221,11.418121027908262,90.3217049180328,118.2322746781116,3.052423268698061,3.052423268698061,13.897949709864603,67.46704225352113,109.93809836065574,143.91038626609443,0.0116281377216787,0.0084579274375166,0.7378393351800554,0.3010896923842107,12.038229376257544,0.607766323024055,13.091836734693878,0.9452479338842976,0.0054813177813948,0.4713839750260146,0.0,0.0,0.609986586082684,0.2360655737704918,0.0298424979276043,0.7605633802816901,0.0034539928156949,17.135725196735635,0.0190872866657361,0.0371372261081269,-23.631905099150146,-5707000000.0,-13323000000.0,-30357000000.0,44140000000.0,3134500000.0,6290500000.0,2641000000.0,41.21995026250345,134.24157303370788,55.51264044943821,2.1834087481146303,0.6704331450094162,1.6212523719165086,0.0354939981532779,0.1529745042492918,2021-04-27,0.69,amc,7010790000.0,2025-04-25,2021-03-31,0.1159420289855073,56.448524590163935,8250280.540983606
2020-12-31,MDLZ,USD,1103982,2021-02-05,2021-02-05 10:23:42,2020,Q4,7298000000.0,4426000000.0,2872000000.0,0.3935324747,0,0.0,0.0,1624000000.0,99000000.0,1723000000.0,6149000000.0,0.0,101000000.0,303000000.0,1345000000.0,0.1842970677,1149000000.0,0.1574403946,-208000000.0,941000000.0,0.1289394355,344000000.0,1156000000.0,0.1583995615,0.81,0.8,1429000000,1439000000,https://www.sec.gov/Archives/edgar/data/1103982/000110398221000004/0001103982-21-000004-index.htm,https://www.sec.gov/Archives/edgar/data/1103982/000110398221000004/mdlz-20201231.htm,5.1070678796361095,0.8089573128061581,1.1539538138558432,0.9909027291812456,2.5325402379286213,19.35199440167949,-8.903428971308607,19.298810356892933,14.427571728481457,83553630000.0,100450630000.0,18.069556660899657,11.448839408057,50.66927228623408,59.006800847457626,3.0297204293277247,3.0297204293277247,13.764131268840778,74.68448327137547,60.91608853850818,70.9397104519774,0.0138354252232967,0.0169471990624464,0.7439263180796287,0.3025512461288895,12.56282527881041,0.6582888053301669,11.376237623762377,1.4227782571182053,0.0053977307748328,0.3901384083044982,0.0,0.0,0.5954431499778794,0.1412977562158884,0.0319265552206083,0.768976897689769,0.0039736914223074,18.74214661531663,0.0131531683446126,0.04213902963584,-23.091672498250524,-5180000000.0,-12723000000.0,-30177000000.0,44861000000.0,3005000000.0,5903000000.0,2743500000.0,36.42915867360921,126.25621328513331,53.82512426570267,2.4705484089370344,0.7128362055081333,1.6720816018133735,0.0419174704474581,0.1630510846745976,2021-01-28,0.66,amc,7144060000.0,2025-04-25,2020-12-31,0.0151515151515151,57.15375,5640500.984375
2020-09-30,MDLZ,USD,1103982,2020-11-03,2020-11-02 18:11:04,2020,Q3,6665000000.0,3873000000.0,2792000000.0,0.4189047262,0,0.0,0.0,1484000000.0,173000000.0,1657000000.0,5530000000.0,0.0,104000000.0,285000000.0,1473000000.0,0.2210052513,1135000000.0,0.1702925731,-51000000.0,1084000000.0,0.1626406602,391000000.0,1119000000.0,0.167891973,0.78,0.78,1432000000,1442000000,https://www.sec.gov/Archives/edgar/data/1103982/000110398220000014/0001103982-20-000014-index.htm,https://www.sec.gov/Archives/edgar/data/1103982/000110398220000014/mdlz-20200930.htm,4.654329608938547,0.7814245810055865,0.5286312849162011,0.3994413407821229,1.9266759776536315,18.87430167597765,-8.633379888268156,18.814944134078218,14.456703910614523,82268400000.0,100107400000.0,18.379892761394103,12.343345836459116,108.6768824306473,143.82587412587412,3.0534238948892103,3.0534238948892103,15.01986496624156,67.96157501697216,132.24227212681637,175.01293706293706,0.0136018203830389,0.0069528518848063,0.7645028393274691,0.3109179006475569,12.110658520027156,0.7446590461174616,10.913461538461538,0.6746880570409982,0.0049593768688828,0.3646112600536193,0.0,0.0,0.5945901070204833,0.2443857331571994,0.0277569392348087,0.6491228070175439,0.0051012753188297,18.18805504510723,0.0132501414035724,0.0416635639288107,-22.870111731843576,-3239000000.0,-12363000000.0,-29775000000.0,45346000000.0,2833000000.0,5531500000.0,2775000000.0,41.26631657914479,130.06196746707977,65.99535243996901,2.180955497382199,0.6919778452742541,1.3637323943661972,0.0415321233715621,0.1291899441340782,2020-11-02,0.62,amc,6559206349.0,2025-04-25,2020-09-30,0.0161290322580645,55.66984375,5944083.640625
2020-06-30,MDLZ,USD,1103982,2020-07-29,2020-07-28 18:13:57,2020,Q2,5911000000.0,3580000000.0,2331000000.0,0.3943495178,0,0.0,0.0,1453000000.0,165000000.0,1618000000.0,5198000000.0,0.0,108000000.0,272000000.0,1039000000.0,0.1757739807,713000000.0,0.1206225681,-54000000.0,659000000.0,0.111487058,341000000.0,544000000.0,0.0920318051,0.38,0.38,1431000000,1439000000,https://www.sec.gov/Archives/edgar/data/1103982/000110398220000009/0001103982-20-000009-index.htm,https://www.sec.gov/Archives/edgar/data/1103982/000110398220000009/a2020q210-qdocument.htm,4.13067784765898,0.3801537386443047,0.8902865129280224,0.7288609364081062,1.119496855345912,18.23689727463312,-8.928721174004194,18.18169112508735,14.17959468902865,73167030000.0,91748030000.0,33.624554227941175,12.378113686347488,57.4309497645212,70.1505560882071,2.812169651779538,2.812169651779538,15.52157502960582,88.30416746871992,72.01572213500785,87.9655129434324,0.0074350428054821,0.0142550544965403,0.7757321854101007,0.314406330809733,17.883541867179982,0.5499002682440333,6.601851851851852,2.412878787878788,0.0056036168203082,0.7536764705882353,0.0,0.0,0.6055706140760819,0.1813186813186813,0.0390796819489088,0.8492647058823529,0.0059211639316528,12.470619542017689,0.0064484614961287,0.0214849921011058,-23.18832983927324,-6544000000.0,-12777000000.0,-30102000000.0,41340000000.0,2954000000.0,5510000000.0,2575500000.0,39.73946878700728,137.41340782122904,68.12849162011173,2.2647509578544063,0.654957921697768,1.3210332103321034,0.0209086017372588,0.1614255765199161,2020-07-28,0.56,amc,5254222222.0,2025-04-25,2020-06-30,0.1249999999999999,51.36825396825397,7075797.619047619
2020-03-31,MDLZ,USD,1103982,2020-04-29,2020-04-28 18:34:52,2020,Q1,6707000000.0,4256000000.0,2451000000.0,0.3654390935,0,0.0,0.0,1537000000.0,58000000.0,1595000000.0,5851000000.0,0.0,110000000.0,256000000.0,1065000000.0,0.1587893246,856000000.0,0.1276278515,-157000000.0,699000000.0,0.1042194722,148000000.0,736000000.0,0.1097360966,0.53,0.52,1434000000,1445000000,https://www.sec.gov/Archives/edgar/data/1103982/000110398220000006/0001103982-20-000006-index.htm,https://www.sec.gov/Archives/edgar/data/1103982/000110398220000006/a2020q110-qdocument.htm,4.677126917712692,0.5132496513249651,0.1980474198047419,0.0488145048814504,1.3423988842398884,17.9581589958159,-8.183403068340306,17.90376569037657,14.179218967921896,71814720000.0,90112720000.0,24.393586956521737,10.707428060235577,252.8687323943662,1025.9245714285714,2.7971769104931057,2.7971769104931057,13.43562248397197,84.61288262910799,317.2983098591549,1287.3245714285715,0.0102485952740608,0.0009747305287829,0.7876840383267119,0.3179816975376584,17.181220657276995,0.5332862855798636,7.781818181818182,0.3736842105263158,0.0056952112324604,0.5557065217391305,0.0,0.0,0.589436774741344,0.7535211267605634,0.0319069628746086,0.8359375,0.0041747428060235,14.378970189299617,0.0127240849714726,0.0281873539887403,-22.47350069735007,-7936000000.0,-11735000000.0,-28778000000.0,38195000000.0,3112500000.0,5703500000.0,2493500000.0,44.25525570299687,117.44830827067668,51.61889097744361,2.033656761673741,0.7662945624774937,1.7435477263416632,0.0286671340655916,0.1492329149232915,2020-04-28,0.65,amc,6415391304.0,2025-04-25,2020-03-31,0.0615384615384614,54.16806451612904,9307308.29032258
2019-12-31,MDLZ,USD,1103982,2020-02-07,2020-02-07 11:22:43,2019,Q4,6913000000.0,4154000000.0,2759000000.0,0.399103139,0,0.0,0.0,1750000000.0,103000000.0,1853000000.0,6007000000.0,0.0,113000000.0,270000000.0,1237000000.0,0.1789382323,906000000.0,0.131057428,-52000000.0,854000000.0,0.1235353681,230000000.0,726000000.0,0.1050195284,0.5,0.5,1441000000,1453000000,https://www.sec.gov/Archives/edgar/data/1103982/000110398220000003/0001103982-20-000003-index.htm,https://www.sec.gov/Archives/edgar/data/1103982/000110398220000003/mdlz10k123119document1.htm,4.797362942401111,0.5038167938931297,1.4455239417071477,1.2796668979875088,0.8959056210964608,18.956974323386536,-7.972241498959057,18.904233171408745,13.145038167938932,79370280000.0,96908280000.0,27.33136363636364,11.481307681180384,38.10383101296208,43.04245119305857,2.9136331265372046,2.9136331265372046,14.018267033125994,78.3413742926435,46.5234181469035,52.55329718004339,0.0091470006153436,0.0232328775959968,0.6912007635549355,0.2918546074556304,14.177849636216653,0.4979767654353217,8.017699115044248,2.8573388203017838,0.0051782606789342,0.5661157024793388,0.0,0.0,0.6014880260404557,0.1147383581373019,0.0345725444814118,0.8851851851851852,0.0049182699262259,14.638855089012749,0.0123501980552824,0.0282380396732788,-22.511276891047885,-7692000000.0,-11488000000.0,-29568000000.0,40414000000.0,3051000000.0,5587500000.0,2644000000.0,38.10646607840301,126.8103033220992,55.16129032258065,2.361803894772805,0.7097215103365795,1.631578947368421,0.0266510040013215,0.1658570437196391,2020-01-29,0.6,amc,6799672131.0,2025-04-25,2019-12-31,0.0166666666666666,53.49421875,5746882.546875
2019-09-30,MDLZ,USD,1103982,2019-10-30,2019-10-29 19:11:46,2019,Q3,6355000000.0,3839000000.0,2516000000.0,0.3959087333,0,0.0,0.0,1466000000.0,174000000.0,1640000000.0,5479000000.0,0.0,121000000.0,260000000.0,1065000000.0,0.1675845791,876000000.0,0.1378442172,-192000000.0,684000000.0,0.107631786,-633000000.0,1426000000.0,0.2243902439,0.99,0.98,1445000000,1458000000,https://www.sec.gov/Archives/edgar/data/1103982/000110398219000017/0001103982-19-000017-index.htm,https://www.sec.gov/Archives/edgar/data/1103982/000110398219000017/a2019q310-qdocument.htm,4.397923875432526,0.9868512110726644,0.5785467128027681,0.4256055363321799,1.0636678200692042,18.597923875432524,-7.773702422145329,18.550865051903116,13.889273356401384,79937400000.0,98349400000.0,14.014270687237026,12.578662470495672,95.6188995215311,129.97951219512194,2.982071178094457,2.982071178094457,15.475908733280882,92.3468544600939,117.64282296650718,159.91772357723576,0.017838958985406,0.0076935201795404,0.74419905991196,0.3122153533140308,17.28826291079812,0.5040887850467289,7.239669421487603,0.5854341736694678,0.0046911708411832,0.2629733520336605,0.0,0.0,0.5964003443148916,0.2643540669856459,0.0347757671125098,0.85,0.004720692368214,20.29547318900482,0.0314082196291817,0.0552970373817279,-21.95968858131488,-8490000000.0,-11233000000.0,-28391000000.0,38529000000.0,3033000000.0,5317000000.0,2736500000.0,44.9645948072384,124.7668663714509,64.28236519927064,2.001574803149606,0.7213453588876362,1.400072939460248,0.0531970454375886,0.1529411764705882,2019-10-29,0.61,amc,6057109375.0,2025-04-25,2019-09-30,0.0491803278688525,54.71125,5608208.625
2019-06-30,MDLZ,USD,1103982,2019-07-31,2019-07-30 18:19:42,2019,Q2,6062000000.0,3593000000.0,2469000000.0,0.407291323,0,0.0,0.0,1427000000.0,17000000.0,1444000000.0,5037000000.0,0.0,127000000.0,259000000.0,1322000000.0,0.2180798416,1025000000.0,0.1690861102,-89000000.0,936000000.0,0.154404487,216000000.0,803000000.0,0.1324645332,0.56,0.55,1445000000,1458000000,https://www.sec.gov/Archives/edgar/data/1103982/000110398219000014/0001103982-19-000014-index.htm,https://www.sec.gov/Archives/edgar/data/1103982/000110398219000014/a2019q210-qdocument.htm,4.19515570934256,0.5557093425605536,0.402076124567474,0.2636678200692041,0.8636678200692042,18.113494809688586,-8.629757785467127,18.057439446366786,13.69757785467128,79055950000.0,97473950000.0,24.61268679950187,13.041232266578689,136.06876075731498,207.4959317585302,3.0297761851837657,3.0297761851837657,16.079503464203235,73.73218608169441,167.76927710843373,255.8371391076115,0.0101573632345193,0.0048193715969512,0.7536887287778331,0.3093451622544161,13.931921331316188,0.4402741881110237,8.070866141732283,0.719059405940594,0.0047561252505345,0.4682440846824408,0.0,0.0,0.6078681201138848,0.3442340791738382,0.0329924117452985,0.7722007722007722,0.0064335202903332,15.025993330526225,0.0148123527796644,0.0322114806049179,-22.57249134948097,-9962000000.0,-12470000000.0,-29563000000.0,37869000000.0,3213500000.0,5439000000.0,2675500000.0,42.92147806004619,133.05872529919287,68.40801558586139,2.096852300242131,0.6763930722891566,1.315635298425485,0.0307745372322078,0.1384083044982699,2019-07-30,0.57,amc,6062000000.0,2025-04-25,2019-06-30,0.0,51.92682539682539,6405742.396825396
2019-03-31,MDLZ,USD,1103982,2019-05-01,2019-04-30 18:22:02,2019,Q1,6538000000.0,3945000000.0,2593000000.0,0.3966044662,0,0.0,0.0,1493000000.0,64000000.0,1557000000.0,5502000000.0,0.0,123000000.0,258000000.0,1354000000.0,0.2070969716,1036000000.0,0.1584582441,-63000000.0,973000000.0,0.1488222698,189000000.0,914000000.0,0.1397981034,0.63,0.63,1449000000,1461000000,https://www.sec.gov/Archives/edgar/data/1103982/000110398219000010/0001103982-19-000010-index.htm,https://www.sec.gov/Archives/edgar/data/1103982/000110398219000010/a2019q110-qdocument.htm,4.51207729468599,0.6307798481711525,0.3209109730848861,0.1380262249827467,1.0641821946169772,17.880607315389923,-8.788819875776397,17.82470669427191,13.81159420289855,72000810000.0,90348810000.0,19.693875820568927,11.012665952890792,154.84045161290322,360.00405,2.7877036549481184,2.7877036549481184,13.81902875497094,66.72733382570162,194.2985161290323,451.74405,0.012694301633551,0.0027777465281293,0.7700944711166177,0.3099965711792026,13.55096011816839,0.4818576829750014,8.422764227642276,0.5054347826086957,0.0052777184034457,0.4157549234135667,0.0,0.0,0.6022879586047817,0.5698924731182796,0.0405322728663199,1.0271317829457365,0.0048944631385744,15.905281515959835,0.0156252356605281,0.0358178540637981,-22.60110420979986,-9182000000.0,-12735000000.0,-29714000000.0,38618000000.0,3271000000.0,5680000000.0,2606000000.0,48.67543591312328,126.98098859315589,59.77186311787072,1.8489819004524888,0.7087675170679123,1.5057251908396947,0.0353879510608641,0.1828847481021394,2019-04-30,0.61,amc,6135661538.0,2025-04-25,2019-03-31,0.0655737704918033,45.881147540983605,7940684.295081967
2018-12-31,MDLZ,USD,1103982,2019-02-08,2019-02-08 10:34:04,2018,Q4,6773000000.0,4224000000.0,2549000000.0,0.3763472612,0,0.0,0.0,1536000000.0,-4741000000.0,-3205000000.0,1019000000.0,0.0,128000000.0,198000000.0,1093000000.0,0.161376052,5754000000.0,0.8495496826,-4987000000.0,767000000.0,0.113243762,111000000.0,823000000.0,0.1215118854,0.56,0.56,1457000000,1470000000,https://www.sec.gov/Archives/edgar/data/1103982/000110398219000005/0001103982-19-000005-index.htm,https://www.sec.gov/Archives/edgar/data/1103982/000110398219000005/mdlz10k123118document.htm,4.648592999313658,0.5648592999313659,1.4159231297186,1.2203157172271792,0.7549759780370625,17.647906657515442,-8.932052161976664,17.595744680851062,12.69732326698696,58323710000.0,75595710000.0,17.71680133657351,8.61120773660121,28.27130877363064,32.802986501687286,2.2749818621523583,2.2749818621523583,11.161333234903292,69.16350411710887,36.64358216190015,42.517272215973,0.0141108993237913,0.0304850291588103,0.7166205094199789,0.2928788917406622,15.802378774016468,0.4543227579614028,44.953125,2.497578692493947,0.0064982148769342,0.4605103280680437,0.0,0.0,0.6173699564794592,0.1381483276781386,0.0420788424627196,1.4393939393939394,0.0053152222058172,14.954270309828669,0.0949468073867371,0.0342888092658945,-22.21379547014413,-9133000000.0,-13014000000.0,-29412000000.0,38076000000.0,3291500000.0,5584000000.0,2717000000.0,39.94389487671638,123.45170454545452,55.22727272727273,2.253160345974717,0.7290300310666207,1.6296296296296295,0.0321020400202831,0.1956074124914207,2019-01-30,0.63,amc,6773000000.0,2025-04-25,2018-12-31,0.0,42.63111111111111,8233598.698412699
2018-09-30,MDLZ,USD,1103982,2018-10-30,2018-10-29 18:16:57,2018,Q3,6288000000.0,3874000000.0,2414000000.0,0.3839058524,0,0.0,0.0,1508000000.0,169000000.0,1677000000.0,5551000000.0,0.0,117000000.0,206000000.0,993000000.0,0.1579198473,737000000.0,0.1172073791,-67000000.0,670000000.0,0.1065521628,310000000.0,1194000000.0,0.1898854962,0.81,0.81,1466000000,1480000000,https://www.sec.gov/Archives/edgar/data/1103982/000110398218000013/0001103982-18-000013-index.htm,https://www.sec.gov/Archives/edgar/data/1103982/000110398218000013/a2018q310-qdocument.htm,4.289222373806275,0.8144611186903138,0.4795361527967258,0.2899045020463847,0.93656207366985,17.416098226466577,-9.211459754433834,17.36493860845839,13.766030013642563,62788780000.0,81479780000.0,13.146729480737015,9.98549300254453,89.31547652916073,147.73830588235293,2.4664642338060254,2.4664642338060254,12.95798027989822,82.05415911379657,115.9029587482219,191.71712941176472,0.0190161363224448,0.0067687252404012,0.7881525710020819,0.3139021871773209,18.822759315206444,0.5624193964405468,6.299145299145299,0.5407692307692308,0.0051442311827049,0.2705192629815745,0.0,0.0,0.6107199849807566,0.3954480796586059,0.0442111959287531,1.3495145631067962,0.0039758269720101,17.838694313577353,0.0073850285330647,0.0479864962623583,-22.44832878581173,-6786000000.0,-13504000000.0,-29664000000.0,40653000000.0,3405500000.0,5311000000.0,2762500000.0,51.19751908396946,124.84770263293753,66.02478058853897,1.7578976796197932,0.7208783029400819,1.363124560168895,0.0469026201044899,0.189631650750341,2018-10-29,0.61,amc,6186580645.0,2025-04-25,2018-09-30,0.0163934426229508,42.660158730158734,6385810.603174604
2018-06-30,MDLZ,USD,1103982,2018-07-26,2018-07-25 18:01:55,2018,Q2,6112000000.0,3572000000.0,2540000000.0,0.4155759162,0,0.0,0.0,1904000000.0,155000000.0,2059000000.0,5631000000.0,0.0,115000000.0,200000000.0,563000000.0,0.0921138743,481000000.0,0.078697644,-233000000.0,248000000.0,0.0405759162,15000000.0,318000000.0,0.0520287958,0.22,0.22,1475000000,1488000000,https://www.sec.gov/Archives/edgar/data/1103982/000110398218000009/0001103982-18-000009-index.htm,https://www.sec.gov/Archives/edgar/data/1103982/000110398218000009/q2-201810qdocument.htm,4.143728813559322,0.215593220338983,0.5254237288135594,0.3572881355932203,0.8447457627118644,17.14372881355932,-9.543728813559325,17.086779661016948,13.44135593220339,60475000000.0,78940000000.0,47.543238993710695,9.894469895287958,78.03225806451613,114.75332068311197,2.3995159306431777,2.3995159306431777,12.915575916230368,140.21314387211368,101.85806451612903,149.79127134724857,0.00525837122778,0.0087143447705663,0.7820894337975638,0.3130021913805698,32.797513321492005,0.5529935275080906,4.182608695652174,2.3846153846153846,0.0054071930549813,1.028301886792453,0.0,0.0,0.6250833677390669,0.32,0.0405759162303664,1.24,0.006380890052356,9.104139809871048,0.0085271956008852,0.0134688691232528,-22.151864406779666,-6630000000.0,-14077000000.0,-29485000000.0,41118000000.0,3594000000.0,5487500000.0,2651500000.0,47.62107329842932,132.22844344904814,67.60078387458007,1.8899196042053183,0.680640243902439,1.331345508758852,0.012617545530294,0.168135593220339,2018-07-25,0.54,amc,5893714285.0,2025-04-25,2018-06-30,0.037037037037037,40.18734375,8419781.328125
2018-03-31,MDLZ,USD,1103982,2018-05-02,2018-05-02 09:43:53,2018,Q1,6765000000.0,3916000000.0,2849000000.0,0.4211382114,0,0.0,0.0,1527000000.0,98000000.0,1625000000.0,5541000000.0,0.0,102000000.0,207000000.0,1466000000.0,0.2167036216,1224000000.0,0.1809312639,-67000000.0,1157000000.0,0.1710273466,337000000.0,1046000000.0,0.1546193644,0.63,0.62,1489000000,1505000000,https://www.sec.gov/Archives/edgar/data/1103982/000110398218000005/0001103982-18-000005-index.htm,https://www.sec.gov/Archives/edgar/data/1103982/000110398218000005/mdlz10q33118doc.htm,4.54331766286098,0.7024848891873741,0.2733378106111484,0.0826057756883814,0.7588985896574882,17.830758898589657,-9.107454667562122,17.76494291470786,12.686366689053056,62135969999.99999,79793970000.0,14.85085325047801,9.18491796008869,152.66823095823094,505.170487804878,2.3490083925601084,2.3490083925601084,11.795117516629713,54.42972032742155,196.0539803439804,648.7314634146342,0.0168340495851275,0.0019795297313295,0.7102676546196884,0.2912732741112816,12.045020463847203,0.4982736040004762,12.0,0.4311440677966102,0.0053109334255182,0.3154875717017208,0.0,0.0,0.6218470458738353,0.6977886977886978,0.041980783444198,1.3719806763285023,0.0041389504804138,16.75682216246022,0.0162715449266761,0.042882912430305,-21.858629952988583,-8428000000.0,-13561000000.0,-29583000000.0,40475000000.0,3740000000.0,5716000000.0,2588500000.0,52.60310421286031,131.62155260469868,60.21450459652706,1.7109256449165402,0.6837785926313952,1.4946564885496183,0.0395433237562377,0.1907320349227669,2018-05-01,0.61,amc,6655887096.0,2025-04-25,2018-03-31,0.0163934426229508,43.43508196721312,9680048.44262295
2017-12-31,MDLZ,USD,1103982,2018-02-09,2018-02-09 10:33:19,2017,Q4,6966000000.0,4302000000.0,2664000000.0,0.3824289406,0,0.0,0.0,1657000000.0,163000000.0,1820000000.0,6122000000.0,0.0,101000000.0,212000000.0,1037000000.0,0.1488659202,844000000.0,0.1211599196,-120000000.0,724000000.0,0.1039333908,178000000.0,802000000.0,0.1151306345,0.54,0.53,1497000000,1513000000,https://www.sec.gov/Archives/edgar/data/1103982/000119312518037332/0001193125-18-037332-index.htm,https://www.sec.gov/Archives/edgar/data/1103982/000119312518037332/d466496d10k.htm,4.653306613226453,0.5357381429525718,1.1997327989311957,1.004008016032064,0.5083500334001336,17.41750167000668,-9.118236472945892,17.364061456245825,11.859051436205744,64071599999.99999,80962600000.0,19.972443890274317,9.197760551248924,35.67461024498886,42.62914171656686,2.464861121797337,2.464861121797337,11.622538041917888,78.07386692381871,45.07939866369711,53.86733200266134,0.0125172463306675,0.0234581312157024,0.6790797876433023,0.2803818479279508,16.288331726133077,0.4761603241942633,8.356435643564357,2.217283950617284,0.0051348803526055,0.4102244389027431,0.0,0.0,0.6309703448385406,0.1631403118040089,0.0420614412862474,1.3820754716981132,0.0047372954349698,14.467490310015004,0.0122771629806546,0.0345198639865708,-21.509018036072145,-8273000000.0,-13650000000.0,-29363000000.0,40128000000.0,3719500000.0,5422000000.0,2669000000.0,45.55555555555556,119.35146443514644,53.49372384937239,1.975609756097561,0.7540753724802804,1.6824403597966366,0.0308532738324228,0.1957247828991316,2018-01-31,0.56,amc,6843789473.0,2025-04-25,2017-12-31,0.0178571428571426,41.986666666666665,8151368.285714285
2017-09-30,MDLZ,USD,1103982,2017-10-31,2017-10-31 10:18:32,2017,Q3,6530000000.0,3981000000.0,2549000000.0,0.3903522205,0,0.0,0.0,1338000000.0,2382000000.0,3720000000.0,7701000000.0,0.0,89000000.0,209000000.0,1460000000.0,0.2235834609,-1171000000.0,-0.1793261868,2333000000.0,1162000000.0,0.1779479326,272000000.0,981000000.0,0.150229709,0.66,0.65,1507000000,1524000000,https://www.sec.gov/Archives/edgar/data/1103982/000119312517326282/0001193125-17-326282-index.htm,https://www.sec.gov/Archives/edgar/data/1103982/000119312517326282/d456152d10q.htm,4.333112143331121,0.6509621765096217,0.3550099535500995,0.2003981420039814,0.5600530856005309,17.318513603185135,-9.031187790311876,17.273390842733907,12.423357664233576,61274619999.99999,79063620000.0,15.615346585117226,9.383555895865236,114.532,202.89609271523176,2.35390956935961,2.35390956935961,12.10775191424196,54.153164383561645,147.78246728971962,261.80006622516555,0.0160098912078116,0.0049286311363497,0.7158003918404978,0.2944020476845049,12.184246575342463,0.5085749922045525,-13.157303370786517,0.5387713997985901,0.0047001515472474,0.2935779816513761,0.0,0.0,0.6274035802878767,0.4355140186915888,0.0356814701378254,1.1148325358851674,0.0041347626339969,15.905888602038782,-0.016931779415821,0.0415995250614875,-21.249336429993363,-7880000000.0,-13610000000.0,-29037000000.0,40367000000.0,3610500000.0,5075500000.0,2745500000.0,53.931087289433385,116.17935192162771,62.87113790504898,1.6687963199591107,0.7746643315820199,1.431499460625674,0.0376858361184741,0.1546118115461181,2017-10-30,0.54,amc,6186315789.0,2025-04-25,2017-09-30,0.0555555555555553,42.46444444444444,8147863.333333333
2017-06-30,MDLZ,USD,1103982,2017-08-02,2017-08-02 12:53:57,2017,Q2,5986000000.0,3672000000.0,2314000000.0,0.3865686602,0,0.0,0.0,1455000000.0,223000000.0,1678000000.0,5350000000.0,0.0,103000000.0,195000000.0,815000000.0,0.136151019,636000000.0,0.1062479118,-119000000.0,517000000.0,0.0863681924,84000000.0,498000000.0,0.0831941196,0.33,0.32,1519000000,1539000000,https://www.sec.gov/Archives/edgar/data/1103982/000119312517245459/0001193125-17-245459-index.htm,https://www.sec.gov/Archives/edgar/data/1103982/000119312517245459/d412472d10q.htm,3.9407504937458855,0.3278472679394338,0.5391705069124424,0.4193548387096774,0.9196840026333114,16.979591836734695,-8.97761685319289,16.932192231731403,12.431863067807768,65605610000.0,82989610000.0,32.93454317269076,10.959841296358167,80.1045299145299,102.99153846153848,2.5507624416796264,2.5507624416796264,13.863950885399264,101.82774233128836,101.33041514041514,130.2819623233909,0.0075908142611584,0.0097095355107589,0.7302099533437014,0.2992654205905317,21.330061349693253,0.5264409175608816,6.174757281553398,1.638,0.0044051110872987,0.5803212851405622,0.0,0.0,0.6282805105406568,0.2222222222222222,0.0304042766455061,0.9333333333333332,0.0063481456732375,11.175929119158951,0.0100981132756263,0.0213477366255144,-20.89005924950625,-7370000000.0,-13637000000.0,-28772000000.0,40503000000.0,3586000000.0,4954500000.0,2656500000.0,49.73605078516538,122.84313725490196,66.42156862745098,1.809552599758162,0.7326416600159616,1.3549815498154982,0.019362363919129,0.1198156682027649,2017-08-02,0.46,bmo,5736583333.0,2025-04-25,2017-06-30,0.0434782608695651,45.08952380952381,7285079.888888889
2017-03-31,MDLZ,USD,1103982,2017-05-03,2017-05-03 09:49:13,2017,Q1,6414000000.0,3896000000.0,2518000000.0,0.392578734,0,0.0,0.0,1483000000.0,210000000.0,1693000000.0,5589000000.0,0.0,103000000.0,200000000.0,1024000000.0,0.159650764,825000000.0,0.1286248831,-104000000.0,721000000.0,0.1124103524,154000000.0,630000000.0,0.098222638,0.41,0.41,1529000000,1550000000,https://www.sec.gov/Archives/edgar/data/1103982/000119312517155252/0001193125-17-155252-index.htm,https://www.sec.gov/Archives/edgar/data/1103982/000119312517155252/d346910d10q.htm,4.194898626553303,0.4120340091563113,-0.3642903858731197,-0.5644211903204709,0.854807063440157,16.820797907128842,-8.563113145846959,16.780902550686722,12.08436886854153,65869320000.0,82936320000.0,26.138619047619045,10.269616463985033,-118.25730700179533,-76.32597914252607,2.567203990957986,2.567203990957986,12.930514499532274,80.9925,-148.89824057450627,-96.10234067207416,0.0095643920416971,-0.013101698939658,0.7161119338997584,0.2959920097944455,16.6669921875,0.5588762701733413,8.009708737864077,-0.8799368088467614,0.0044330198034532,0.4634920634920635,0.0,0.0,0.6252335846381855,-0.5493716337522442,0.0477081384471468,1.53,0.0060804490177736,12.472842799156432,0.0123608971319944,0.0270804676753782,-20.176913015042512,-6642000000.0,-13093000000.0,-27942000000.0,40547000000.0,3667000000.0,5107500000.0,2536000000.0,54.21889616463984,113.12371663244352,60.13090349075976,1.659937888198758,0.7955891362058403,1.4967345370726086,0.0245537454205316,0.2001308044473512,2017-05-02,0.5,amc,6050943396.0,2025-04-25,2017-03-31,0.06,44.31370967741936,8031208.564516129
2016-12-31,MDLZ,USD,1103982,2017-02-24,2017-02-24 13:04:38,2016,Q4,6770000000.0,4181000000.0,2589000000.0,0.382422452,0,0.0,0.0,1705000000.0,377000000.0,2082000000.0,6263000000.0,0.0,115000000.0,208000000.0,255000000.0,0.0376661743,507000000.0,0.0748892171,-575000000.0,-68000000.0,-0.0100443131,-78000000.0,93000000.0,0.0137370753,0.06,0.06,1540000000,1559000000,https://www.sec.gov/Archives/edgar/data/1103982/000119312517055858/0001193125-17-055858-index.htm,https://www.sec.gov/Archives/edgar/data/1103982/000119312517055858/d288385d10k.htm,4.396103896103896,0.0603896103896103,1.103896103896104,0.8993506493506493,1.1305194805194805,16.373376623376622,-8.546753246753246,16.338311688311688,11.242857142857142,68268200000.0,83726200000.0,183.51666666666665,10.083929098966026,40.15776470588235,49.29111913357401,2.7132546401176425,2.7132546401176425,12.367237813884786,328.33803921568625,49.25070588235294,60.45212996389892,0.0013622740895468,0.0202876302583047,0.6835578872063909,0.2794858461438461,60.61960784313725,0.5881944926128876,4.408695652173913,18.27956989247312,0.0042918957874969,3.150537634408602,0.0,0.0,0.6236309272319542,0.1852941176470588,0.0465288035450517,1.5144230769230769,0.0056129985228951,4.711681890665594,-0.0014589911263411,0.0040153706662061,-19.964285714285715,-5937000000.0,-13162000000.0,-27843000000.0,40669000000.0,3692000000.0,5101000000.0,2622500000.0,46.129985228951256,114.47500597943076,53.14757235111218,1.9510086455331408,0.7861978187288454,1.6933981368975293,0.0036961964945749,0.2045454545454545,2017-02-07,0.49,amc,6914042553.0,2025-04-25,2016-12-31,-0.0408163265306122,43.079206349206345,8621718.80952381
2016-09-30,MDLZ,USD,1103982,2016-10-26,2016-10-26 14:42:49,2016,Q3,6396000000.0,3908000000.0,2488000000.0,0.3889931207,0,0.0,0.0,1552000000.0,234000000.0,1786000000.0,5694000000.0,0.0,129000000.0,207000000.0,893000000.0,0.1396185116,702000000.0,0.1097560976,-145000000.0,557000000.0,0.0870856785,40000000.0,548000000.0,0.0856785491,0.35,0.35,1557000000,1576000000,https://www.sec.gov/Archives/edgar/data/1103982/000119312516747755/0001193125-16-747755-index.htm,https://www.sec.gov/Archives/edgar/data/1103982/000119312516747755/d252200d10q.htm,4.107899807321773,0.3519588953114965,0.5144508670520231,0.3185613359023763,1.0828516377649329,17.711624919717405,-7.639691714836223,17.667951188182403,11.06936416184971,68352300000.0,83772300000.0,31.182618613138683,10.68672607879925,85.33370786516853,137.8070564516129,2.484724999091206,2.484724999091206,13.097607879924952,93.80996640537514,104.58464419475656,168.89576612903227,0.0080172869091457,0.0072565224579129,0.6218328547020975,0.2703864696119497,17.267637178051512,0.6344486637529555,5.441860465116279,1.4616788321167884,0.0038623425985665,0.4817518248175182,0.0,0.0,0.6239152770094049,0.3807740324594257,0.0476860537836147,1.4734299516908214,0.0046904315196998,11.828517790016114,0.0122228342983101,0.0230319841970327,-19.061335902376364,-5102000000.0,-11895000000.0,-26833000000.0,42835000000.0,3916500000.0,4723000000.0,2744500000.0,55.0750469043152,112.47697031729784,63.930399181166834,1.6341338783852837,0.8001638001638002,1.4077809798270893,0.019920753208041,0.1958895311496467,2016-10-26,0.43,bmo,5289000000.0,2025-04-25,2016-09-30,0.2093023255813954,43.8721875,7443772.65625
2016-06-30,MDLZ,USD,1103982,2016-07-27,2016-07-27 16:22:42,2016,Q2,6302000000.0,3786000000.0,2516000000.0,0.399238337,0,0.0,0.0,1668000000.0,210000000.0,1878000000.0,5664000000.0,0.0,135000000.0,201000000.0,823000000.0,0.1305934624,638000000.0,0.1012377023,-151000000.0,487000000.0,0.0772770549,118000000.0,464000000.0,0.0736274199,0.3,0.29,1557000000,1576000000,https://www.sec.gov/Archives/edgar/data/1103982/000119312516660006/0001193125-16-660006-index.htm,https://www.sec.gov/Archives/edgar/data/1103982/000119312516660006/d395636d10q.htm,4.047527296082209,0.2980089916506101,0.5080282594733462,0.3352601156069364,1.1271676300578035,17.775208734746307,-7.608220937700707,17.72125883108542,11.184971098265896,70859070000.0,86384070000.0,38.17837823275863,11.243901935893367,89.58163084702907,135.7453448275862,2.5681019860829224,2.5681019860829224,13.707405585528404,104.96241798298908,109.20868520859672,165.48672413793105,0.0065482090013317,0.0073667351264982,0.6262684836184401,0.2731109038896177,18.863912515188336,0.6909048938134811,4.725925925925926,1.6794055201698517,0.003782155199045,0.5775862068965517,0.0,0.0,0.6246463624725388,0.3400758533501896,0.0426848619485877,1.3383084577114428,0.0066645509362107,10.900670882482547,0.0089559021621461,0.0195376647437786,-18.975112395632628,-4017000000.0,-11846000000.0,-26616000000.0,43930000000.0,4122000000.0,4670500000.0,2734500000.0,55.96794668359251,108.44690966719492,64.49286846275753,1.6080632814493494,0.8298991670320035,1.39550313306303,0.0168164685416062,0.1727681438664097,2016-07-27,0.4,bmo,5729090909.0,2025-04-25,2016-06-30,0.0999999999999999,43.5709375,7867915.0625
2016-03-31,MDLZ,USD,1103982,2016-04-28,2016-04-28 10:46:09,2016,Q1,6455000000.0,3920000000.0,2535000000.0,0.3927188226,0,0.0,0.0,1615000000.0,198000000.0,1813000000.0,5733000000.0,0.0,136000000.0,207000000.0,821000000.0,0.1271882262,722000000.0,0.1118512781,-244000000.0,478000000.0,0.0740511232,49000000.0,554000000.0,0.0858249419,0.35,0.35,1569000000,1587000000,https://www.sec.gov/Archives/edgar/data/1103982/000119312516561707/0001193125-16-561707-index.htm,https://www.sec.gov/Archives/edgar/data/1103982/000119312516561707/d149717d10q.htm,4.11408540471638,0.3530911408540471,-0.2893562778840025,-0.502868068833652,0.8527724665391969,17.75780752071383,-7.781389420012747,17.69917144678139,11.175908221797323,62948279999.99999,79009280000.0,28.40626353790614,9.751863671572425,-138.65259911894273,-79.78235741444865,2.266772776377385,2.266772776377385,12.240012393493416,96.23542021924484,-174.0292511013216,-100.13850443599492,0.0088008758936701,-0.0125340994225735,0.6265394310406914,0.2719656115670184,19.56272838002436,0.6836393989983306,5.3088235294117645,-0.8150807899461401,0.0042733494862766,0.4855595667870036,0.0,0.0,0.6263540445486518,-0.737885462555066,0.0518977536793183,1.6183574879227054,0.0046475600309837,11.857991582139736,0.0119124098775414,0.0231760374832664,-19.21813256851497,-4169000000.0,-12209000000.0,-27104000000.0,44436000000.0,4085500000.0,4834500000.0,2682500000.0,60.30209140201394,109.7219387755102,63.275510204081634,1.492485549132948,0.8202552835321197,1.4223512336719883,0.0199495858840475,0.2135117909496494,2016-04-27,0.4,bmo,5244687500.0,2025-04-25,2016-03-31,0.1999999999999999,40.717213114754095,12179260.639344262
2015-12-31,MDLZ,USD,1103982,2016-02-19,2016-02-19 11:41:16,2015,Q4,7364000000.0,4529000000.0,2835000000.0,0.3849809886,0,0.0,0.0,1902000000.0,1490000000.0,3392000000.0,7921000000.0,0.0,148000000.0,231000000.0,-377000000.0,-0.0511950027,-557000000.0,-0.0756382401,-199000000.0,-756000000.0,-0.102661597,32000000.0,-729000000.0,-0.0989951114,-0.46,-0.46,1589000000,1610000000,https://www.sec.gov/Archives/edgar/data/1103982/000119312516469394/0001193125-16-469394-index.htm,https://www.sec.gov/Archives/edgar/data/1103982/000119312516469394/d51394d10k.htm,4.634361233480176,-0.4587791063561988,1.4575204531151669,1.2460667086217747,1.1768407803650094,17.684078036500942,-7.131529263687854,17.62869729389553,9.78351164254248,71250760000.0,84778760000.0,-24.4344170096022,9.67555133079848,30.764576856649395,35.985232323232324,2.543579894331001,2.543579894331001,11.512596414991853,-224.8773474801061,36.60568221070812,42.81755555555556,-0.0102314698116904,0.0277891772663196,0.5496929887191204,0.2450233120633961,-35.88328912466844,0.820179454312397,-3.7635135135135136,-3.23463687150838,0.0038175031396156,-0.3731138545953361,0.0,0.0,0.6274684531292268,0.1450777202072538,0.0456273764258555,1.4545454545454546,0.0051602390005431,,-0.0109859920066743,-0.031139208064585,-18.051604782882315,-1964000000.0,-11332000000.0,-25785000000.0,45830000000.0,4882000000.0,4882500000.0,2819000000.0,47.00434546442151,97.17376904393906,51.8458820931773,1.9147165886635464,0.9261758691206544,1.7359141433499423,-0.0260245609024703,0.211453744493392,2016-02-03,0.49,bmo,7684173913.0,2025-04-25,2015-12-31,-0.0612244897959183,44.73375,7798393.296875
2015-09-30,MDLZ,USD,1103982,2015-10-29,2015-10-29 11:27:05,2015,Q3,6849000000.0,4179000000.0,2670000000.0,0.3898379325,0,0.0,0.0,1790000000.0,-6922000000.0,-5132000000.0,-953000000.0,0.0,139000000.0,206000000.0,8033000000.0,1.1728719521,7802000000.0,1.1391444006,-114000000.0,7688000000.0,1.122499635,348000000.0,7266000000.0,1.0608848007,4.52,4.46,1609000000,1629000000,https://www.sec.gov/Archives/edgar/data/1103982/000119312515357422/0001193125-15-357422-index.htm,https://www.sec.gov/Archives/edgar/data/1103982/000119312515357422/d94335d10q.htm,4.256681168427595,4.515848353014294,0.5226848974518334,0.2815413300186451,1.2672467371037912,18.615288999378496,-6.293349906774394,18.56308266003729,10.253573648228713,67368829999.99999,81688830000.0,2.3179476328103497,9.836301649875892,80.10562425683709,148.71706401766002,2.255552095888576,2.255552095888576,11.92711782742006,10.169155981576,97.13297265160524,180.3285430463576,0.1078540327923165,0.0067241779321386,0.5477099236641222,0.2464075915047447,1.7826465828457612,0.8927183398108088,56.1294964028777,0.1157127132636213,0.0035773220345373,0.0331681805670244,0.0,0.0,0.6036752522970327,0.4613555291319857,0.0566506059278726,1.883495145631068,0.0046722149218864,43.429615365404125,0.1328181400827371,0.2761477652782,-17.67930391547545,-1463000000.0,-10126000000.0,-24264000000.0,47179000000.0,5083500000.0,4687000000.0,3014500000.0,77.76609724047306,104.98923187365398,65.23330940416368,1.1573166610341332,0.8572307692307692,1.379663255199736,0.2432703897147448,0.2411435674331883,2015-10-28,0.39,bmo,6685928571.0,2025-04-25,2015-09-30,0.0769230769230768,43.0890625,11026351.765625
2015-06-30,MDLZ,USD,1103982,2015-07-31,2015-07-31 11:28:20,2015,Q2,7661000000.0,4595000000.0,3066000000.0,0.40020885,0,0.0,0.0,1961000000.0,264000000.0,2225000000.0,6820000000.0,0.0,147000000.0,225000000.0,899000000.0,0.1173476048,841000000.0,0.1097767915,-314000000.0,527000000.0,0.0687899752,100000000.0,406000000.0,0.0529956925,0.25,0.25,1625000000,1643000000,https://www.sec.gov/Archives/edgar/data/1103982/000119312515272328/0001193125-15-272328-index.htm,https://www.sec.gov/Archives/edgar/data/1103982/000119312515272328/d940616d10q.htm,4.7144615384615385,0.2498461538461538,0.5249230769230769,0.3101538461538461,1.204923076923077,15.220923076923077,-9.844923076923076,15.166153846153849,11.990153846153849,66852500000.0,84231500000.0,41.16533251231527,8.726341208719488,78.37338804220398,132.64384920634922,2.712619192533982,2.712619192533982,10.994844015141627,93.69466073414904,98.74736225087923,167.12599206349208,0.006073071313713,0.007538985079092,0.7846216271048895,0.2969532233790964,19.331479421579537,0.7081248510841077,5.72108843537415,1.9976580796252927,0.0036797427171758,0.6059113300492611,0.0,0.0,0.6255106115052673,0.4091441969519343,0.0455554105208197,1.551111111111111,0.0039159378671191,9.233478064075491,0.0124854326420562,0.016648896908062,-20.762615384615383,-4900000000.0,-15998000000.0,-28496000000.0,44560000000.0,4581000000.0,4849000000.0,3210500000.0,49.91645999216812,88.11969532100109,58.759521218716,1.8030124735231816,1.0213380751278065,1.5316666666666667,0.0164739298032055,0.2147692307692307,2015-07-30,0.39,bmo,6357000000.0,2025-04-25,2015-06-30,0.205128205128205,39.20793650793651,9289124.015873017
2015-03-31,MDLZ,USD,1103982,2015-04-30,2015-04-30 11:44:11,2015,Q1,7762000000.0,4821000000.0,2941000000.0,0.3788971914,0,0.0,0.0,1924000000.0,206000000.0,2130000000.0,6951000000.0,0.0,175000000.0,232000000.0,832000000.0,0.1071888688,811000000.0,0.1044833806,-386000000.0,425000000.0,0.0547539294,113000000.0,324000000.0,0.0417418191,0.2,0.19,1648000000,1665000000,https://www.sec.gov/Archives/edgar/data/1103982/000119312515160034/0001193125-15-160034-index.htm,https://www.sec.gov/Archives/edgar/data/1103982/000119312515160034/d893461d10q.htm,4.709951456310679,0.1966019417475728,-0.1711165048543689,-0.4387135922330097,1.113470873786408,14.934466019417476,-10.423543689320388,14.894417475728156,11.45631067961165,59476320000.00001,76346320000.0,45.89222222222223,7.662499355836125,-210.9089361702128,-82.26323651452283,2.42305548765583,2.42305548765583,9.83590827106416,91.76240384615384,-270.7316312056737,-105.59656984785616,0.0054475461830859,-0.0121560984270714,0.7620386213639697,0.2913279132791327,20.276442307692307,0.720515000607312,4.634285714285714,-0.903846153846154,0.0041865401221864,0.7685185185185185,0.0,0.0,0.6508737501168115,-1.5638297872340423,0.0568152538005668,1.900862068965517,0.004637979902087,8.117025713330012,0.0111028739862504,0.0144539614561027,-19.63819781553398,-4602000000.0,-17178000000.0,-27730000000.0,46449000000.0,4832000000.0,5249000000.0,3450500000.0,56.96598814738469,97.05662725575608,63.86434349719976,1.5798900875228985,0.9272937103289094,1.4092370651856183,0.013199706673185,0.2675970873786408,2015-04-29,0.37,bmo,7194048780.0,2025-04-25,2015-03-31,0.108108108108108,36.15065573770492,10138725.016393442
2014-12-31,MDLZ,USD,1103982,2015-02-20,2015-02-20 10:47:09,2014,Q4,8830000000.0,5684000000.0,3146000000.0,0.3562853907,0,0.0,0.0,2101000000.0,456000000.0,2557000000.0,8241000000.0,0.0,196000000.0,262000000.0,1076000000.0,0.1218573046,589000000.0,0.0667044168,29000000.0,618000000.0,0.069988675,111000000.0,500000000.0,0.0566251416,0.3,0.29,1677000000,1695000000,https://www.sec.gov/Archives/edgar/data/1103982/000119312515055355/0001193125-15-055355-index.htm,https://www.sec.gov/Archives/edgar/data/1103982/000119312515055355/d840894d10k.htm,5.265354800238521,0.2981514609421586,1.4388789505068575,1.132975551580203,0.9725700655933214,16.60882528324389,-9.463923673226,16.547406082289804,10.048896839594514,60925410000.0,75950410000.0,30.462705,6.89981993204983,25.248823041856607,32.0660052631579,2.1955102702702702,2.1955102702702702,8.60140543601359,70.58588289962826,31.475511811023622,39.9739,0.008206756425603,0.0311856744172915,0.6002162162162162,0.2494496113582243,13.96375464684015,0.8388662811451417,3.0051020408163267,4.759368836291913,0.0041197917256527,0.502,0.0,0.0,0.6548351829387009,0.2125984251968504,0.0580973952434881,1.9580152671755728,0.0041902604756511,10.53597405133251,0.0086909609500904,0.0216947975875385,-19.072003577817533,-2257000000.0,-15871000000.0,-27168000000.0,51294000000.0,5051500000.0,5241500000.0,3801000000.0,48.42468856172141,83.90394088669952,55.102040816326536,1.8585560934540093,1.072655217965654,1.6333333333333333,0.018018018018018,0.3059033989266547,2015-02-11,0.43,bmo,8078510638.0,2025-04-25,2014-12-31,0.0930232558139534,36.3978125,8239129.328125
2014-09-30,MDLZ,USD,1103982,2014-11-06,2014-11-06 12:08:12,2014,Q3,8337000000.0,5195000000.0,3142000000.0,0.3768741754,0,0.0,0.0,2053000000.0,236000000.0,2289000000.0,7484000000.0,0.0,188000000.0,264000000.0,1532000000.0,0.183759146,853000000.0,0.1023149814,227000000.0,1080000000.0,0.1295430011,178000000.0,899000000.0,0.1078325537,0.53,0.53,1688000000,1705000000,https://www.sec.gov/Archives/edgar/data/1103982/000119312514400312/0001193125-14-400312-index.htm,https://www.sec.gov/Archives/edgar/data/1103982/000119312514400312/d780145d10q.htm,4.938981042654029,0.5325829383886256,0.4626777251184834,0.2227488151658767,1.009478672985782,18.338862559241708,-8.621445497630331,18.27251184834123,10.7031990521327,57847760000.00001,74022760000.0,16.08669632925473,6.938678181600097,74.06883482714468,153.8504255319149,1.875494747762936,1.875494747762936,8.878824517212427,48.31772845953002,94.77946222791292,196.8690425531915,0.0155407918992887,0.0064998195262876,0.5796589288030087,0.2555347520974173,10.558093994778067,0.8789599726308587,4.537234042553192,0.8658536585365854,0.0040969607120483,0.2636262513904338,0.0,0.0,0.6504352051681507,0.5185659411011524,0.0485786254048218,1.5340909090909092,0.0043181000359841,14.797352167480415,0.0120252681829577,0.0367568893613541,-18.502369668246445,-1769000000.0,-14553000000.0,-26165000000.0,53892000000.0,5442500000.0,5243500000.0,4105000000.0,57.77617848146816,89.80943214629451,71.41097208854667,1.5577354260089686,1.0021219135802468,1.260310528869481,0.0291466735831928,0.2399289099526066,2014-11-05,0.39,bmo,6502860000.0,2025-04-25,2014-09-30,0.282051282051282,36.4375,6444084.453125
2014-06-30,MDLZ,USD,1103982,2014-08-08,2014-08-08 10:40:14,2014,Q2,8436000000.0,5331000000.0,3105000000.0,0.3680654339,0,0.0,0.0,2038000000.0,110000000.0,2148000000.0,7479000000.0,0.0,192000000.0,271000000.0,1196000000.0,0.1417733523,957000000.0,0.1134423898,-224000000.0,733000000.0,0.0868895211,91000000.0,622000000.0,0.0737316264,0.37,0.36,1694000000,1712000000,https://www.sec.gov/Archives/edgar/data/1103982/000119312514302145/0001193125-14-302145-index.htm,https://www.sec.gov/Archives/edgar/data/1103982/000119312514302145/d744588d10q.htm,4.979929161747344,0.3671782762691853,0.5578512396694215,0.3229043683589138,1.2585596221959858,19.130460448642268,-8.964580873671784,19.04840613931523,11.058441558441558,63711340000.0,80120340000.0,25.607451768488744,7.552316263632053,67.4194074074074,116.47411334552102,1.97444341142928,1.97444341142928,9.497432432432433,66.9902508361204,84.78342857142857,146.47228519195613,0.0097627832031158,0.0085855987332867,0.5745940250402876,0.2551045679691799,13.71989966555184,0.8783104257458934,4.984375,1.47196261682243,0.0037355987175909,0.382636655948553,0.0,0.0,0.6548293891029169,0.4211640211640212,0.0471787577050734,1.4686346863468636,0.0039118065433854,12.544665040085984,0.0135080981113476,0.0247937178618407,-18.859061393152302,-1815000000.0,-15186000000.0,-27173000000.0,56261000000.0,5716500000.0,5337500000.0,4057500000.0,59.02916073968706,89.52729319077096,69.0151941474395,1.5246701608530635,1.005280030171601,1.3040606653620352,0.0192760629726044,0.2349468713105076,2014-08-06,0.39,bmo,8225100000.0,2025-04-25,2014-06-30,0.0256410256410256,36.5536507936508,8015681.158730159
2014-03-31,MDLZ,USD,1103982,2014-05-08,2014-05-08 10:27:02,2014,Q1,8641000000.0,5437000000.0,3204000000.0,0.3707904178,0,0.0,0.0,2265000000.0,96000000.0,2361000000.0,7798000000.0,0.0,202000000.0,262000000.0,587000000.0,0.0679319523,843000000.0,0.097558153,-720000000.0,123000000.0,0.0142344636,-27000000.0,163000000.0,0.0188635575,0.1,0.09,1704000000,1722000000,https://www.sec.gov/Archives/edgar/data/1103982/000119312514189125/0001193125-14-189125-index.htm,https://www.sec.gov/Archives/edgar/data/1103982/000119312514189125/d704360d10q.htm,5.071009389671362,0.0956572769953051,-0.3386150234741784,-0.5299295774647887,1.4213615023474178,18.64788732394366,-9.169014084507042,18.573356807511736,11.238849765258216,58873199999.99999,75400200000.0,90.2963190184049,6.81323920842495,-102.03327556325824,-65.19734219269102,1.860191475244084,1.860191475244084,8.72586506191413,128.45008517887564,-130.67625649913344,-83.49966777408638,0.0027686621416875,-0.0153380485518028,0.5987234983727764,0.2597176535087719,28.155025553662693,0.894094616639478,4.173267326732673,-3.846666666666666,0.00404258644001,1.460122699386503,0.0,0.0,0.649671052631579,-0.5649913344887348,0.0377271149172549,1.2442748091603053,0.0040504571230181,6.322596506147431,0.0166318640472368,0.006377151799687,-18.969190140845072,-1623000000.0,-15624000000.0,-27482000000.0,56019000000.0,5651500000.0,5358500000.0,3885000000.0,61.45122092350423,88.92403899209123,66.65992275151739,1.4645762711864407,1.0120997766195086,1.3501365780978396,0.0051502417137982,0.1913145539906103,2014-05-07,0.33,bmo,7754743589.0,2025-04-25,2014-03-31,0.1818181818181818,34.17803278688525,10214110.901639344
2013-12-31,MDLZ,USD,1103982,2014-03-03,2014-03-03 09:54:31,2013,Q4,9488000000.0,5995000000.0,3493000000.0,0.3681492411,0,0.0,0.0,2294000000.0,189000000.0,2483000000.0,8478000000.0,0.0,285000000.0,269000000.0,717000000.0,0.07556914,1010000000.0,0.106450253,-847000000.0,163000000.0,0.0171795953,52000000.0,1707000000.0,0.1799114671,1.01,1.0,1743000000,1761000000,https://www.sec.gov/Archives/edgar/data/1103982/000119312514079175/0001193125-14-079175-index.htm,https://www.sec.gov/Archives/edgar/data/1103982/000119312514079175/d645322d10k.htm,5.443488238668961,0.9793459552495696,2.9902467010900744,2.649454962707974,1.504302925989673,18.66437177280551,-8.63970166379805,18.57314974182444,9.96213425129088,61527899999.99999,75984900000.0,9.011115992970122,6.4848123946037095,11.805046047582502,13.323495019488954,1.9005930868316188,1.9005930868316188,8.008526559865093,105.97615062761508,14.578837298541826,16.45407102641836,0.0277435114801577,0.0750553813798293,0.5275692706885368,0.2355236847548783,20.16317991631799,0.917792949700432,3.543859649122807,3.040840140023337,0.0040144389780896,0.1446983011130638,0.0,0.0,0.6562918016962008,0.1139677666922486,0.0626053962900505,2.20817843866171,0.0031618887015177,20.23028989430843,0.0113131030173522,0.0684882041405873,-18.03628800917957,-1180000000.0,-15059000000.0,-26809000000.0,56658000000.0,5824000000.0,4939000000.0,3952000000.0,51.25105396290051,80.2418682235196,56.19182652210175,1.756061447344068,1.1216089803554723,1.6016564253272776,0.0527291261236215,0.3407917383820998,2014-02-12,0.44,amc,9939809523.0,2025-04-25,2013-12-31,-0.0454545454545455,33.23515625,8599902.359375
2013-09-30,MDLZ,USD,1103982,2013-11-07,2013-11-07 10:40:33,2013,Q3,8472000000.0,5328000000.0,3144000000.0,0.3711048159,0,0.0,0.0,1784000000.0,98000000.0,1882000000.0,7210000000.0,0.0,257000000.0,276000000.0,1577000000.0,0.1861425873,1262000000.0,0.1489612842,-218000000.0,1044000000.0,0.1232294618,26000000.0,1012000000.0,0.1194523135,0.58,0.57,1779000000,1794000000,https://www.sec.gov/Archives/edgar/data/1103982/000119312513431957/0001193125-13-431957-index.htm,https://www.sec.gov/Archives/edgar/data/1103982/000119312513431957/d601967d10q.htm,4.762225969645868,0.568858909499719,0.4384485666104553,0.1798763350196739,2.0753232152894885,18.264193367060145,-8.59921304103429,18.18043844856661,11.341202922990444,55896180000.0,72123180000.0,13.80834486166008,6.597754957507082,71.66176923076922,174.6755625,1.728231147388925,1.728231147388925,8.513123229461756,45.73441978440077,92.4656153846154,225.3849375,0.0181049939369738,0.0057248992686083,0.6158674210802956,0.2660869100575749,10.289790741915027,1.0127054816949377,4.910505836575876,0.7572815533980582,0.004150551969741,0.2292490118577075,0.0,0.0,0.6384001923616399,0.5897435897435898,0.0542965061378659,1.6666666666666667,0.0035410764872521,15.254420630648784,0.0191023111025466,0.0373859396357456,-17.937464867903316,194000000.0,-15298000000.0,-26904000000.0,58069000000.0,6117000000.0,4424500000.0,4049000000.0,66.34206798866856,76.57094594594595,70.28716216216216,1.356605284227382,1.1753805426869623,1.2804614275414563,0.0312896144451658,0.2585722315907813,2013-11-06,0.4,amc,8265365853.0,2025-04-25,2013-09-30,0.0249999999999998,31.01859375,8742251.375
2013-06-30,MDLZ,USD,1103982,2013-08-08,2013-08-08 10:47:09,2013,Q2,8595000000.0,5364000000.0,3231000000.0,0.3759162304,0,0.0,0.0,2269000000.0,97000000.0,2366000000.0,7730000000.0,0.0,235000000.0,266000000.0,1131000000.0,0.1315881326,865000000.0,0.1006399069,-235000000.0,630000000.0,0.0732984293,28000000.0,601000000.0,0.0699243746,0.34,0.34,1788000000,1803000000,https://www.sec.gov/Archives/edgar/data/1103982/000119312513325952/0001193125-13-325952-index.htm,https://www.sec.gov/Archives/edgar/data/1103982/000119312513325952/d549456d10q.htm,4.807046979865772,0.3361297539149888,0.4491051454138702,0.2628635346756152,1.3847874720357942,17.644854586129753,-8.669463087248323,17.565436241610737,10.232662192393736,51941400000.0,67526400000.0,21.60623960066556,6.043211169284468,64.68418430884185,110.5136170212766,1.6538160282739518,1.6538160282739518,7.856474694589878,59.705039787798405,84.09265255292652,143.6731914893617,0.0115707316321855,0.009048658680744,0.5750628840704302,0.2514654080169305,13.779840848806366,1.0460671590649508,3.6808510638297873,1.3014586709886549,0.0044665719445374,0.3860232945091514,0.0,0.0,0.6550826336967267,0.4146948941469489,0.0387434554973822,1.2518796992481205,0.0040721349621873,11.525883030349387,0.0133822643172598,0.024260283373027,-17.52670581655481,605000000.0,-15501000000.0,-26536000000.0,57358000000.0,6127000000.0,4347000000.0,3893000000.0,62.71204188481675,72.41610738255034,66.05704697986577,1.4351310736349976,1.242817423540315,1.3624587249174498,0.0191358614321648,0.186241610738255,2013-08-07,0.34,amc,7898108108.0,2025-04-25,2013-06-30,0.0882352941176469,30.425,11302749.671875
2013-03-31,MDLZ,USD,1103982,2013-05-08,2013-05-08 16:48:28,2013,Q1,8744000000.0,5502000000.0,3242000000.0,0.370768527,0,0.0,0.0,2332000000.0,76000000.0,2408000000.0,7910000000.0,0.0,279000000.0,266000000.0,1100000000.0,0.1258005489,834000000.0,0.0953796889,-279000000.0,555000000.0,0.0634720952,13000000.0,536000000.0,0.0612991766,0.32,0.32,1784000000,1798000000,https://www.sec.gov/Archives/edgar/data/1103982/000119312513207666/0001193125-13-207666-index.htm,https://www.sec.gov/Archives/edgar/data/1103982/000119312513207666/d512925d10q.htm,4.901345291479821,0.3004484304932735,-0.2158071748878924,-0.3475336322869955,1.5465246636771302,17.94730941704036,-8.836322869955158,17.866591928251122,10.526905829596412,54733120000.0,70475120000.0,25.52850746268657,6.259505946935041,-142.16394805194804,-88.2792258064516,1.7171713622388152,1.7171713622388152,8.059826166514181,64.0682909090909,-183.05225974025973,-113.66954838709675,0.0097929736145134,-0.0113276933600715,0.5804417393486855,0.2524079783895877,14.31090909090909,1.0323535783924316,2.989247311827957,-0.6707317073170732,0.0042387497734461,0.4328358208955223,0.0,0.0,0.6518868181942209,-0.6103896103896104,0.026875571820677,0.8834586466165414,0.0037740164684354,10.989984705171516,0.0129317085018714,0.0210064273397084,-17.87990470852018,448000000.0,-15764000000.0,-26985000000.0,58075000000.0,6197000000.0,4510000000.0,3795000000.0,64.48421774931381,71.61395856052344,62.96074154852781,1.3956903431763767,1.2567382366377342,1.4294621979734996,0.0168162138420028,0.1317264573991031,2013-05-07,0.33,amc,8486823529.0,2025-04-25,2013-03-31,0.0303030303030303,27.90033333333333,13593641.916666666
2012-12-31,MDLZ,USD,1103982,2013-02-25,2013-02-25 11:38:27,2012,Q4,-4273000000.0,-3094000000.0,-1179000000.0,0.2759185584,0,0.0,0.0,545000000.0,-139000000.0,406000000.0,-2688000000.0,0.0,0.0,280000000.0,-1991000000.0,0.465948982,-1585000000.0,0.3709337702,-17000000.0,-1602000000.0,0.3749122396,-657000000.0,534000000.0,-0.1249707465,0.3,0.3,1780000000,1784000000,https://www.sec.gov/Archives/edgar/data/1103982/000119312513073227/0001193125-13-073227-index.htm,https://www.sec.gov/Archives/edgar/data/1103982/000119312513073227/d456052d10k.htm,-2.400561797752809,0.3,0.9820224719101124,0.7679775280898876,2.514044943820225,18.21123595505618,-8.919101123595505,18.13258426966292,10.912921348314606,45301000000.0,60251000000.0,21.20833333333333,-10.601684998829862,25.91590389016018,33.13899049012436,1.4035506258520265,1.4035506258520265,-14.10039784694594,-30.261677548970365,34.46853546910755,44.07534747622531,0.0117878192534381,0.0301759343060859,0.6018403767505267,0.2573631702372908,-7.508789552988448,1.0540013449899126,0.0,3.2191528545119708,0.0113904770314121,0.9662921348314608,0.0,0.0,0.6398240523603217,0.2179633867276887,-0.0891645214135267,1.3607142857142858,-0.0063187456119822,11.063224838184604,-0.0145051337322343,0.0196431855802832,-18.04424157303371,803000000.0,-15876000000.0,-27388000000.0,59105000000.0,6619500000.0,5070500000.0,5085000000.0,-129.09197285279663,-135.02908855850032,-108.82029734970912,-0.6971773535650188,-0.6665230504093064,-0.8270515904838278,0.0165448010905936,0.2140449438202247,2013-02-13,0.38,amc,10022500000.0,2025-04-25,2012-12-31,-0.0526315789473684,26.285967741935483,14549151.451612905
2012-09-30,MDLZ,USD,1103982,2012-11-08,2012-11-08 11:09:08,2012,Q3,8326000000.0,5206000000.0,3120000000.0,0.3747297622,0,0.0,0.0,2215000000.0,67000000.0,2282000000.0,7488000000.0,0.0,737000000.0,356000000.0,1194000000.0,0.1434061975,838000000.0,0.1006485707,-737000000.0,101000000.0,0.012130675,-76000000.0,652000000.0,0.0783089118,0.37,0.36,1779000000,1789000000,https://www.sec.gov/Archives/edgar/data/1103982/000119312512459504/0001193125-12-459504-index.htm,https://www.sec.gov/Archives/edgar/data/1103982/000119312512459504/d404272d10q.htm,4.680157391793142,0.3664980326025857,0.5435637998875773,0.268690275435638,2.177065767284992,20.617200674536257,-14.642495784148398,20.54581225407532,17.0,49491780000.0,75124780000.0,18.976909509202457,5.944244535190968,51.18074457083764,103.53928870292889,1.354047221690241,1.354047221690241,9.02291376411242,62.91857621440536,77.68850051706308,157.16481171548116,0.0131739048383388,0.0096581694980459,0.807255615441438,0.3017621370641958,21.46817420435511,1.231745029977911,1.137042062415197,1.4673748103186646,0.0104461791432839,0.7929447852760736,0.0,0.0,0.641518117387169,0.5056876938986556,0.0587316838818159,1.3735955056179776,0.0050444391064136,13.01633569059149,0.0174587093860425,0.0186009357525961,-27.36424957841484,3672000000.0,-26049000000.0,-41584000000.0,80448000000.0,6876000000.0,5330000000.0,6297000000.0,76.85563295700217,95.06530925854784,111.142912024587,1.1710267229254572,0.9467175850154572,0.8097682376730441,0.0178380892451642,0.2748735244519393,2012-11-07,0.36,amc,8100972972.0,2025-04-25,2012-09-30,0.0277777777777778,26.435396825396825,21234605.111111112
2012-06-30,MDLZ,USD,1103982,2012-08-03,2012-08-03 11:21:51,2012,Q2,8527000000.0,5316000000.0,3211000000.0,0.376568547,0,0.0,0.0,2194000000.0,80000000.0,2274000000.0,7590000000.0,0.0,344000000.0,352000000.0,1289000000.0,0.1511668817,937000000.0,0.1098862437,-344000000.0,593000000.0,0.069543802,103000000.0,1029000000.0,0.1206755013,0.58,0.58,1777000000,1786000000,https://www.sec.gov/Archives/edgar/data/1103982/000119312512333937/0001193125-12-333937-index.htm,https://www.sec.gov/Archives/edgar/data/1103982/000119312512333937/d366993d10q.htm,4.798536859876196,0.5790658413055711,1.1586944288126055,0.9307822172200336,2.612830613393359,20.398424310635903,-14.563871693866066,20.333708497467644,17.216094541361844,44904790000.0,70510790000.0,10.909812925170067,5.266188577459833,21.809028654686745,27.149207980652964,1.2427639553870422,1.2427639553870422,8.26912044095227,54.70193173002328,34.24516270033997,42.63046553808948,0.0229151500318785,0.0368334870288893,0.8371571693465807,0.3114792923780299,19.86501163692785,1.2352684689174038,2.7238372093023258,1.9912959381044488,0.011379632328756,0.4965986394557823,0.0,0.0,0.6397429824742056,0.1966974259349198,0.0474961885774598,1.150568181818182,0.0051600797466869,16.276593943569328,0.0093027536215557,0.0294117647058823,-27.101294316263367,3777000000.0,-25880000000.0,-41035000000.0,79662000000.0,6978000000.0,5353000000.0,6225500000.0,70.10437434033071,87.37584650112868,104.37358916478556,1.2838000602228246,1.030032939352839,0.8622871046228711,0.0284781224919049,0.2279122115925717,2012-08-02,0.66,bmo,8276205882.0,2025-04-25,2012-06-30,0.0303030303030303,25.16333333333333,14466011.968253968
2012-03-31,MDLZ,USD,1103982,2012-05-04,2012-05-04 11:08:59,2012,Q1,8667000000.0,5472000000.0,3195000000.0,0.3686396677,0,0.0,0.0,2192000000.0,100000000.0,2292000000.0,7764000000.0,0.0,487000000.0,357000000.0,1260000000.0,0.1453790239,903000000.0,0.1041883004,-487000000.0,416000000.0,0.0479981539,77000000.0,813000000.0,0.0938040845,0.46,0.46,1773000000,1783000000,https://www.sec.gov/Archives/edgar/data/1103982/000119312512210777/0001193125-12-210777-index.htm,https://www.sec.gov/Archives/edgar/data/1103982/000119312512210777/d314276d10q.htm,4.888324873096447,0.4585448392554991,-0.4799774393683023,-0.6689227298364354,1.0445572476029328,20.91990975747321,-14.918781725888325,20.848843767625493,16.259447264523406,44094510000.0,70583510000.0,13.55919741697417,5.087632398753894,-51.81493537015276,-37.17918212478921,1.1928719058568915,1.1928719058568915,8.143937925464405,56.01865873015873,-82.94184488836663,-59.513920741989885,0.018437669451367,-0.0268967724099893,0.7666982280535641,0.2932424182850994,21.023015873015872,0.916830759664214,1.854209445585216,-1.0390720390720392,0.0116567799483427,0.6322263222632226,0.0,0.0,0.6574647945616522,-0.3936545240893067,0.0386523595246336,0.938375350140056,0.0056536287065882,14.666387372730854,0.0089203580114062,0.0245582238332578,-27.679357021996616,-1605000000.0,-26451000000.0,-41863000000.0,76021000000.0,6837500000.0,5535000000.0,5996000000.0,75.95015576323988,91.20065789473684,103.38815789473684,1.1849876948318294,0.9868349864743012,0.8705058860960866,0.0219937778980116,0.1889452904681331,2012-05-03,0.56,bmo,8514947368.0,2025-04-25,2012-03-31,0.0178571428571426,25.0058064516129,11770351.387096774
2011-12-31,MDLZ,USD,1103982,2012-02-27,2012-02-27 10:45:56,2011,Q4,14688000000.0,9795000000.0,4893000000.0,0.333129085,0,0.0,0.0,3333000000.0,53000000.0,3386000000.0,13181000000.0,0.0,333000000.0,368000000.0,1635000000.0,0.1113153595,1507000000.0,0.1026007625,-573000000.0,934000000.0,0.0635893246,92000000.0,830000000.0,0.0565087146,0.47,0.47,1771000000,1773000000,https://www.sec.gov/Archives/edgar/data/1103982/000119312512080318/0001193125-12-080318-index.htm,https://www.sec.gov/Archives/edgar/data/1103982/000119312512080318/d277353d10k.htm,8.293619424054206,0.4686617730095991,1.6120835686053077,1.3354037267080745,1.1146245059288538,19.948051948051948,-15.333145115753812,19.885375494071145,15.39469226425748,43283240000.0,68240240000.0,13.037120481927712,2.9468436819172115,15.160504378283717,18.30158139534884,1.229043927648579,1.229043927648579,4.645985838779956,41.7371498470948,23.90201050788091,28.854224101479915,0.0191760136255973,0.0546400870175153,0.764715904250788,0.2869976661657981,15.264220183486238,0.8783952290593657,4.525525525525525,3.390736342042755,0.0117366444841005,0.6120481927710844,0.0,0.0,0.6658674083783582,0.1716287215411558,0.0333605664488017,1.3315217391304348,0.002995642701525,14.480645533272778,0.0171474590613121,0.0264719015117688,-27.617871259175608,-2243000000.0,-27155000000.0,-42307000000.0,74053000000.0,6598000000.0,5409000000.0,6052500000.0,38.97671568627451,50.76569678407351,52.42879019908116,2.309070900801761,1.7728506787330316,1.7166140904311251,0.0235681631030468,0.2766798418972332,2012-02-21,0.57,bmo,14688000000.0,2025-04-25,2011-12-31,0.0,23.206031746031748,13071089.142857144
2011-09-30,MDLZ,USD,1103982,2011-11-04,2011-11-04 10:46:54,2011,Q3,13226000000.0,8611000000.0,4615000000.0,0.348933918,0,0.0,0.0,2866000000.0,51000000.0,2917000000.0,11528000000.0,0.0,425000000.0,375000000.0,2073000000.0,0.1567367307,1698000000.0,0.1283834871,-425000000.0,1273000000.0,0.096249811,346000000.0,922000000.0,0.069711175,0.52,0.52,1770000000,1777000000,https://www.sec.gov/Archives/edgar/data/1103982/000119312511296642/0001193125-11-296642-index.htm,https://www.sec.gov/Archives/edgar/data/1103982/000119312511296642/d233422d10q.htm,7.472316384180791,0.5209039548022599,0.7734463276836158,0.419774011299435,1.1163841807909605,20.73446327683616,-14.863276836158192,20.673446327683617,16.555367231638417,38886900000.0,65788900000.0,10.54417028199566,2.9401859972780886,28.405332359386417,52.33768506056528,1.0627158941845212,1.0627158941845212,4.974209889611371,31.73608297153883,48.05617238860482,88.54495289367429,0.0237097840146681,0.0191066914565059,0.7891888937472672,0.3013398447282744,12.97732754462132,0.8511296660117879,3.995294117647058,1.47680690399137,0.0133206812576986,0.561822125813449,0.0,0.0,0.657483930211203,0.4572680788897005,0.047331014668078,1.6693333333333331,0.0036292151822168,15.565982105487585,0.0152255909593508,0.0280892030221788,-27.58771186440678,-3031000000.0,-26308000000.0,-41803000000.0,73833000000.0,6832500000.0,5300500000.0,6406500000.0,46.51066081959776,55.3211009174312,66.88073394495413,1.9350402340892463,1.626865671641791,1.345679012345679,0.0251967643200699,0.3536723163841808,2011-11-02,0.55,bmo,12541896551.0,2025-04-25,2011-09-30,0.0545454545454543,22.63046875,18779927.859375
2011-06-30,MDLZ,USD,1103982,2011-08-05,2011-08-05 11:34:05,2011,Q2,13878000000.0,9007000000.0,4871000000.0,0.3509871739,0,0.0,0.0,3008000000.0,57000000.0,3065000000.0,12072000000.0,0.0,441000000.0,370000000.0,2176000000.0,0.1567949272,1806000000.0,0.1301340251,-441000000.0,1365000000.0,0.098357112,389000000.0,976000000.0,0.0703271365,0.55,0.55,1764000000,1771000000,https://www.sec.gov/Archives/edgar/data/1103982/000119312511211716/0001193125-11-211716-index.htm,https://www.sec.gov/Archives/edgar/data/1103982/000119312511211716/d10q.htm,7.86734693877551,0.5532879818594104,0.7267573696145124,0.4897959183673469,1.2851473922902494,22.171768707482997,-15.000566893424036,22.10374149659864,17.018707482993197,40660200000.0,67973200000.0,10.41501024590164,2.9298313878080413,31.716224648985964,47.06041666666667,1.042809879202893,1.042809879202893,4.897910361723591,31.23768382352941,53.02121684867394,78.67268518518519,0.0240038170004082,0.0212492806233122,0.7586366084481034,0.2987064134024054,12.551930147058824,0.8627218934911243,4.095238095238095,1.3135245901639343,0.0125429781457051,0.5225409836065574,0.0,0.0,0.6621628444767589,0.3260530421216848,0.0301196137772013,1.1297297297297295,0.0032425421530479,16.58821951851347,0.0152086762802015,0.0291735166641757,-27.95890022675737,-2784000000.0,-26461000000.0,-42420000000.0,77004000000.0,6980500000.0,5421500000.0,6265000000.0,44.29312581063554,53.03874764072389,64.09015210391918,2.031918008784773,1.6968726450640543,1.404271905207359,0.025031417506604,0.2369614512471655,2011-08-04,0.58,bmo,12982645161.0,2025-04-25,2011-06-30,0.0689655172413793,22.168253968253968,14340693.603174604
2011-03-31,MDLZ,USD,1103982,2011-05-06,2011-05-06 10:16:53,2011,Q1,12573000000.0,7937000000.0,4636000000.0,0.3687266364,0,0.0,0.0,2933000000.0,57000000.0,2990000000.0,10927000000.0,0.0,446000000.0,372000000.0,2018000000.0,0.1605026644,1646000000.0,0.1309154538,-446000000.0,1200000000.0,0.0954426151,398000000.0,799000000.0,0.0635488746,0.46,0.45,1754000000,1760000000,https://www.sec.gov/Archives/edgar/data/1103982/000119312511129883/0001193125-11-129883-index.htm,https://www.sec.gov/Archives/edgar/data/1103982/000119312511129883/d10q.htm,7.168187001140251,0.4555302166476624,-0.5621436716077537,-0.6972633979475484,1.1904218928164196,21.379133409350057,-15.646522234891677,21.31185860889396,17.383694412770808,35992080000.0,63949080000.0,11.261602002503128,2.8626485325697923,-36.50312373225152,-29.429337694194604,0.9628442256761456,0.9628442256761456,5.086222858506323,31.689335976214075,-64.85707910750507,-52.28869991823385,0.0221993282966697,-0.0339796977557284,0.8037505684706134,0.3057424009606285,13.853815659068385,0.8862429849840741,3.690582959641256,-1.2340425531914894,0.0140864323484499,0.6345431789737171,0.0,0.0,0.6608696537056447,-0.2403651115618661,0.0188499164877117,0.6370967741935484,0.0034995625546806,14.779526389863134,0.013057754776629,0.0239752745604032,-28.6634834663626,-2250000000.0,-27444000000.0,-43241000000.0,76696000000.0,6835000000.0,5472000000.0,5713000000.0,51.045096635647816,62.763008693461,69.35114022930578,1.7631468237273875,1.4339656729900632,1.2977436232831916,0.0213744950643374,0.1351197263397947,2011-05-05,0.47,bmo,11364057692.0,2025-04-25,2011-03-31,0.1063829787234043,20.41790322580645,14621085.596774194
2010-12-31,MDLZ,USD,1103982,2011-02-28,2011-02-28 10:44:30,2010,Q4,13773000000.0,8975000000.0,4798000000.0,0.3483627387,0,0.0,0.0,3460000000.0,98000000.0,3558000000.0,12533000000.0,0.0,294000000.0,421000000.0,1427000000.0,0.1036085094,1240000000.0,0.0900312205,-528000000.0,712000000.0,0.051695346,165000000.0,540000000.0,0.0392071444,0.31,0.31,1754000000,1754000000,https://www.sec.gov/Archives/edgar/data/1103982/000119312511048979/0001193125-11-048979-index.htm,https://www.sec.gov/Archives/edgar/data/1103982/000119312511048979/d10k.htm,7.852337514253136,0.3078677309007981,1.4389965792474344,1.073546180159635,1.4144811858608894,20.49144811858609,-15.89338654503991,20.42987457240593,16.543899657924744,36167480000.0,62410480000.0,16.744203703703704,2.6259696507659918,14.329429477020604,19.20737121614445,1.0093062454652006,1.0093062454652006,4.531364263413926,43.73544498948844,24.726814580031697,33.14417419012214,0.0149305398109019,0.052063345303571,0.801585086789083,0.3014408798497203,18.390329362298527,1.035823754789272,4.217687074829932,4.674074074074074,0.0141287145247609,0.9462962962962964,0.0,0.0,0.6697415231558732,0.2539619651347068,0.0465403325346692,1.522565320665083,0.0030494445654541,11.896143507955712,0.0116897004618524,0.0171591992373689,-28.111031927023944,561000000.0,-27877000000.0,-43126000000.0,78172000000.0,6276000000.0,5269500000.0,5522500000.0,42.72925288608146,54.24066852367688,53.24791086350975,2.106285364734669,1.6592715843963763,1.6902071563088512,0.0150694870793101,0.3654503990877993,2011-02-10,0.46,bmo,13773000000.0,2025-04-25,2010-12-31,0.0,20.4253125,12438781.203125
2010-09-30,MDLZ,USD,1103982,2010-11-05,2010-11-05 11:53:12,2010,Q3,11863000000.0,7542000000.0,4321000000.0,0.3642417601,0,0.0,0.0,2758000000.0,44000000.0,2802000000.0,10344000000.0,0.0,433000000.0,340000000.0,1859000000.0,0.1567057237,1519000000.0,0.1280451825,-433000000.0,1086000000.0,0.0915451404,326000000.0,754000000.0,0.0635589648,0.43,0.43,1748000000,1754000000,https://www.sec.gov/Archives/edgar/data/1103982/000119312510249526/0001193125-10-249526-index.htm,https://www.sec.gov/Archives/edgar/data/1103982/000119312510249526/d10q.htm,6.786613272311213,0.4313501144164759,0.2545766590389016,0.0188787185354691,1.308924485125858,20.012585812356978,-15.593821510297484,19.954233409610985,17.430205949656752,35292120000.0,63039120000.0,11.701631299734748,2.9749742898086486,79.30813483146068,1069.458181818182,1.011815366972477,1.011815366972477,5.313927337098542,33.91023130715438,141.66094382022473,1910.276363636364,0.0213645425664425,0.0009350529239954,0.8610951834862385,0.3208182012390514,14.925766541151155,1.161309261705563,3.508083140877598,0.5901856763925729,0.0143941480421125,0.6737400530503979,0.0,0.0,0.6648152104251228,0.9258426966292136,0.0347298322515383,1.2117647058823529,0.0042990811767681,13.91629869783619,0.013212113870925,0.0240280433397068,-28.01644736842105,2198000000.0,-27258000000.0,-42814000000.0,78148000000.0,5809500000.0,5021500000.0,5451000000.0,45.61830902807047,61.217183770883054,68.43675417661098,1.97289206718776,1.4701754385964911,1.3150828247602442,0.0216169724770642,0.2356979405034324,2010-11-04,0.46,bmo,11610595744.0,2025-04-25,2010-09-30,0.0217391304347825,19.57171875,13119563.4375
2010-06-30,MDLZ,USD,1103982,2010-08-06,2010-08-06 10:14:36,2010,Q2,12253000000.0,7559000000.0,4694000000.0,0.3830898555,0,0.0,0.0,2933000000.0,60000000.0,2993000000.0,10552000000.0,0.0,439000000.0,366000000.0,2067000000.0,0.1686933812,1701000000.0,0.1388231454,-439000000.0,1262000000.0,0.1029951849,323000000.0,937000000.0,0.0764710683,0.54,0.53,1747000000,1752000000,https://www.sec.gov/Archives/edgar/data/1103982/000119312510180593/0001193125-10-180593-index.htm,https://www.sec.gov/Archives/edgar/data/1103982/000119312510180593/d10q.htm,7.013737836290784,0.5363480251860332,0.4487693188322839,0.2386949055523755,1.6336576989124212,19.09502003434459,-16.204922724670865,19.06067544361763,17.440755580995994,32005040000.0,59181040000.0,8.53923159018143,2.6120166489839223,40.822755102040816,76.75069544364509,0.961141175410673,0.961141175410673,4.8299224679670285,28.631369134010644,75.48602040816327,141.9209592326139,0.0292766389293686,0.0130291979013305,0.9018288837502628,0.3278742220766459,13.147556845670051,1.1076330888227175,3.8747152619589977,0.8349307774227902,0.0157162746867368,0.5368196371398078,0.0,0.0,0.6733158641773119,0.4681122448979591,0.0299518485268913,1.0027322404371584,0.0033461193177181,15.166443279166188,0.016072040508442,0.0313157982687744,-27.812821980538065,1482000000.0,-28310000000.0,-42980000000.0,76198000000.0,6090500000.0,5167500000.0,5132000000.0,41.17685464784135,58.49583278211403,61.52004233364201,2.185693899393507,1.5385711377976796,1.462937874975808,0.0281389831526472,0.2100744132799084,2010-08-05,0.52,bmo,10619266666.0,2025-04-25,2010-06-30,0.1538461538461537,19.43142857142857,19826259.42857143
2010-03-31,MDLZ,USD,1103982,2010-05-07,2010-05-07 12:11:46,2010,Q1,11318000000.0,7229000000.0,4089000000.0,0.3612829122,0,0.0,0.0,2850000000.0,33000000.0,2883000000.0,10112000000.0,0.0,624000000.0,313000000.0,1519000000.0,0.1342109913,1206000000.0,0.1065559286,-624000000.0,582000000.0,0.0514225128,333000000.0,1883000000.0,0.1663721506,1.17,1.16,1614000000,1620000000,https://www.sec.gov/Archives/edgar/data/1103982/000119312510112381/0001193125-10-112381-index.htm,https://www.sec.gov/Archives/edgar/data/1103982/000119312510112381/d10q.htm,7.012391573729864,1.1666666666666667,-0.0030978934324659,-0.1524163568773234,2.40272614622057,21.37174721189591,-17.517348203221808,21.175960346964064,19.60594795539033,31941060000.0,59083060000.0,4.240714285714286,2.8221470224421275,-6388.212,-129.84170731707317,0.9345502955117326,0.9345502955117326,5.220273899982329,38.8960236998025,-11816.612,-240.1750406504065,0.0589523328280276,-0.0077016855420577,0.9076013810053252,0.3241074507099646,17.868334430546412,1.1048713176304474,1.932692307692308,-0.0026413100898045,0.0204439051177387,0.3467870419543282,0.0,0.0,0.6558108432853754,-48.2,0.0212935147552571,0.7699680511182109,0.0035341933203746,23.576873395507867,0.0063191235017507,0.0571610709732256,-30.89048946716233,1634000000.0,-28273000000.0,-44000000000.0,78297000000.0,5886000000.0,4594000000.0,4436000000.0,52.2839724332921,67.50311246368793,63.45690966938719,1.7213688212927756,1.33327185540391,1.4182852658426526,0.0550939200655392,0.1493184634448575,2010-05-06,0.45,bmo,10394081632.0,2025-04-25,2010-03-31,0.0888888888888888,19.01377049180328,33468689.8852459
2009-12-31,MDLZ,USD,1103982,2010-02-25,2010-02-25 11:55:07,2009,Q4,11025000000.0,6896000000.0,4129000000.0,0.3745124717,0,0.0,0.0,2861000000.0,-38000000.0,2823000000.0,9719000000.0,0.0,345000000.0,272000000.0,1601000000.0,0.1452154195,1306000000.0,0.1184580499,-322000000.0,984000000.0,0.0892517007,273000000.0,710000000.0,0.064399093,0.44,0.44,1614000000,1614000000,https://www.sec.gov/Archives/edgar/data/1103982/000119312510040106/0001193125-10-040106-index.htm,https://www.sec.gov/Archives/edgar/data/1103982/000119312510040106/d10k.htm,6.830855018587361,0.4399008674101611,1.12453531598513,0.7645600991325898,1.301734820322181,16.09169764560099,-10.050185873605948,16.032218091697647,11.979553903345725,28696920000.0,45585920000.0,10.104549295774648,2.602895238095238,15.810975206611571,23.25520259319287,1.109016849590354,1.109016849590354,4.134777324263038,28.473404122423485,25.116209366391185,36.941588330632094,0.0247413311254308,0.0430011304349038,0.7338846807852837,0.2846478999910063,10.549031855090568,1.083804716734836,3.785507246376812,2.5527426160337554,0.0149144925657527,0.6028169014084507,0.0,0.0,0.6324459633660101,0.3201101928374655,0.0526984126984126,2.136029411764706,0.003718820861678,12.59695199298426,0.0167944728353653,0.0289547734594837,-20.35672242874845,963000000.0,-16221000000.0,-28288000000.0,53849000000.0,4958500000.0,3515000000.0,3924000000.0,42.42448979591837,49.15023201856148,49.26769141531322,2.121416201654801,1.831120552310144,1.8267549668874168,0.0274385530993971,0.3599752168525402,2010-02-16,0.45,bmo,9934687500.0,2025-04-25,2009-12-31,0.0666666666666666,17.5825,15197028.84375
2009-09-30,MDLZ,USD,1103982,2009-11-03,2009-11-03 17:10:27,2009,Q3,9397000000.0,6019000000.0,3378000000.0,0.3594764286,0,0.0,0.0,2033000000.0,6000000.0,2039000000.0,8058000000.0,0.0,323000000.0,227000000.0,1566000000.0,0.1666489305,1339000000.0,0.1424922848,-323000000.0,1016000000.0,0.1081196126,242000000.0,824000000.0,0.0876875599,0.56,0.55,1479000000,1487000000,https://www.sec.gov/Archives/edgar/data/1103982/000119312509222258/0001193125-09-222258-index.htm,https://www.sec.gov/Archives/edgar/data/1103982/000119312509222258/d10q.htm,6.353617308992563,0.5571331981068289,1.0473292765382014,0.861392832995267,2.025693035835024,17.04597701149425,-11.308316430020284,16.98782961460446,14.231237322515211,25424010000.0,43153010000.0,7.713595266990292,2.7055453868255825,16.41317624273725,19.95605180533752,1.0119008955223885,1.0119008955223885,4.592211344045972,27.55620051085568,27.858624919302777,33.87206436420722,0.0324103082086578,0.0501101124488229,0.8248756218905473,0.3108641197558085,11.321200510855684,1.079794293297943,4.145510835913313,1.8753026634382568,0.016873813375624,0.5206310679611651,0.0,0.0,0.629017984370547,0.1775338928340865,0.0292646589337022,1.2114537444933922,0.0041502607215068,14.59283681971281,0.0178239552792228,0.0333158128815752,-22.23495605138607,962000000.0,-16725000000.0,-28440000000.0,53307000000.0,4683000000.0,3244500000.0,4042000000.0,45.20591678195169,48.80544941020103,60.90214321315833,1.9908898305084743,1.84405637254902,1.4777805057697029,0.0327960199004975,0.1859364435429344,2009-11-03,0.48,bmo,8201018181.0,2025-04-25,2009-09-30,0.1458333333333334,17.96328125,15986088.515625
2009-06-30,MDLZ,USD,1103982,2009-08-05,2009-08-05 11:43:35,2009,Q2,9781000000.0,6269000000.0,3512000000.0,0.3590634904,0,0.0,0.0,2062000000.0,-6000000.0,2056000000.0,8325000000.0,0.0,309000000.0,217000000.0,1670000000.0,0.1707391882,1456000000.0,0.1488600348,-312000000.0,1144000000.0,0.1169614559,363000000.0,827000000.0,0.0845516818,0.56,0.56,1478000000,1484000000,https://www.sec.gov/Archives/edgar/data/1103982/000119312509164943/0001193125-09-164943-index.htm,https://www.sec.gov/Archives/edgar/data/1103982/000119312509164943/d10q.htm,6.617726657645467,0.5595399188092016,0.8775372124492558,0.6968876860622463,1.1711772665764546,16.49526387009472,-11.57104194857916,16.438430311231393,13.893098782138024,24505240000.0,42999240000.0,7.407871825876662,2.505392086698701,18.893785659213567,23.791495145631064,1.0086121172209417,1.0086121172209417,4.396200797464472,25.748047904191612,33.152845026985354,41.74683495145631,0.0337478841260073,0.0420318266623791,0.8324415541652948,0.3128190057846382,11.074251497005989,1.1344268659613703,4.711974110032362,1.5645355850422196,0.0175064598428744,0.5187424425634825,0.0,0.0,0.6415999010115383,0.2058596761757903,0.0272978223085574,1.2304147465437787,0.0044985175339944,14.385897752249788,0.0177607833327377,0.0356896254099775,-22.363328822733425,1385000000.0,-17102000000.0,-28586000000.0,53091000000.0,4559000000.0,3216000000.0,4030500000.0,42.750230037828445,46.29925027915138,57.58334662625619,2.105251829530779,1.943875968992248,1.5629518823236102,0.0340385248600592,0.1806495263870094,2009-08-04,0.54,bmo,9431678571.0,2025-04-25,2009-06-30,0.037037037037037,16.074920634920634,16191073.38095238
2009-03-31,MDLZ,USD,1103982,2009-05-05,2009-05-05 16:19:45,2009,Q1,8979000000.0,5879000000.0,3100000000.0,0.3452500278,0,0.0,0.0,1919000000.0,6000000.0,1925000000.0,7804000000.0,0.0,305000000.0,215000000.0,1415000000.0,0.1575899321,1175000000.0,0.1308608977,-280000000.0,895000000.0,0.0996770242,292000000.0,660000000.0,0.0735048446,0.45,0.45,1475000000,1483000000,https://www.sec.gov/Archives/edgar/data/1103982/000119312509099958/0001193125-09-099958-index.htm,https://www.sec.gov/Archives/edgar/data/1103982/000119312509099958/d10q.htm,6.087457627118644,0.447457627118644,0.2867796610169491,0.1464406779661017,0.8027118644067797,15.223728813559324,-12.068474576271186,15.181694915254235,13.87864406779661,21505500000.0,40487500000.0,8.146022727272728,2.395088539926495,50.840425531914896,99.5625,0.9603670789979012,0.9603670789979012,4.5091324200913245,28.613074204947,95.71513002364068,187.4421296296296,0.0306898235335146,0.010043942247332,0.9005492787924798,0.3234166760220037,13.414840989399291,1.0800775569558896,3.852459016393442,0.6389728096676737,0.0198088860989049,0.6454545454545455,0.0,0.0,0.6456144852693535,0.4893617021276595,0.0230537921817574,0.9627906976744186,0.0044548390689386,12.363098988701177,0.0147094528826759,0.0298683079151016,-22.6,826000000.0,-17801000000.0,-28757000000.0,50817000000.0,4588000000.0,3290000000.0,3889500000.0,44.82459071166054,49.09508419799285,62.000340193910525,2.007826475849732,1.83317742438416,1.451604938271605,0.0294734961818425,0.1403389830508474,2009-05-05,0.4,bmo,7981333333.0,2025-04-25,2009-03-31,0.1249999999999999,16.43672131147541,19492724.672131147
2008-12-31,MDLZ,USD,1103982,2009-02-27,2009-02-27 15:10:38,2008,Q4,10767000000.0,7373000000.0,3394000000.0,0.3152224389,0,0.0,0.0,2370000000.0,722000000.0,3092000000.0,10465000000.0,0.0,0.0,234000000.0,535000000.0,0.0496888641,302000000.0,0.0280486672,-306000000.0,-4000000.0,-0.0003715055,-90000000.0,163000000.0,0.0151388502,0.11,0.11,1472000000,1475000000,https://www.sec.gov/Archives/edgar/data/1103982/000119312509040798/0001193125-09-040798-index.htm,https://www.sec.gov/Archives/edgar/data/1103982/000119312509040798/d10k.htm,7.314538043478261,0.1107336956521739,1.0951086956521738,0.7785326086956522,0.845108695652174,15.081521739130435,-12.436820652173912,15.081521739130435,13.757472826086955,25863040000.0,44870040000.0,39.66723926380368,2.4020655707253646,16.04406947890819,22.56809773123909,1.1650018018018018,1.1650018018018018,4.167366954583449,83.86923364485982,27.83501240694789,39.15361256544502,0.006302430031427,0.0443103362945732,0.9122072072072072,0.3210469577348679,35.52710280373832,1.029156102861282,0.0,9.88957055214724,0.0165100467694439,2.6196319018404908,0.0,0.0,0.6421731824090808,0.2890818858560794,0.0432803937958577,1.991452991452992,0.0,6.12990492260945,-0.1209214839094159,0.0072216561073944,-23.261888586956523,322000000.0,-18307000000.0,-29512000000.0,50746000000.0,4706500000.0,3406000000.0,4196500000.0,39.3201448871552,41.173199511732,45.518784755187845,2.28890306122449,2.185887933590276,1.9772056851702868,0.0073423423423423,0.3165760869565217,2009-02-04,0.44,bmo,10929395348.0,2025-04-25,2008-12-31,-0.0227272727272727,18.2265625,22488862.296875
2008-09-30,MDLZ,USD,1103982,2008-10-31,2008-10-31 13:57:34,2008,Q3,10401000000.0,7096000000.0,3305000000.0,0.3177579079,0,0.0,0.0,2151000000.0,131000000.0,2282000000.0,9378000000.0,0.0,298000000.0,245000000.0,1268000000.0,0.1219113547,1023000000.0,0.0983559273,-298000000.0,725000000.0,0.0697048361,205000000.0,1362000000.0,0.1309489472,0.91,0.91,1493000000,1503000000,https://www.sec.gov/Archives/edgar/data/1103982/000119312508221342/0001193125-08-221342-index.htm,https://www.sec.gov/Archives/edgar/data/1103982/000119312508221342/d10q.htm,6.966510381781648,0.9122572002679168,0.7903549899531145,0.5820495646349632,0.4936369725385131,17.683188211654386,-10.49430676490288,17.683188211654386,13.992632283991965,31994990000.0,51850990000.0,5.872795521292217,3.0761455629266417,27.114398305084748,36.81817031070196,1.2118855346388395,1.2118855346388395,4.985192769925969,40.891947949526816,43.94151694915254,59.66742232451093,0.0425691647348538,0.0271605023161438,0.7800083330176887,0.3076107252221973,15.659305993690852,1.0934434191355027,3.4328859060402683,0.844062947067239,0.012814506271138,0.3010279001468429,0.0,0.0,0.6284113824781538,0.2635593220338983,0.0299009710604749,1.2693877551020407,0.0,19.05154468330391,0.0125706784600469,0.0547515677761698,-22.73492967180174,962000000.0,-15668000000.0,-29287000000.0,53669000000.0,4966000000.0,3490000000.0,4755000000.0,40.74704355350447,43.61753100338218,59.15445321307779,2.20874920365258,2.0633905205001453,1.5214408233276158,0.0515889549638271,0.2083054253181513,2008-10-29,0.43,bmo,10164613636.0,2025-04-25,2008-09-30,0.0232558139534883,20.67765625,29102403.59375
2008-06-30,MDLZ,USD,1103982,2008-08-01,2008-08-01 09:12:55,2008,Q2,10804000000.0,6936000000.0,3868000000.0,0.3580155498,0,0.0,0.0,2264000000.0,181000000.0,2445000000.0,9381000000.0,0.0,331000000.0,259000000.0,1682000000.0,0.1556830803,1423000000.0,0.1317104776,-331000000.0,1092000000.0,0.1010736764,414000000.0,745000000.0,0.0689559422,0.49,0.49,1522000000,1532000000,https://www.sec.gov/Archives/edgar/data/1103982/000119312508163342/0001193125-08-163342-index.htm,https://www.sec.gov/Archives/edgar/data/1103982/000119312508163342/d10q.htm,7.098554533508541,0.4894875164257556,0.7437582128777924,0.5341655716162943,0.4651773981603154,18.36399474375821,-10.766754270696453,18.36399474375821,14.862680683311432,28324420000.0,49906420000.0,9.504838926174497,2.621660496112551,25.021572438162544,34.83938499384994,1.0133960644007156,1.0133960644007156,4.619253980007405,29.67087990487515,44.08694346289753,61.38551045510455,0.0263023920701641,0.0287031473195214,0.7974955277280859,0.3146305314418801,12.83115338882283,0.9868131868131867,4.299093655589124,1.546448087431694,0.0145104471689093,0.5516778523489932,0.0,0.0,0.6258310395934787,0.2818021201413427,0.0295261014439096,1.2316602316602316,0.0,14.221507972873388,0.0142600672887807,0.0281047231024596,-23.552398160315377,-156000000.0,-16387000000.0,-31221000000.0,55645000000.0,5292000000.0,3849000000.0,4756500000.0,43.50888559792669,45.94723183391003,62.88062283737024,2.068542982959985,1.958768709404123,1.4312835328105653,0.0266547406082289,0.209592641261498,2008-07-28,0.5,bmo,9313793103.0,2025-04-25,2008-06-30,0.1599999999999999,20.416875,12455389.875
2008-03-31,MDLZ,USD,1103982,2008-05-02,2008-05-02 15:38:52,2008,Q1,10046000000.0,6745000000.0,3301000000.0,0.3285884929,0,0.0,0.0,2129000000.0,105000000.0,2234000000.0,8979000000.0,0.0,305000000.0,248000000.0,1315000000.0,0.1308978698,1067000000.0,0.1062114274,-305000000.0,762000000.0,0.075851085,215000000.0,599000000.0,0.0596257217,0.39,0.39,1532000000,1542000000,https://www.sec.gov/Archives/edgar/data/1103982/000119312508100675/0001193125-08-100675-index.htm,https://www.sec.gov/Archives/edgar/data/1103982/000119312508100675/d10q.htm,6.557441253263708,0.3909921671018276,0.141644908616188,-0.0352480417754569,0.3949086161879895,17.797650130548302,-10.70496083550914,17.797650130548302,14.99804177545692,31084280000.0,53151280000.0,12.97340567612688,3.094194704359944,143.24552995391704,-575.6348148148148,1.1400381427418764,1.1400381427418764,5.290790364324109,40.41922433460076,244.9367741935484,-984.282962962963,0.0192701905915144,-0.0017372125074153,0.831511772903983,0.3237654585439694,16.780988593155893,0.8192787989336326,3.498360655737705,0.3569078947368421,0.0133507998255066,0.6928213689482471,0.0,0.0,0.6235683888841288,1.2488479262672811,0.0269759108102727,1.092741935483871,0.0,12.51286099826583,0.0125531593279435,0.0227238239757207,-23.368635770234988,-2576000000.0,-16400000000.0,-31082000000.0,52401000000.0,5279000000.0,4111000000.0,4381500000.0,48.02807087397969,55.46775389177168,62.27279466271312,1.8739041223652304,1.6225643492903536,1.4452539104349689,0.021968752292232,0.1768929503916449,2008-04-30,0.4,bmo,9132727272.0,2025-04-25,2008-03-31,0.0999999999999999,20.07032786885246,15420682.704918033
2007-12-31,MDLZ,USD,1103982,2008-02-25,2008-02-25 17:23:38,2007,Q4,10396000000.0,7176000000.0,3220000000.0,0.3097345133,0,0.0,0.0,2067000000.0,113000000.0,2180000000.0,9356000000.0,0.0,0.0,224000000.0,1284000000.0,0.1235090419,1040000000.0,0.1000384763,-226000000.0,814000000.0,0.0782993459,229000000.0,585000000.0,0.0562716429,0.39,0.39,1518000000,1518000000,https://www.sec.gov/Archives/edgar/data/1103982/000119312508037590/0001193125-08-037590-index.htm,https://www.sec.gov/Archives/edgar/data/1103982/000119312508037590/d10k.htm,6.848484848484849,0.3853754940711462,0.8504611330698287,0.5981554677206851,0.3735177865612648,17.980895915678524,-10.604743083003951,17.980895915678524,13.8399209486166,32409300000.000004,52851300000.0,13.850128205128206,3.117477876106195,25.104027885360185,35.69306167400882,1.1873713134273678,1.1873713134273678,5.083811081185071,41.16144859813084,40.93826491092177,58.206277533039646,0.0180503744295618,0.0280166495419524,0.7697014105147463,0.3089876899092553,15.92056074766355,0.6284092239260213,0.0,2.206837606837607,0.0130826645438192,0.7247863247863248,0.0,0.0,0.638198049799244,0.2966692486444616,0.0368410927279723,1.7098214285714286,0.0,12.486449638119536,0.0126651328061163,0.023780487804878,-22.519927536231883,-6349000000.0,-16098000000.0,-29961000000.0,47822000000.0,4569500000.0,3486500000.0,4235500000.0,44.99134282416314,50.98244147157191,51.37123745819398,2.000384837406196,1.7653136531365314,1.751953125,0.0214324967942846,0.2523056653491436,2008-01-30,0.44,bmo,10143000000.0,2025-04-25,2007-12-31,0.0,21.903125,13345797.640625
2007-09-30,MDLZ,USD,1103982,2007-11-02,2007-11-02 14:45:58,2007,Q3,8760000000.0,5835000000.0,2925000000.0,0.3339041096,0,0.0,0.0,1864000000.0,176000000.0,2040000000.0,7875000000.0,0.0,0.0,220000000.0,1105000000.0,0.1261415525,885000000.0,0.1010273973,-165000000.0,720000000.0,0.0821917808,185000000.0,596000000.0,0.0680365297,0.38,0.38,1557000000,1576000000,https://www.sec.gov/Archives/edgar/data/1103982/000119312507233672/0001193125-07-233672-index.htm,https://www.sec.gov/Archives/edgar/data/1103982/000119312507233672/d10q.htm,5.626204238921002,0.3827874116891458,0.558766859344894,0.3326910725754656,0.3198458574181118,17.26525369299936,-5.70199100834939,17.26525369299936,8.642260757867694,35343900000.0,48301900000.0,14.825461409395972,4.034691780821918,40.6251724137931,68.23146718146718,1.3147794062941744,1.3147794062941744,5.513915525114156,43.71212669683258,55.51942528735632,93.2469111969112,0.016862881572209,0.0146559943865843,0.5005579941968603,0.2345926532889346,11.726696832579185,0.9362370021581322,0.0,1.4597315436241611,0.0111476096299502,0.6610738255033557,0.0,0.0,0.6234418312732091,0.4045977011494253,0.0401826484018264,1.6,0.0,12.194291283188337,0.0131465617773868,0.027593870086578,-15.950545921644188,-650000000.0,-8878000000.0,-20933000000.0,45077000000.0,3949500000.0,2753500000.0,4204000000.0,40.5,44.853470437018,67.48071979434447,2.2222222222222223,2.006533700137552,1.3337142857142856,0.022170969421918,0.2260757867694283,2007-10-31,0.42,bmo,8361818181.0,2025-04-25,2007-09-30,0.0476190476190476,21.930317460317458,20850603.47619048
2007-06-30,MDLZ,USD,1103982,2007-08-03,2007-08-03 13:31:59,2007,Q2,9205000000.0,5945000000.0,3260000000.0,0.3541553504,0,0.0,0.0,1969000000.0,103000000.0,2072000000.0,8017000000.0,0.0,0.0,222000000.0,1410000000.0,0.1531776209,1188000000.0,0.1290602933,-149000000.0,1039000000.0,0.1128734383,332000000.0,707000000.0,0.0768060837,0.45,0.44,1571111111,1606818182,https://www.sec.gov/Archives/edgar/data/1103982/000095013707011214/0000950137-07-011214-index.htm,https://www.sec.gov/Archives/edgar/data/1103982/000095013707011214/c17231e10vq.htm,5.858910891503459,0.4500000000318246,0.794978783648867,0.587482319702085,0.2666902404714774,17.488260255833683,-5.1555869876347655,17.488260255833683,7.966973126447452,36229822219.66,48327822219.66,12.811111110205092,3.935885086329169,29.007063426469173,39.25224509172264,1.3185988578999852,1.3185988578999852,5.250170800614883,34.27505121961702,38.69321234560448,52.359504029967496,0.0195143104957426,0.0254762497702552,0.4555612170621633,0.2215594300380564,8.580141843971631,0.7466166639491276,0.0,1.7666195190947669,0.0113442455640031,0.5813295615275813,0.0,0.0,0.6297194441986016,0.2610088070456365,0.0354155350353069,1.4684684684684686,0.0,13.306713910760934,0.0162781425146225,0.0337970266265117,-15.031241160893298,-3108000000.0,-8100000000.0,-19861000000.0,42270000000.0,3967000000.0,2586500000.0,3957000000.0,38.688756110809344,39.34566862910009,61.0546677880572,2.3262572656052565,2.287418237783763,1.4740887676667491,0.0257315475323919,0.2074964639467819,2007-08-01,0.47,bmo,8126300000.0,2025-04-25,2007-06-30,0.0638297872340426,21.93142857142857,34536671.50793651
2007-03-31,MDLZ,USD,1103982,2007-05-09,2007-05-09 16:33:55,2007,Q1,8586000000.0,5535000000.0,3051000000.0,0.3553459119,0,0.0,0.0,1872000000.0,57000000.0,1929000000.0,7464000000.0,0.0,0.0,220000000.0,1342000000.0,0.156300955,1122000000.0,0.1306778477,-64000000.0,1058000000.0,0.1232238528,356000000.0,702000000.0,0.0817610063,0.43,0.43,1632558140,1632558140,https://www.sec.gov/Archives/edgar/data/1103982/000095013707007111/0000950137-07-007111-index.htm,https://www.sec.gov/Archives/edgar/data/1103982/000095013707007111/c14835e10vq.htm,5.259230767732413,0.4299999998774929,0.0986182335901372,-0.0116381766348609,0.1537464387026363,17.59753560752207,-4.122364671190209,17.59753560752207,6.457350425510726,33810279079.4,44101279079.4,12.040697677849003,3.937838234265083,210.0017334124224,-1779.4883726,1.17686933340527,1.17686933340527,5.136417316491964,32.86235400849478,273.9209880708075,-2321.1199515473686,0.0207629164595602,-0.0005619592773955,0.3669462912040099,0.1888773426022145,7.668405365126676,0.8489498417569771,0.0,0.2293447293447293,0.01209691286604,0.5826210826210826,0.0,0.0,0.635306553911205,1.1180124223602483,0.020964360587002,0.8181818181818182,0.0,13.048224283567096,0.0152404403118937,0.03448784082535,-13.421114668540993,-1575000000.0,-6730000000.0,-18233000000.0,43508000000.0,3923000000.0,2588000000.0,3693500000.0,41.68763102725367,41.85365853658536,63.10569105691057,2.1589137540859946,2.1503496503496504,1.4261788198917804,0.0244352396533119,0.1102564102249981,2007-04-18,0.42,bmo,8195727272.0,2025-04-25,2007-03-31,0.0476190476190476,21.85344262295082,8735174.836065574
2006-12-31,MDLZ,USD,1103982,2007-03-01,2007-03-01 15:39:31,2006,Q4,9371000000.0,6071000000.0,3300000000.0,0.3521502508,0,0.0,0.0,2007000000.0,319000000.0,2326000000.0,8397000000.0,0.0,0.0,237000000.0,1197000000.0,0.1277345001,974000000.0,0.1039376801,-133000000.0,841000000.0,0.0897449578,216000000.0,624000000.0,0.0665884111,0.38,0.38,1632558140,1632558140,https://www.sec.gov/Archives/edgar/data/1103982/000104746907001530/0001047469-07-001530-index.htm,https://www.sec.gov/Archives/edgar/data/1103982/000104746907001530/a2176027z10-k.htm,5.740071223435877,0.382222222113327,0.5659829058216573,0.2707407406636066,0.1463960113543031,17.490954410971238,-4.394943018690899,17.490954410971238,6.6282478613594735,38136558150.4,48718558150.4,15.279069771794871,4.069635914032654,41.273331331601725,86.28180577013575,1.3355474750621608,1.3355474750621608,5.1988643848468685,40.7005498332498,52.72571228398269,110.22298224072398,0.0163622526589609,0.0115899289667639,0.3789528979163019,0.1947133551660848,8.840434419381788,0.7881218371049366,0.0,1.4807692307692308,0.0108032822043139,0.6602564102564102,0.0,0.0,0.6429265483859359,0.5216450216450217,0.0514352790523956,2.0337552742616034,0.0,12.264673166925292,0.0148203490074724,0.0314452731304172,-13.552503557392448,-2219000000.0,-7175000000.0,-18765000000.0,43204000000.0,3721000000.0,2489000000.0,3681500000.0,37.15825418845374,38.57354636797892,51.97496293856037,2.4220728870509176,2.333205226748655,1.7316029663434114,0.0218525652250043,0.2952421651580507,2007-01-31,0.51,bmo,9371000000.0,2025-04-25,2006-12-31,0.0,23.050476190476196,3793091.777777778
2006-09-30,MDLZ,USD,1103982,2006-11-09,2006-11-09 11:53:41,2006,Q3,8243000000.0,5243000000.0,3000000000.0,0.3639451656,0,0.0,0.0,1765000000.0,-120000000.0,1645000000.0,6888000000.0,0.0,0.0,221000000.0,1579000000.0,0.1915564722,1355000000.0,0.1643818998,-132000000.0,1223000000.0,0.1483683125,473000000.0,748000000.0,0.0907436613,0.46,0.45,1626086957,1662222222,https://www.sec.gov/Archives/edgar/data/1103982/000110465906073335/0001104659-06-073335-index.htm,https://www.sec.gov/Archives/edgar/data/1103982/000110465906073335/a06-21892_110q.htm,5.069224597439533,0.4599999998647058,0.7318181816029412,0.5860695185442042,0.4028074865125433,18.69395721375312,-3.3313101594480106,18.69395721375312,6.637406415160121,37936608706.81,48074608706.81,12.679347829816177,4.602281779304865,31.879503114966383,39.80756422540399,1.2479968651493518,1.2479968651493518,5.832173808905738,30.446237306402782,40.39883084605882,50.445549534952775,0.019717102437407,0.0251208537738621,0.3550562537009014,0.1834296397008837,6.4205193160228,0.8241192162634532,0.0,1.5909090909090908,0.0100430695570214,0.5093582887700535,0.0,0.0,0.6086845683208701,0.1991596638655462,0.0287516680820089,1.0723981900452488,0.0,13.90979716262743,0.016078413485154,0.032486427795874,-14.25431149313376,-1912000000.0,-5417000000.0,-19483000000.0,43712000000.0,3561000000.0,2230000000.0,3703500000.0,39.011282300133445,40.7858096509632,66.20827770360481,2.3070249090400226,2.206649831649832,1.3593466424682397,0.0246068820317126,0.145748663058737,2006-10-23,0.45,bmo,8063804347.0,2025-04-25,2006-09-30,0.0222222222222222,21.465555555555557,4388162.587301588
2006-06-30,MDLZ,USD,1103982,2006-08-08,2006-08-08 08:03:22,2006,Q2,8619000000.0,5435000000.0,3184000000.0,0.3694164056,0,0.0,0.0,1770000000.0,237000000.0,2007000000.0,7442000000.0,0.0,0.0,217000000.0,1620000000.0,0.1879568395,1177000000.0,0.1365587655,-148000000.0,1029000000.0,0.1193873999,347000000.0,682000000.0,0.079127509,0.41,0.41,1663414634,1663414634,https://www.sec.gov/Archives/edgar/data/1103982/000110465906052215/0001104659-06-052215-index.htm,https://www.sec.gov/Archives/edgar/data/1103982/000110465906052215/a06-15579_110q.htm,5.18151026438547,0.4100000000360704,0.6769208211739226,0.5176099707200243,0.2416715542734608,18.256422288996166,-3.032917888829876,18.256422288996166,6.814897361303363,33634243899.48,44568243899.48,12.32926829159824,3.9023371504211615,29.87055408479574,39.06416248487805,1.107555449798472,1.107555449798472,5.1709297945794175,27.511261666345675,39.58103365850799,51.76334947674796,0.0202769535131587,0.0255989105202781,0.3732876712328767,0.194703033217684,6.749382716049383,0.8634770055681584,0.0,1.651026392961877,0.0114169357024237,0.5630498533724341,0.0,0.0,0.6082408711483631,0.2353463587921847,0.0307460262211393,1.2211981566820276,0.0,12.97749959086134,0.0148923552141202,0.0299004778815379,-13.83614736192107,-1324000000.0,-5045000000.0,-19480000000.0,43851000000.0,3490000000.0,2052000000.0,3568500000.0,37.05882352941176,34.509659613615455,58.78564857405704,2.4285714285714284,2.6079654510556622,1.5309859154929577,0.0224578503688092,0.1593108504538983,2006-07-24,0.48,bmo,8112000000.0,2025-04-25,2006-06-30,0.0625,20.39174603174603,2995083.904761905
2006-03-31,MDLZ,USD,1103982,2006-05-09,2006-05-09 08:57:42,2006,Q1,8123000000.0,5191000000.0,2932000000.0,0.3609503878,0,0.0,0.0,1707000000.0,207000000.0,1914000000.0,7105000000.0,0.0,0.0,216000000.0,1234000000.0,0.1519143174,1018000000.0,0.1253231565,-96000000.0,922000000.0,0.1135048627,-85000000.0,1006000000.0,0.1238458698,0.61,0.61,1649180328,1649180328,https://www.sec.gov/Archives/edgar/data/1103982/000110465906032390/0001104659-06-032390-index.htm,https://www.sec.gov/Archives/edgar/data/1103982/000110465906032390/a06-9721_110q.htm,4.925477136785251,0.609999999951491,0.2910536779092601,0.1788767395483994,0.1618986083370259,18.176908547262272,-3.1057852880233967,18.176908547262272,6.577206758920302,32703245904.24,43283245904.24,8.127049180974154,4.026005897358119,68.1317623005,110.85846069233898,1.0909445876585382,1.0909445876585382,5.328480352608642,35.07556394184765,90.17342896716666,146.722867472,0.030761472513943,0.0090205113236711,0.3618440804616873,0.1876189158335351,8.573743922204214,0.9559820710263188,0.0,0.4771371769383697,0.011772531727503,0.3827037773359841,0.0,0.0,0.6071020859999308,0.3854166666666667,0.022774836882925,0.8564814814814815,0.0,15.79487479505094,0.0215960361545258,0.0442879154743561,-14.069565108225085,-383000000.0,-5122000000.0,-19519000000.0,44496000000.0,3408000000.0,2145000000.0,3465000000.0,38.01428043826173,35.02215372760547,62.19032941629744,2.367531331973186,2.56980198019802,1.4471703373292446,0.033559061947493,0.1121769383608606,2006-04-19,0.42,bmo,7581466666.0,2025-04-25,2006-03-31,0.0714285714285715,19.247096774193547,2971990.9516129037
2005-12-31,MDLZ,USD,1103982,2006-03-10,2006-03-10 16:34:38,2005,Q4,9663000000.0,6265000000.0,3398000000.0,0.3516506261,0,0.0,0.0,1919000000.0,282000000.0,2201000000.0,8466000000.0,0.0,0.0,228000000.0,1425000000.0,0.1474697299,1197000000.0,0.1238745731,-147000000.0,1050000000.0,0.1086619062,277000000.0,773000000.0,0.0799958605,0.47,0.47,1649180328,1649180328,https://www.sec.gov/Archives/edgar/data/1103982/000104746906003200/0001047469-06-003200-index.htm,https://www.sec.gov/Archives/edgar/data/1103982/000104746906003200/a2168110z10-k.htm,5.859274353410793,0.4687176937997043,0.8646719681220937,0.6300099403077527,0.1916103379569295,17.944065604934867,-3.37804174923435,17.944065604934867,6.395904572055992,30394393445.04,40626393445.04,9.83001081663648,3.145440695957777,21.314441406058904,29.25350668435033,1.0270805070469369,1.0270805070469369,4.204325100387043,28.509749785992984,28.48975697408135,39.10143738694899,0.0254323219641727,0.0341839359906539,0.3564356435643564,0.1830360241549246,7.180350877192982,0.9345483723062816,0.0,1.8447606727037515,0.0127655121890026,0.5019404915912031,0.0,0.0,0.610189491219546,0.2713884992987377,0.0400496740142812,1.6973684210526316,0.0,13.756481147955409,0.017286619455833,0.0344106125356125,-14.254808646977748,-571000000.0,-5571000000.0,-19882000000.0,44410000000.0,3360000000.0,2214500000.0,3571000000.0,31.52747593914933,32.609736632083006,48.02394253790902,2.854652880354505,2.759911894273128,1.874065210888424,0.0261210421383435,0.2346620278143409,2006-01-30,0.53,bmo,9116037735.0,2025-04-25,2005-12-31,0.0566037735849057,18.97809523809524,2706158.4603174604
2005-09-30,MDLZ,USD,1103982,2005-11-09,2005-11-09 14:32:38,2005,Q3,8057000000.0,5201000000.0,2856000000.0,0.3544743701,0,0.0,0.0,1678000000.0,30000000.0,1708000000.0,6909000000.0,0.0,0.0,215000000.0,1363000000.0,0.1691696661,1148000000.0,0.1424847958,-139000000.0,1009000000.0,0.1252327169,334000000.0,674000000.0,0.0836539655,0.4,0.4,1685000000,1685000000,https://www.sec.gov/Archives/edgar/data/1103982/000110465905053982/0001104659-05-053982-index.htm,https://www.sec.gov/Archives/edgar/data/1103982/000110465905053982/a05-18510_110q.htm,4.781602373887241,0.4,0.4427299703264095,0.2391691394658753,0.1394658753709199,17.670623145400594,-3.346587537091988,17.670623145400594,6.7103857566765575,33716850000.000004,44788850000.0,12.50625,4.184789623929503,45.19684986595175,83.66464019851118,1.1323879093198994,1.1323879093198994,5.558998386496215,32.86049156272927,60.03867292225201,111.13858560794044,0.0199900049975012,0.0119524807329273,0.3797481108312343,0.1946060376579119,8.123257520176082,1.0511528285246314,0.0,1.1068249258160237,0.0103509076322372,0.5178041543026706,0.0,0.0,0.6095143024336511,0.4597855227882037,0.0425716768027801,1.5953488372093023,0.0,12.610932095154796,0.0148406366700162,0.0297073342736248,-14.060089020771514,406000000.0,-5639000000.0,-19984000000.0,45669000000.0,3398000000.0,2077000000.0,3738500000.0,37.25332009432791,37.36012305325899,65.73928090751778,2.415892053973013,2.4089856415006947,1.3690444853908923,0.0226364399664147,0.2035608308605341,2005-10-18,0.46,bmo,8824333333.0,2025-04-25,2005-09-30,-0.0869565217391305,20.230625,2227075.421875
2005-06-30,MDLZ,USD,1103982,2005-08-05,2005-08-05 12:36:33,2005,Q2,8334000000.0,5275000000.0,3059000000.0,0.3670506359,0,0.0,0.0,1777000000.0,32000000.0,1809000000.0,7084000000.0,0.0,0.0,218000000.0,1468000000.0,0.1761459083,1250000000.0,0.149988001,-174000000.0,1076000000.0,0.1291096712,316000000.0,472000000.0,0.0566354692,0.28,0.28,1685714286,1685714286,https://www.sec.gov/Archives/edgar/data/1103982/000110465905036749/0001104659-05-036749-index.htm,https://www.sec.gov/Archives/edgar/data/1103982/000110465905036749/a05-14123_110q.htm,4.9438983042467965,0.2799999999525424,0.6228813558266303,0.4437288134841137,0.234915254197472,17.71118643767607,-3.3309322028252657,17.71118643767607,6.591271185323514,35079714291.66,45794714291.66,18.580357146006357,4.209228976681065,33.40925170634286,46.89801375890374,1.17496363517082,1.17496363517082,5.494926120909526,31.195309462983648,43.61401361110476,61.22288006906417,0.0134550696757588,0.0213228646556517,0.3721530010718114,0.1908876939199752,7.299046321525886,1.0900255754475705,0.0,2.2245762711864407,0.0099772762426178,0.7415254237288136,0.0,0.0,0.6093940591337812,0.2876190476190476,0.0362371010319174,1.385321100917431,0.0,10.563165933490172,0.0170526243988949,0.0207600281491907,-13.95269067560124,704000000.0,-5615000000.0,-19827000000.0,45905000000.0,3548000000.0,1979500000.0,3695000000.0,37.37580993520518,34.03791469194313,62.75260663507109,2.4079745738225946,2.644110275689223,1.4342033713974986,0.0158092175777063,0.1791525423425165,2005-07-19,0.47,bmo,8334000000.0,2025-04-25,2005-06-30,0.0,21.07921875,2168941.421875
2005-03-31,MDLZ,USD,1103982,2005-05-06,2005-05-06 16:02:51,2005,Q1,8059000000.0,5104000000.0,2955000000.0,0.3666708028,0,0.0,0.0,1761000000.0,37000000.0,1798000000.0,6902000000.0,0.0,0.0,218000000.0,1375000000.0,0.1706167018,1157000000.0,0.1435661993,-176000000.0,981000000.0,0.1217272614,282000000.0,713000000.0,0.0884725152,0.42,0.42,1697619048,1697619048,https://www.sec.gov/Archives/edgar/data/1103982/000104746905013810/0001047469-05-013810-index.htm,https://www.sec.gov/Archives/edgar/data/1103982/000104746905013810/a2157556z10-q.htm,4.747237025582668,0.4199999999057504,0.1425525946384173,0.0606732117675908,0.1295932678531067,17.744852730940845,-3.263394108664596,17.744852730940845,7.486956520059028,36702523817.76,49192523817.76,12.869047621935485,4.554228045385284,151.66332156099173,356.33518269669906,1.2183814837923252,1.2183814837923252,6.104048122317906,35.77638095837091,203.2748918089256,477.5973186190291,0.0194264569799144,0.00280634652024,0.421922719426371,0.211340206185567,9.083636363636364,1.1028210434593182,0.0,0.3394109396914446,0.0095361289522721,0.4908835904628331,0.0,0.0,0.5930162953109411,0.5743801652892562,0.0172477974934855,0.6376146788990825,0.0,12.94947328155709,0.0152823566193112,0.0291305768916489,-14.852419351505768,944000000.0,-5540000000.0,-19891000000.0,46429000000.0,3588000000.0,2085500000.0,3579500000.0,40.59436654671796,34.63166144200627,65.45454545454545,2.217056396148556,2.59877800407332,1.375,0.0236688354800159,0.0818793828708265,2005-04-19,0.41,bmo,7509522727.0,2025-04-25,2005-03-31,0.0731707317073171,21.91163934426229,2214372.081967213
2004-12-31,MDLZ,USD,1103982,2005-03-11,2005-03-11 16:19:42,2004,Q4,8439000000.0,5433000000.0,3006000000.0,0.3562033416,0,0.0,0.0,1759000000.0,119000000.0,1878000000.0,7311000000.0,0.0,0.0,246000000.0,1374000000.0,0.1628154995,1128000000.0,0.1336651262,-159000000.0,969000000.0,0.1148240313,318000000.0,628000000.0,0.0744164,0.37,0.37,1697619048,1697619048,https://www.sec.gov/Archives/edgar/data/1103982/000104746905006214/0001047469-05-006214-index.htm,https://www.sec.gov/Archives/edgar/data/1103982/000104746905006214/a2152234z10-k.htm,4.971079942783488,0.3699298736897773,0.8953716688032827,0.6408976155644549,0.1661150069753458,17.6193828852467,-3.4754558196969523,17.6193828852467,7.373856940841772,39554523818.4,51790523818.4,15.746227634713376,4.687110299608959,26.022713038421053,36.3552608625,1.322407268844238,1.322407268844238,6.137045126010191,37.693248776128094,34.07271303842106,47.60158439191176,0.0158768186132951,0.0275063354319508,0.4185082411153087,0.2088839941262849,8.905385735080058,1.0709407358448997,0.0,2.420382165605095,0.0088738269638003,0.5589171974522293,0.0,0.0,0.5975670804965959,0.2842105263157894,0.0511908993956629,1.7560975609756098,0.0,12.110060359787663,0.0141265809196855,0.0260397230169589,-14.936065915301864,644000000.0,-5900000000.0,-20295000000.0,46440000000.0,3394500000.0,2054000000.0,3622000000.0,37.763953075008885,36.55991165102154,57.10104914411927,2.383225077661677,2.4617127322156773,1.5761531766753698,0.020995620340343,0.2544740532388277,2005-01-25,0.49,bmo,8439000000.0,2025-04-25,2004-12-31,0.0,22.210625,2627890.5625
2004-09-30,MDLZ,USD,1103982,2004-11-05,2004-11-05 15:47:58,2004,Q3,7718000000.0,4853000000.0,2865000000.0,0.3712101581,0,0.0,0.0,1579000000.0,54000000.0,1633000000.0,6486000000.0,0.0,0.0,209000000.0,1441000000.0,0.1867064006,1232000000.0,0.1596268463,-163000000.0,1069000000.0,0.1385073853,302000000.0,779000000.0,0.1009328842,0.46,0.46,1693478261,1693478261,https://www.sec.gov/Archives/edgar/data/1103982/000104746904033228/0001047469-04-033228-index.htm,https://www.sec.gov/Archives/edgar/data/1103982/000104746904033228/a2146084z10-q.htm,4.557483953435881,0.4599999999645699,0.6826187419243169,0.5521181000858446,0.1192811296442145,17.254428753484895,-4.524415917494911,17.254428753484895,7.458613606614227,35139673915.75,47568673915.75,11.277173913912067,4.552950753530707,30.39764179563149,37.582538947326206,1.202589798622519,1.202589798622519,6.163342046611817,33.010877110166554,41.14937189943772,50.87558707566845,0.0221686746970877,0.0266081012089563,0.4322724161533196,0.2130376117389104,8.625260235947259,1.0354004838915063,0.0,1.4839537869062902,0.0087934794369706,0.3966623876765083,0.0,0.0,0.6220610558272895,0.1911764705882352,0.0286343612334801,1.0574162679425838,0.0,13.363507682671262,0.0166481722993795,0.0347643698679043,-15.07754813747798,278000000.0,-7662000000.0,-21939000000.0,46995000000.0,3306500000.0,1878500000.0,3697500000.0,37.87509717543405,35.254481763857406,70.41623737894086,2.376231527093596,2.552866912151499,1.2781143007637608,0.0266598220396988,0.1305006418384723,2004-10-18,0.45,bmo,7235625000.0,2025-04-25,2004-09-30,0.0666666666666666,20.33859375,2179155.390625
2004-06-30,MDLZ,USD,1103982,2004-08-06,2004-08-06 15:13:53,2004,Q2,8091000000.0,5107000000.0,2984000000.0,0.3688048449,0,0.0,0.0,1642000000.0,133000000.0,1775000000.0,6882000000.0,0.0,0.0,215000000.0,1424000000.0,0.1759980225,1209000000.0,0.1494252874,-126000000.0,1083000000.0,0.1338524286,372000000.0,698000000.0,0.0862686936,0.41,0.41,1702439024,1702439024,https://www.sec.gov/Archives/edgar/data/1103982/000104746904025626/0001047469-04-025626-index.htm,https://www.sec.gov/Archives/edgar/data/1103982/000104746904025626/a2141487z10-q.htm,4.752593124298588,0.4100000000939828,0.4922349571328905,0.3718194843259185,0.0963323782455776,16.962134674375275,-4.698553009673021,16.962134674375275,7.607320918649243,35291560967.520004,48078560967.52,12.640243899541549,4.3618293125101975,42.114034567446296,55.75286092815166,1.2221339116778058,1.2221339116778058,5.94222728556668,33.76303438730337,57.372984448114565,75.95349283968405,0.0197780993774231,0.017936299292133,0.4484884163867437,0.2190518072492938,8.979634831460674,1.0064935064935066,0.0,1.2005730659025788,0.008812305023465,0.4455587392550143,0.0,0.0,0.6237166584916192,0.2446300715990453,0.025336793968607,0.9534883720930232,0.0,12.509024438659486,0.014949339315302,0.0313750168562053,-15.130791550746313,52000000.0,-7999000000.0,-22186000000.0,46733000000.0,3410000000.0,1824500000.0,3573500000.0,37.43047830923248,32.70804777756021,63.40708831016252,2.4044576523031203,2.7516163793103448,1.4193996664813786,0.0241714859576825,0.120415472806972,2004-07-19,0.46,bmo,8091000000.0,2025-04-25,2004-06-30,0.0,20.45370967741936,2502637.193548387
2004-03-31,MDLZ,USD,1103982,2004-05-10,2004-05-10 14:09:30,2004,Q1,7575000000.0,4676000000.0,2899000000.0,0.3827062706,0,0.0,0.0,1633000000.0,293000000.0,1926000000.0,6602000000.0,0.0,0.0,209000000.0,1182000000.0,0.156039604,973000000.0,0.1284488449,-165000000.0,808000000.0,0.1066666667,257000000.0,561000000.0,0.0740594059,0.33,0.33,1700000000,1700000000,https://www.sec.gov/Archives/edgar/data/1103982/000104746904016619/0001047469-04-016619-index.htm,https://www.sec.gov/Archives/edgar/data/1103982/000104746904016619/a2135826z10-q.htm,4.455882352941177,0.33,0.2905882352941176,0.2035294117647058,0.1688235294117647,16.94529411764706,-4.712941176470588,16.94529411764706,7.720588235294118,35598000000.0,48436000000.0,15.863636363636363,4.699405940594059,72.06072874493927,102.8843930635838,1.235741312875343,1.235741312875343,6.394191419141914,40.97800338409476,98.04858299595142,139.98843930635837,0.0157593123209169,0.0097196471711893,0.4556184260769951,0.2213732732884683,10.86125211505922,1.079579776756402,0.0,0.8821428571428571,0.00868026293612,0.5508021390374331,0.0,0.0,0.6210089561301422,0.2995951417004048,0.0195379537953795,0.7081339712918661,0.0,11.21689836022104,0.0124949355847397,0.0249666221628838,-15.193676470588237,606000000.0,-8012000000.0,-22261000000.0,47420000000.0,3412000000.0,1899000000.0,3446000000.0,41.04950495049505,34.51026518391788,68.30838323353294,2.192474674384949,2.607919687674289,1.3175542406311638,0.0194744332974624,0.0870588235294117,2004-04-19,0.43,bmo,7238333333.0,2025-04-25,2004-03-31,0.0465116279069767,21.38467741935484,2273535.241935484
2003-12-31,MDLZ,USD,1103982,2004-03-12,2004-03-12 12:47:41,2003,Q4,8330000000.0,5225000000.0,3105000000.0,0.3727490996,0,0.0,0.0,1639000000.0,-19000000.0,1620000000.0,6845000000.0,0.0,0.0,223000000.0,1714000000.0,0.2057623049,1485000000.0,0.1782713085,-167000000.0,1318000000.0,0.1582232893,453000000.0,869000000.0,0.1043217287,0.51,0.51,1700000000,1700000000,https://www.sec.gov/Archives/edgar/data/1103982/000104746904007643/0001047469-04-007643-index.htm,https://www.sec.gov/Archives/edgar/data/1103982/000104746904007643/a2129292z10-k.htm,4.9,0.5111764705882353,0.7641176470588236,0.571764705882353,0.3023529411764706,16.78235294117647,-4.911176470588235,16.78235294117647,7.918823529411765,35836000000.0,48784000000.0,10.309551208285384,4.302040816326531,27.58737490377213,36.86831275720164,1.2560813179109709,1.2560813179109709,5.856422569027611,28.462077012835472,37.55504234026174,50.18930041152263,0.0242493581872976,0.0271235628976448,0.4718541885734315,0.2270726153327148,7.554259043173862,1.0334563032693045,0.0,1.4948216340621403,0.0086784239312423,0.3578826237054085,0.0,0.0,0.6220629164206798,0.2517321016166282,0.0392557022809123,1.4663677130044843,0.0,13.89322636230783,0.0182869250247818,0.0387842542176202,-15.319264705882352,263000000.0,-8349000000.0,-22631000000.0,47297000000.0,3224500000.0,1851000000.0,3446000000.0,36.39975990396159,34.53588516746412,57.58277511961723,2.4725437815375484,2.605985037406484,1.5629673945557885,0.030459165790396,0.1923529411764706,2004-01-27,0.5,bmo,8330000000.0,2025-04-25,2003-12-31,0.0,19.9503125,2364704.625
2003-09-30,MDLZ,USD,1103982,2003-11-13,2003-11-13 15:57:54,2003,Q3,7480000000.0,4559000000.0,2921000000.0,0.3905080214,0,0.0,0.0,1526000000.0,-15000000.0,1511000000.0,6070000000.0,0.0,0.0,202000000.0,1612000000.0,0.2155080214,1410000000.0,0.1885026738,-159000000.0,1251000000.0,0.1672459893,439000000.0,810000000.0,0.1082887701,0.47,0.47,1723404255,1723404255,https://www.sec.gov/Archives/edgar/data/1103982/000104746903037238/0001047469-03-037238-index.htm,https://www.sec.gov/Archives/edgar/data/1103982/000104746903037238/a2122198z10-q.htm,4.340246914383997,0.470000000087037,0.7200864198864357,0.568641975413946,0.2878024691890992,16.09779012643786,-5.13924691453196,16.09779012643786,7.89890123603066,33261702121.5,46378702121.5,10.265957444907407,4.446751620521391,26.80233853464948,33.94051236887755,1.198922327127564,1.198922327127564,6.200361246189839,28.770907023263028,37.37204038799355,47.32520624642857,0.0243523316107273,0.0294633147882873,0.4906823342825217,0.2337958987393947,8.137096774193548,1.0273706057854457,0.0,1.5320987654320988,0.0077566685871205,0.3185185185185185,0.0,0.0,0.6285851681379453,0.2103142626913779,0.0348930481283422,1.292079207920792,0.0,13.047380220511902,0.0174354429698511,0.0374549153796356,-15.029845681795653,211000000.0,-8857000000.0,-22563000000.0,46697000000.0,3197500000.0,1652500000.0,3566000000.0,37.05882352941177,33.500767712217595,70.06141697740733,2.4285714285714284,2.6865055981143198,1.2845872076641307,0.0291965540857153,0.1514444444724897,2003-10-15,0.46,bmo,7480000000.0,2025-04-25,2003-09-30,0.0,19.25484375,3873861.875
2003-06-30,MDLZ,USD,1103982,2003-08-13,2003-08-13 11:54:37,2003,Q2,7841000000.0,4695000000.0,3146000000.0,0.4012243336,0,0.0,0.0,1515000000.0,3000000.0,1518000000.0,6213000000.0,0.0,0.0,195000000.0,1823000000.0,0.2324958551,1628000000.0,0.2076265782,-165000000.0,1463000000.0,0.186583344,514000000.0,949000000.0,0.1210304808,0.55,0.55,1725454545,1725454545,https://www.sec.gov/Archives/edgar/data/1103982/000104746903027356/0001047469-03-027356-index.htm,https://www.sec.gov/Archives/edgar/data/1103982/000104746903027356/a2116254z10-q.htm,4.544309800986383,0.5500000001448894,0.732560590287819,0.5720231824478459,0.8728134881119108,15.970864071646698,-5.400895681085589,15.970864071646698,7.752160170640717,36752181808.5,48622181808.5,9.68181817926765,4.687180437252901,29.07609320292721,37.23625309878419,1.3336786228000146,1.3336786228000146,6.201017957977299,26.67152046544158,38.46691598773735,49.26259555065856,0.0258215962509337,0.0268555484717298,0.4853939108030627,0.2233763631201883,6.5112452002194185,0.906369991139116,0.0,1.3319283456269757,0.0071016192007309,0.2750263435194942,0.0,0.0,0.6158213790684859,0.2191455696202531,0.0353271266420099,1.4205128205128206,0.0,14.058429604287,0.0202459753678675,0.0412519017604868,-15.381599055685353,-951000000.0,-9319000000.0,-23118000000.0,45943000000.0,3314000000.0,1634500000.0,3632500000.0,38.04999362326234,30.824281150159745,68.68370607028754,2.3653092006033183,2.919776119402985,1.3103544515768908,0.0344377109264433,0.1605374078399729,2003-07-16,0.58,bmo,8268690909.0,2025-04-25,2003-06-30,-0.0517241379310343,20.544126984126983,3951091.6825396814
2003-03-31,MDLZ,USD,1103982,2003-05-14,2003-05-14 17:00:48,2003,Q1,7359000000.0,4349000000.0,3010000000.0,0.4090229651,0,0.0,0.0,1520000000.0,2000000.0,1522000000.0,5871000000.0,0.0,0.0,193000000.0,1681000000.0,0.2284277755,1488000000.0,0.2022013861,-179000000.0,1309000000.0,0.177877429,460000000.0,848000000.0,0.115233048,0.49,0.49,1730612245,1730612245,https://www.sec.gov/Archives/edgar/data/1103982/000104746903018487/0001047469-03-018487-index.htm,https://www.sec.gov/Archives/edgar/data/1103982/000104746903018487/a2110635z10-q.htm,4.252252358239844,0.4899999999711085,0.1820165094232301,0.0548938679212916,0.0964976415037442,15.298632074569657,-5.858620282673431,15.298632074569657,8.512594339120719,31929795920.25,46494795920.25,9.413265306677475,4.33887701049735,101.36443149285714,336.10311495,1.205990176773304,1.205990176773304,6.31808614217285,27.65901006558596,147.60252673095238,489.4189044236842,0.0265582655810898,0.0029752773941079,0.556428463514126,0.2542498662478643,8.664485425342058,1.0144316730523628,0.0,0.3714622641509434,0.0081115457376206,0.3054245283018867,0.0,0.0,0.631914122499698,0.6984126984126984,0.0298953662182361,1.1398963730569949,0.0,12.987202108698604,0.018441814198319,0.0397599399849962,-15.586535966062115,113000000.0,-10139000000.0,-23524000000.0,46415000000.0,3214500000.0,1800000000.0,3532000000.0,40.517733387688544,34.37341917682226,76.19682685674867,2.2212496226984606,2.618302227573751,1.1811515480717,0.0320290074029309,0.1271226415019385,2003-04-15,0.48,bmo,7208816326.0,2025-04-25,2003-03-31,0.0208333333333333,21.11918032786885,4906073.540983606
2002-12-31,MDLZ,USD,1103982,2003-03-25,2003-03-25 17:25:15,2002,Q4,7847000000.0,4806000000.0,3041000000.0,0.3875366382,0,0.0,0.0,1235000000.0,175000000.0,1410000000.0,6216000000.0,0.0,0.0,194000000.0,1967000000.0,0.2506690455,1631000000.0,0.2078501338,-186000000.0,1445000000.0,0.1841468077,512000000.0,931000000.0,0.1186440678,0.54,0.54,1723009485,1730612245,https://www.sec.gov/Archives/edgar/data/1103982/000104746903010159/0001047469-03-010159-index.htm,https://www.sec.gov/Archives/edgar/data/1103982/000104746903010159/a2105346z10-k.htm,4.554240744646858,0.5403336476699663,0.8670875076465409,0.6192653083392632,0.1247816694404325,14.992372488303513,-6.1450619350479085,14.992372488303513,8.382426287107759,43885051582.95,58113051582.95,11.784385494884532,5.59258972638588,29.374197846686748,41.12938292685098,1.698863873604444,1.698863873604444,7.405766736708296,29.544001821530248,38.89762488818607,54.46396586968135,0.0212145130612472,0.024313518191569,0.5591127283988852,0.2529422066549912,7.233350279613624,1.040033477472451,0.0,1.6047261009667024,0.0059245686314976,0.2792696025778732,0.0,0.0,0.6378283712784588,0.285809906291834,0.0544157002676181,2.201030927835052,0.0,13.50073607479301,0.0204890365720476,0.0450193423597678,-15.684765658733443,287000000.0,-10588000000.0,-23812000000.0,46266000000.0,3127000000.0,1824000000.0,3485000000.0,35.738498789346245,36.31086142322097,63.333333333333336,2.518292682926829,2.4785972150593087,1.4210526315789471,0.0360405698358625,0.2478221993072777,2003-01-28,0.52,bmo,7997903846.0,2025-04-25,2002-12-31,-0.0192307692307692,25.19453125,2746869.125
2002-09-30,MDLZ,USD,1103982,2002-11-13,2002-11-13 16:16:50,2002,Q3,7216000000.0,4245000000.0,2971000000.0,0.4117239468,0,0.0,0.0,1410000000.0,1000000.0,1411000000.0,5656000000.0,0.0,0.0,178000000.0,1738000000.0,0.2408536585,1560000000.0,0.2161862528,-210000000.0,1350000000.0,0.1870842572,480000000.0,869000000.0,0.1204268293,0.5,0.5,1738000000,1738000000,https://www.sec.gov/Archives/edgar/data/1103982/000095011702002680/0000950117-02-002680-index.htm,https://www.sec.gov/Archives/edgar/data/1103982/000095011702002680/a33670.txt,4.151898734177215,0.5,0.6219792865362486,0.4413118527042577,0.07307249712313,14.573647871116226,-6.3486766398158805,14.573647871116226,7.749712313003452,41468680000.0,54810680000.0,11.93,5.746768292682927,38.36140610545791,54.06607561929596,1.6372016265940226,1.6372016265940226,7.5957150776053215,31.53663981588032,50.70368177613321,71.46112125162972,0.0209555741827326,0.0184958865341264,0.5317620119230921,0.2372890313942426,7.676639815880322,0.9234497328196845,0.0,1.2439585730724971,0.0054257815778076,0.2589182968929804,0.0,0.0,0.6406222472781086,0.2904717853839038,0.0435144124168514,1.7640449438202248,0.0,12.804434331514123,0.0203867810381305,0.0426001274572283,-15.626294591484465,-616000000.0,-11034000000.0,-24002000000.0,45114000000.0,3202000000.0,1704000000.0,3482000000.0,39.138026607538805,36.23321554770318,76.07067137809187,2.2995538559592097,2.483908718548859,1.1831103678929766,0.0343085001381815,0.1806674338319908,2002-10-16,0.5,bmo,7216000000.0,2025-04-25,2002-09-30,0.0,25.05046875,2526080.203125
2002-06-30,MDLZ,USD,1103982,2002-08-13,2002-08-13 08:21:53,2002,Q2,7513000000.0,4386000000.0,3127000000.0,0.4162118994,0,0.0,0.0,1506000000.0,2000000.0,1508000000.0,5894000000.0,0.0,0.0,172000000.0,1791000000.0,0.2383867962,1619000000.0,0.2154931452,-222000000.0,1397000000.0,0.1859443631,496000000.0,901000000.0,0.1199254625,0.52,0.52,1732692308,1732692308,https://www.sec.gov/Archives/edgar/data/1103982/000095011702001840/0000950117-02-001840-index.htm,https://www.sec.gov/Archives/edgar/data/1103982/000095011702001840/a33134.txt,4.336026636299929,0.5199999999076581,0.5361598223243224,0.3930299666338681,0.0807991120833209,14.335493893125772,-6.623218644772791,14.335493893125772,9.002175359111712,46626750008.28,62084750008.28,12.93750000229745,6.206142687113004,50.19025835121636,68.4680616861674,1.8771589036708405,1.8771589036708405,8.263643019869559,34.66485204259073,66.82965555250807,91.16703378602055,0.019323671494153,0.0146053499306528,0.6279640887314304,0.2758315796919486,8.630932439977666,0.8587321821763819,0.0,1.0310765815760266,0.0048470030606865,0.2508324084350721,0.0,0.0,0.6421864223947373,0.2669537136706135,0.0330094502861706,1.441860465116279,0.0,12.950879449666218,0.0204861618741019,0.0445290105762577,-15.832297444469292,-1219000000.0,-11476000000.0,-24300000000.0,44384000000.0,3230500000.0,1682000000.0,3342500000.0,39.124184746439504,34.86320109439124,69.27496580027359,2.3003674219228416,2.581518540317834,1.2991706161137442,0.0362736019968597,0.1431298556904542,2002-07-17,0.54,bmo,7376400000.0,2025-04-25,2002-06-30,0.0185185185185185,26.79390625,2844848.84375
2002-03-31,MDLZ,USD,1103982,2002-05-13,2002-05-13 13:59:14,2002,Q1,7147000000.0,4283000000.0,2864000000.0,0.400727578,0,0.0,0.0,1558000000.0,2000000.0,1560000000.0,5843000000.0,0.0,0.0,172000000.0,1476000000.0,0.2065202183,1304000000.0,0.1824541766,-230000000.0,1074000000.0,0.1502728418,381000000.0,693000000.0,0.096963761,0.4,0.4,1732500000,1732500000,https://www.sec.gov/Archives/edgar/data/1103982/000095011702001172/0000950117-02-001172-index.htm,https://www.sec.gov/Archives/edgar/data/1103982/000095011702001172/a32611.txt,4.125252525252526,0.4,0.1246753246753246,0.0121212121212121,0.0877344877344877,13.78181818181818,-6.965079365079365,13.78181818181818,9.219047619047618,44161425000.0,59981425000.0,15.93125,6.179015670910872,204.45104166666664,2102.925,1.8495382585751976,1.8495382585751976,8.392531831537708,40.63782181571816,277.6917824074074,2856.258333333333,0.0156924284032954,0.0004755281334331,0.6689282573187586,0.2860468864731271,10.718157181571817,0.7507701786814541,0.0,0.3116883116883117,0.0050949442867842,0.3246753246753247,0.0,0.0,0.6437308594659455,0.9027777777777778,0.0272841751783965,1.1337209302325582,0.0,11.137161381445615,0.016738771385383,0.0348363746041321,-16.021500721500722,-2427000000.0,-12067000000.0,-24649000000.0,42611000000.0,3163000000.0,1781000000.0,3167500000.0,40.23366447460473,34.98715853373803,69.53303759047397,2.2369327073552427,2.572372372372372,1.294348745844666,0.0290237467018469,0.1125541125541125,2002-04-16,0.44,bmo,6836260869.0,2025-04-25,2002-03-31,0.0454545454545455,24.0135,2547586.1166666667
2001-12-31,MDLZ,USD,1103982,2002-03-14,2002-03-14 00:00:00,2001,Q4,8760000000.0,4648000000.0,4112000000.0,0.4694063927,0,0.0,0.0,2618000000.0,243000000.0,2861000000.0,7509000000.0,0.0,0.0,418000000.0,1669000000.0,0.1905251142,1251000000.0,0.1428082192,-248000000.0,1003000000.0,0.1144977169,455000000.0,548000000.0,0.0625570776,0.32,0.32,1730188034,1732500000,https://www.sec.gov/Archives/edgar/data/1103982/000095012302002512/0000950123-02-002512-index.htm,https://www.sec.gov/Archives/edgar/data/1103982/000095012302002512/y57670e10-k.txt,5.063033513038387,0.3167285804960086,1.1073940880115924,0.8704256245018048,0.093631441679477,13.56962338117754,-7.212510868630825,13.56962338117754,9.251595598539437,38531287517.18,54376287517.18,17.578142115501826,4.3985488033310505,20.110275322119,25.58518427435591,1.641165666461368,1.641165666461368,6.20733875766895,32.58016028590773,28.380108307505218,36.10643261432935,0.0142222083743156,0.0390851200943783,0.681787205043019,0.2868740815082978,9.493708807669265,0.7894084507042254,0.0,3.4963503649635035,0.0058374494836102,0.410446066459854,0.0,0.0,0.6444137782716226,0.2139874739039666,0.0468036529680365,0.9808612440191388,0.0,9.833741399191904,0.0137259520338494,0.0276195756262285,-16.354725292245316,-1869000000.0,-12479000000.0,-25314000000.0,43197000000.0,3126000000.0,1727500000.0,3149500000.0,32.167808219178085,36.73192771084337,58.59294320137693,2.7978281699137657,2.4501845018450186,1.536021150033047,0.0233410000851861,0.2369684635097875,2002-01-29,0.32,bmo,8760000000.0,2025-04-25,2001-12-31,0.0,22.09828125,2237915.125
2001-09-30,MDLZ,USD,1103982,2001-11-13,2001-11-13 00:00:00,2001,Q3,7018000000.0,4233000000.0,2785000000.0,0.3968367056,0,0.0,0.0,1370000000.0,239000000.0,1609000000.0,5842000000.0,0.0,0.0,389000000.0,1565000000.0,0.2229980051,1176000000.0,0.167569108,-256000000.0,920000000.0,0.1310914791,417000000.0,503000000.0,0.0716728413,0.29,0.29,1735000000,1735000000,https://www.sec.gov/Archives/edgar/data/1103982/000095011701501579/0000950117-01-501579-index.htm,https://www.sec.gov/Archives/edgar/data/1103982/000095011701501579/a31583.txt,4.044956772334294,0.2899135446685879,0.4518731988472622,0.3118155619596541,0.100864553314121,13.43342939481268,-4.706051873198847,13.43342939481268,8.282420749279538,38499650000.0,52694650000.0,19.135014910536785,5.485843545169564,49.10669642857143,71.16386321626618,1.6518492298451108,1.6518492298451108,7.508499572527786,33.670702875399364,67.2125637755102,97.40231053604435,0.0130650538381517,0.0140520757980916,0.6165529669198095,0.2772900063678289,9.070287539936102,0.8727877420121155,0.0,1.558648111332008,0.0058584948174853,0.4484095427435388,0.0,0.0,0.6072979179128958,0.3099489795918367,0.0346252493587916,0.6246786632390745,0.0,9.36092920015798,0.0145731010288146,0.02471623016068,-14.042507204610953,-1071000000.0,-8165000000.0,-21168000000.0,39491000000.0,3166500000.0,1562500000.0,3220500000.0,40.02422342547735,33.12544294826364,69.58894401133948,2.24863825696892,2.716944801026957,1.2933088909257562,0.0215814991204359,0.140057636887608,2001-11-13,,amc,,2025-04-25,2001-09-30,,20.73898305084745,3097584.881355932
2001-06-30,MDLZ,USD,1103982,2001-08-13,2001-08-13 00:00:00,2001,Q2,7473000000.0,4402000000.0,3071000000.0,0.4109460725,0,0.0,0.0,1466000000.0,240000000.0,1706000000.0,6108000000.0,0.0,0.0,410000000.0,1775000000.0,0.2375217449,1365000000.0,0.1826575672,-451000000.0,914000000.0,0.1223069718,409000000.0,505000000.0,0.0675766091,0.33,0.33,1510000000,1510000000,https://www.sec.gov/Archives/edgar/data/1103982/000095011701500917/0000950117-01-500917-index.htm,https://www.sec.gov/Archives/edgar/data/1103982/000095011701500917/a31142.txt,4.949006622516556,0.3344370860927152,0.414569536423841,0.2331125827814569,0.123841059602649,15.237086092715233,-5.549668874172186,15.237086092715233,9.659602649006622,30622800000.0,45021800000.0,15.15980198019802,4.097792051384986,48.918210862619816,86.99659090909091,1.33096314325452,1.33096314325452,6.024595209420581,25.364394366197185,71.91980830670927,127.90284090909093,0.0164909805765638,0.0114947032929712,0.6339534075104312,0.2818115073998222,8.112112676056338,0.9097290640394088,0.0,1.2396039603960396,0.0,0.0,0.0,0.0,0.6064376521503922,0.4376996805111821,0.0366653285159909,0.6682926829268293,0.0,10.707779889001694,0.0171452419189717,0.0247913598429062,-16.271523178807946,-733000000.0,-8380000000.0,-21363000000.0,39801000000.0,3250500000.0,1563500000.0,3212500000.0,38.68325973504617,32.03771013175829,64.77055883689232,2.326587795765878,2.809189534141672,1.389520202020202,0.0219488873435326,0.1814569536423841,2001-10-16,0.29,bmo,6784066666.0,2025-04-25,2001-06-30,0.0344827586206896,19.858461538461537,18550616.846153848
2001-03-31,MDLZ,USD,1103982,2001-03-31,2001-03-31 00:00:00,2001,Q1,7197000000.0,4275000000.0,2922000000.0,0.406002501,0,0.0,0.0,1590000000.0,240000000.0,1830000000.0,6105000000.0,0.0,0.0,425000000.0,1517000000.0,0.2107822704,1092000000.0,0.1517298875,-482000000.0,610000000.0,0.0847575379,284000000.0,326000000.0,0.0452966514,0.22,0.22,1481818182,1481818182,,,4.856871165048236,0.2199999999730061,0.0013496932513681,-0.1160736196176596,0.109999999986503,9.664478526421536,-11.541226992448928,9.664478526421536,16.603926378330808,30303181821.9,54744181821.9,23.23863636648773,4.2105296403918295,15151.59091095,-176.18128966220928,2.115996216877313,2.115996216877313,7.6065279730304285,36.0871336993408,27372.090910949995,-318.2801268715116,0.0107579462089489,-0.0056759716194454,1.7180364499685776,0.4726720842218508,16.11140408701384,0.99986546481905,0.0,0.0061349693251533,0.0,0.0,0.0,0.0,0.6036731792596008,87.0,0.0241767403084618,0.4094117647058823,0.0,6.916586491898787,0.0129362587862246,0.0158022297624818,-22.589647236492063,-1000000.0,-17102000000.0,-30300000000.0,40766000000.0,,,,41.12963734889537,32.8421052631579,68.56842105263158,2.18820310124658,2.7403846153846154,1.3125575683143995,0.0227637734795056,0.1174233128690278,2001-03-31,,amc,,2025-04-25,2001-03-31,,,
