date,symbol,reportedCurrency,cik,fillingDate,acceptedDate,calendarYear,period,revenue,costOfRevenue,grossProfit,grossProfitRatio,researchAndDevelopmentExpenses,generalAndAdministrativeExpenses,sellingAndMarketingExpenses,sellingGeneralAndAdministrativeExpenses,otherExpenses,operatingExpenses,costAndExpenses,interestIncome,interestExpense,depreciationAndAmortization,ebitda,ebitdaratio,operatingIncome,operatingIncomeRatio,totalOtherIncomeExpensesNet,incomeBeforeTax,incomeBeforeTaxRatio,incomeTaxExpense,netIncome,netIncomeRatio,eps,epsdiluted,weightedAverageShsOut,weightedAverageShsOutDil,link,finalLink,revenuePerShare,netIncomePerShare,operatingCashFlowPerShare,freeCashFlowPerShare,cashPerShare,bookValuePerShare,tangibleBookValuePerShare,shareholdersEquityPerShare,interestDebtPerShare,marketCap,enterpriseValue,peRatio,priceToSalesRatio,pocfratio,pfcfRatio,pbRatio,ptbRatio,evToSales,enterpriseValueOverEBITDA,evToOperatingCashFlow,evToFreeCashFlow,earningsYield,freeCashFlowYield,debtToEquity,debtToAssets,netDebtToEBITDA,currentRatio,interestCoverage,incomeQuality,dividendYield,payoutRatio,salesGeneralAndAdministrativeToRevenue,researchAndDdevelopementToRevenue,intangiblesToTotalAssets,capexToOperatingCashFlow,capexToRevenue,capexToDepreciation,stockBasedCompensationToRevenue,grahamNumber,roic,returnOnTangibleAssets,grahamNetNet,workingCapital,tangibleAssetValue,netCurrentAssetValue,investedCapital,averageReceivables,averagePayables,averageInventory,daysSalesOutstanding,daysPayablesOutstanding,daysOfInventoryOnHand,receivablesTurnover,payablesTurnover,inventoryTurnover,roe,capexPerShare,report_date,epsEstimated,time,revenueEstimated,updatedFromDate,fiscalDateEnding,surprise(%),QuarterAvgPrice,QuarterAvgVolume
2025-03-31,MET,USD,1099219,2025-05-01,2025-05-01 17:21:25,2025,Q1,18284000000.0,0.0,18284000000.0,1.0,0,1563000000.0,0.0,1563000000.0,15367000000.0,16930000000.0,16930000000.0,0.0,258000000.0,0.0,0.0,0.0,1354000000.0,0.0740538175,0.0,1354000000.0,0.0740538175,404000000.0,945000000.0,0.0516845329,1.2882896086765352,1.279475982532751,682300000,687000000,https://www.sec.gov/Archives/edgar/data/1099219/000109921925000135/0001099219-25-000135-index.htm,https://www.sec.gov/Archives/edgar/data/1099219/000109921925000135/met-20250331.htm,25.88335220838052,1.3377689694224235,6.033408833522084,6.033408833522084,443.1780860702152,39.29077010192525,26.49915062287656,38.91987542468856,21.707248018120044,56716856000.00001,50466856000.00001,15.00445925925926,3.101993874425728,13.307568277803847,13.307568277803847,2.0629562434074127,2.0629562434074127,2.760164952964341,0.0,11.84112060065697,11.84112060065697,0.016661713406681,0.0751452090362695,0.5483577637944204,0.0219027307225169,0.0,821.6824146981627,0.0,0.0,0.0077578348136927,0.4656084656084656,0.0,0.0,0.0131276913510654,0.0,0.0,0.0,0.0,34.2268978557951,0.0,0.0013911788953009,-491.9309173272933,312680000000.0,18719000000.0,-347500000000.0,321716000000.0,15385000000.0,0.0,0.0,0.0,0.0,0.0,0.0,0.0,0.0,0.0343723856981777,0.0,2025-04-30,2.0,amc,18372777473.0,2025-05-11,2025-03-31,-0.02,83.17133333333332,3560233.533333333
2024-12-31,MET,USD,1099219,2025-02-21,2025-02-20 19:44:56,2024,Q4,18376000000.0,0.0,18376000000.0,1.0,0,1509000000.0,0.0,1509000000.0,15486000000.0,16995000000.0,16995000000.0,0.0,259000000.0,1305000000.0,2945000000.0,0.160263387,1381000000.0,0.0751523727,0.0,1381000000.0,0.0751523727,106000000.0,1271000000.0,0.0691663039,1.78,1.78,689211065,697900000,https://www.sec.gov/Archives/edgar/data/1099219/000109921925000044/0001099219-25-000044-index.htm,https://www.sec.gov/Archives/edgar/data/1099219/000109921925000044/met-20241231.htm,26.662369386074783,1.8441375429745896,7.441842217086285,6.690258230256358,145.9204663233316,40.195233952026,27.28046741385384,39.82089289294855,27.530028119905477,56432602002.2,55079602002.2,11.100039732926827,3.0709948847518502,11.002651979372198,12.238690523140315,2.056207032326471,2.056207032326471,2.997366238691772,18.70275110431239,10.738857867459544,11.945261765820865,0.0225224419024742,0.0817080878145622,0.6819092730916378,0.0276253695806523,-0.4594227504244482,0.0,5.332046332046332,0.0,0.0072653038395078,0.3225806451612903,0.0821179799738789,0.0,0.0131388412843914,0.0,0.0,0.0,0.0,40.64839579269727,-3.311688311688312,0.0019011122478894,-763.3459860369479,-850000000.0,18802000000.0,-649754000000.0,9902000000.0,15385000000.0,0.0,0.0,150.70200261210277,0.0,0.0,0.5972050698732532,0.0,0.0,0.0463108034250318,0.0,2025-02-05,2.11,amc,19504102560.0,2025-05-05,2024-12-31,-0.0142180094786728,83.2109375,3212560.40625
2024-09-30,MET,USD,1099219,2024-11-01,2024-11-01 17:02:03,2024,Q3,18440000000.0,0.0,18440000000.0,1.0,0,1490000000.0,0.0,1490000000.0,14774000000.0,16264000000.0,16264000000.0,0.0,257000000.0,0.0,0.0,0.0,2251000000.0,0.1220715835,-257000000.0,1994000000.0,0.1081344902,653000000.0,1342000000.0,0.0727765727,1.82,1.81,699300000,703700000,https://www.sec.gov/Archives/edgar/data/1099219/000109921924000257/0001099219-24-000257-index.htm,https://www.sec.gov/Archives/edgar/data/1099219/000109921924000257/met-20240930.htm,26.369226369226368,1.9190619190619191,5.961675961675962,5.961675961675962,451.2283712283712,44.56456456456456,31.472901472901476,44.165594165594165,27.31588731588732,57678264000.0,54758264000.0,10.74483308494784,3.127888503253796,13.835035739985608,13.835035739985608,1.867517047110248,1.867517047110248,2.969537093275488,0.0,13.13462796833773,13.13462796833773,0.0232669970788302,0.0722802614170218,0.6101667476121094,0.0267314064592269,0.0,401.9668789808917,8.75875486381323,0.0,0.0078018991695034,0.3353204172876304,0.0808026030368763,0.0,0.0129862576882049,0.0,0.0,0.0,0.0,43.66945697691395,0.0031002762922787,0.001928656939069,-512.3237523237523,314759000000.0,22009000000.0,-358268000000.0,323914000000.0,0.0,0.0,0.0,0.0,0.0,0.0,0.0,0.0,0.0,0.0434515136797798,0.0,2024-10-30,2.17,amc,18656945716.0,2025-04-25,2024-09-30,-0.1013824884792626,74.7021875,3307484.171875
2024-06-30,MET,USD,1099219,2024-08-01,2024-08-01 16:31:54,2024,Q2,17823000000.0,0.0,17823000000.0,1.0,0,1480000000.0,0.0,1480000000.0,14800000000.0,16280000000.0,16280000000.0,0.0,257000000.0,0.0,0.0,0.0,1459000000.0,0.0818605173,-257000000.0,1202000000.0,0.0674409471,249000000.0,946000000.0,0.0530774841,1.28,1.28,710500000,714700000,https://www.sec.gov/Archives/edgar/data/1099219/000109921924000201/0001099219-24-000201-index.htm,https://www.sec.gov/Archives/edgar/data/1099219/000109921924000201/met-20240630.htm,25.08515130190007,1.3314567206192822,4.912033779028853,4.912033779028853,425.5116115411682,38.76143560872625,26.164672765657983,38.3560872624912,26.2054890921886,49649740000.0,47225740000.0,13.120967230443974,2.785711720810189,14.226286532951288,14.22628653295129,1.8218750917363864,1.8218750917363864,2.649707681086237,0.0,13.531730659025788,13.531730659025788,0.0190534733918042,0.0702924124073963,0.6737854102451196,0.0271729720530673,0.0,3.9703462366778943,5.6770428015564205,0.0,0.0085196820768849,0.4471458773784355,0.0830387701284856,0.0,0.0132446410998231,0.0,0.0,0.0,0.0,33.89783294919942,0.001757926330086,0.0014187268950726,-486.8106966924701,53790000000.0,18590000000.0,-576306000000.0,62740000000.0,14993000000.0,0.0,0.0,0.0,0.0,0.0,0.0,0.0,0.0,0.0347130485835901,0.0,2024-07-31,2.1,amc,18567850133.0,2025-04-25,2024-06-30,0.0857142857142855,71.39825396825397,3020657.571428572
2024-03-31,MET,USD,1099219,2024-05-02,2024-05-02 17:31:26,2024,Q1,16057000000.0,0.0,16057000000.0,1.0,0,1512000000.0,0.0,1512000000.0,13345000000.0,14857000000.0,14857000000.0,0.0,264000000.0,-1309000000.0,0.0,0.0,1045000000.0,0.0650806502,0.0,1045000000.0,0.0650806502,170000000.0,867000000.0,0.0539951423,1.11,1.1,723200000,728400000,https://www.sec.gov/Archives/edgar/data/1099219/000109921924000141/0001099219-24-000141-index.htm,https://www.sec.gov/Archives/edgar/data/1099219/000109921924000141/met-20240331.htm,22.20271017699115,1.1988384955752212,3.2190265486725664,3.2190265486725664,48.70298672566372,39.81747787610619,27.32162610619469,39.45658185840708,27.813882743362832,53292608000.0,53303608000.0,15.366957324106114,3.3189641900728653,22.892013745704467,22.892013745704467,1.8676224986858243,1.8676224986858243,3.319649249548484,0.0,22.89673883161512,22.89673883161512,0.0162686727585184,0.0436833566111082,0.6956719817767654,0.0292970825412942,0.0,3.9100357812233777,3.9583333333333335,0.0,0.0083313618278917,0.5121107266435986,0.0941645388304166,0.0,0.0133372492532203,0.0,0.0,0.0,0.0,32.623558325275454,0.001325564766337,0.001296857774939,-817.2960453539823,51237000000.0,19759000000.0,-579936000000.0,620857000000.0,29573500000.0,0.0,0.0,168.07249174814723,0.0,0.0,0.5354832255052357,0.0,0.0,0.0303837392675661,0.0,2024-05-01,1.84,amc,17727974768.0,2025-04-25,2024-03-31,-0.0054347826086956,69.70196721311476,3777577.770491803
2023-12-31,MET,USD,1099219,2024-02-16,2024-02-15 18:42:43,2023,Q4,19028000000.0,0.0,19028000000.0,1.0,0,1652000000.0,0.0,1652000000.0,16435000000.0,18087000000.0,18087000000.0,0.0,269000000.0,-2631000000.0,-1421000000.0,-0.0746794198,941000000.0,0.049453437,0.0,941000000.0,0.049453437,327000000.0,607000000.0,0.0319003574,0.77,0.77,745454545,743400000,https://www.sec.gov/Archives/edgar/data/1099219/000109921924000035/0001099219-24-000035-index.htm,https://www.sec.gov/Archives/edgar/data/1099219/000109921924000035/met-20231231.htm,25.525365869222785,0.8142682931794318,6.951463418872844,6.951463418872844,413.29951244713385,40.58329270767274,28.193536602557035,40.26402441479514,25.61792684488898,49296909060.85,47485909060.85,20.30350455553954,2.590756204585348,9.51310479753956,9.51310479753956,1.6424090974795933,1.6424090974795933,2.495580673788627,-33.41724775570021,9.163625831889233,9.163625831889233,0.0123131452166857,0.1051181524099931,0.6272863568215892,0.027382836133476,1.274454609429979,2783.294117647059,3.4981412639405205,8.537067545304778,0.0084995186915837,0.6902800658978583,0.0868194240067269,0.0,0.0134325406059477,0.0739096873793902,0.0201282320790414,0.0,0.0089867563590498,27.160240514902103,0.0009391868844234,0.0008948209473603,-439.147164901919,331093000000.0,21017000000.0,-326119000000.0,340329000000.0,14580500000.0,0.0,0.0,137.9277906243431,0.0,0.0,0.65251534583862,0.0,0.0,0.020223221722472,0.5137804881181588,2024-01-31,1.88,amc,18456634738.0,2025-04-25,2023-12-31,0.026595744680851,62.57968253968254,3692884.777777778
2023-09-30,MET,USD,1099219,2023-11-02,2023-11-02 16:47:52,2023,Q3,15866000000.0,0.0,15866000000.0,1.0,0,1544000000.0,0.0,1544000000.0,13581000000.0,15125000000.0,15125000000.0,0.0,265000000.0,0.0,0.0,0.0,799000000.0,0.0503592588,-265000000.0,534000000.0,0.0336568763,39000000.0,489000000.0,0.0308206227,0.56,0.56,751400000,755500000,https://www.sec.gov/Archives/edgar/data/1099219/000109921923000268/0001099219-23-000268-index.htm,https://www.sec.gov/Archives/edgar/data/1099219/000109921923000268/met-20230930.htm,21.11525153047645,0.6507852009582114,4.624700558956614,4.624700558956614,389.1282938514772,34.46233697098749,22.33963268565345,34.14692573862124,25.3673143465531,47270574000.0,51154574000.0,24.166960122699383,2.979363040463885,13.603042877697842,13.603042877697842,1.8423327617117464,1.8423327617117464,3.224163242153032,0.0,14.72074071942446,14.72074071942446,0.0103447019704055,0.073512963900121,0.7325590459116065,0.0288229160277249,0.0,1299.5181818181818,3.015094339622641,7.106339468302658,0.0097100576777426,0.9386503067484664,0.0973150132358502,0.0,0.013968288045145,0.1217266187050359,0.0266607840665574,16.26923076923077,0.0,22.360725913989448,0.0024844057299986,0.0007604846573386,-444.2826723449561,285674000000.0,16786000000.0,-340331000000.0,294783000000.0,9359500000.0,0.0,0.0,0.0,0.0,0.0,0.0,0.0,0.0,0.0190583833502221,0.5629491615650786,2023-11-01,1.99,amc,17679600000.0,2025-04-25,2023-09-30,-0.0100502512562814,62.27920634920636,3689362.3174603176
2023-06-30,MET,USD,1099219,2023-08-04,2023-08-03 17:36:59,2023,Q2,16623000000.0,0.0,16623000000.0,1.0,0,1502000000.0,0.0,1502000000.0,14448000000.0,15950000000.0,15950000000.0,0.0,256000000.0,0.0,686000000.0,0.0412681225,430000000.0,0.0258677736,0.0,430000000.0,0.0258677736,22000000.0,402000000.0,0.0241833604,0.48,0.48,765900000,769600000,https://www.sec.gov/Archives/edgar/data/1099219/000109921923000209/0001099219-23-000209-index.htm,https://www.sec.gov/Archives/edgar/data/1099219/000109921923000209/met-20230630.htm,21.703877790834312,0.5248726987857423,3.966575270923097,3.966575270923097,399.78456717587153,39.81198589894242,27.72032902467685,39.51037994516256,23.704138921530227,43296327000.0,45778327000.0,26.925576492537317,2.604603681645912,14.25158887425938,14.25158887425938,1.4307632596411222,1.4307632596411222,2.7539148769776816,66.73225510204081,15.068573732718894,15.068573732718894,0.0092848522693391,0.0701676149110754,0.5914873930141106,0.0264278089236488,3.618075801749271,1624.57,1.6796875,7.557213930348259,0.0099546550449879,1.072139303482587,0.0903567346447693,0.0,0.0136738330879888,0.2547728768926925,0.0465619924201407,25.8,0.0,21.60099984762325,0.0004134676968227,0.0006017801915517,-426.3647342995169,324714000000.0,21231000000.0,-321873000000.0,333975000000.0,18705500000.0,0.0,0.0,101.34813210611804,0.0,0.0,0.8880282066349698,0.0,0.0,0.0132844254981659,1.0105757931844888,2023-08-02,1.85,amc,17484200000.0,2025-04-25,2023-06-30,0.0486486486486485,55.4908064516129,5779392.064516129
2023-03-31,MET,USD,1099219,2023-05-04,2023-05-04 16:58:19,2023,Q1,15388000000.0,-68000000.0,15456000000.0,1.0044190278,0,1479000000.0,0.0,1479000000.0,13977000000.0,15199000000.0,15199000000.0,0.0,255000000.0,0.0,0.0,0.0,257000000.0,0.0167013257,0.0,257000000.0,0.0167013257,172000000.0,80000000.0,0.0051988563,0.0182,0.0179,4430905566,781200000,https://www.sec.gov/Archives/edgar/data/1099219/000109921923000159/0001099219-23-000159-index.htm,https://www.sec.gov/Archives/edgar/data/1099219/000109921923000159/met-20230331.htm,3.4728792502548225,0.0180550000013247,0.4572428750335502,0.4572428750335502,69.17186463007549,7.317465813036919,5.200742750381605,7.265783375533127,4.108415250301455,256726668494.04,256219668494.04,802.270839043875,16.683563068237586,126.71602591018755,126.71602591018755,7.974363809841584,7.974363809841584,16.650615316742915,0.0,126.46577911847976,126.46577911847976,0.0003116154642962,0.0078916616333025,0.5575262471267938,0.0266200579593216,0.0,-0.2032547971824143,1.007843137254902,0.0,0.0017723129531849,5.6875,0.0961138549519105,0.0,0.0139099405872459,0.0,0.0,0.0,0.0,1.7180319188637665,9.36709307143676e-05,0.0001203211974365,-72.52016438032116,-24769000000.0,23044000000.0,-646027000000.0,-15390000000.0,18049000000.0,0.0,0.0,109.32414868728878,0.0,0.0,0.8232398887224481,0.0,0.0,0.002484935081071,0.0,2023-05-03,1.85,amc,17177600000.0,2025-04-25,2023-03-31,-0.1783783783783784,67.49016129032259,5077971.887096774
2022-12-31,MET,USD,1099219,2023-02-23,2023-02-23 17:11:40,2022,Q4,16835000000.0,0.0,16835000000.0,1.0,0,1569000000.0,0.0,1569000000.0,13539000000.0,15108000000.0,15108000000.0,0.0,248000000.0,0.0,0.0,0.0,1727000000.0,0.1025839026,0.0,1727000000.0,0.1025839026,381000000.0,1343000000.0,0.0797742798,1.69,1.66,804500717,790200000,https://www.sec.gov/Archives/edgar/data/1099219/000109921923000045/0001099219-23-000045-index.htm,https://www.sec.gov/Archives/edgar/data/1099219/000109921923000045/met-20221231.htm,20.92602236922556,1.6693583630454365,2.86015904197137,3.1497796663865496,375.2762348377124,37.44558502363647,25.889349207379265,37.14229132253216,22.657531080857943,58221716889.29,56006716889.29,10.837996442533507,3.458373441597268,25.30278873936984,22.976210295694557,1.948452758920049,1.948452758920049,3.326802310026136,0.0,24.34016379369405,22.10209821992502,0.0230669941003929,0.0435232785185373,0.6017201566212643,0.0271162106075961,0.0,0.0,6.963709677419355,0.0,0.0072481545125583,0.3142218912881608,0.0931986931986932,0.0,0.014021101780802,0.0,0.0,0.0,0.0,37.350841750135,-0.064242077128675,0.0020542235478566,-395.254464390987,-21127000000.0,20828000000.0,-632947000000.0,-11830000000.0,8703000000.0,0.0,0.0,93.05256905256904,0.0,0.0,0.967195220039067,0.0,0.0,0.0449449482949031,0.0,2023-02-01,1.65,amc,17215330406.0,2025-04-25,2022-12-31,-0.0606060606060605,71.62603174603174,3984143.095238095
2022-09-30,MET,USD,1099219,2022-11-03,2022-11-03 17:21:33,2022,Q3,22484000000.0,0.0,22484000000.0,1.0,0,1435000000.0,0.0,1435000000.0,0.0,201000000.0,201000000.0,0.0,239000000.0,0.0,0.0,0.0,22283000000.0,0.9910603096,-20868000000.0,1415000000.0,0.0629336417,248000000.0,1162000000.0,0.0516811955,1.38,1.37,795800000,800700000,https://www.sec.gov/Archives/edgar/data/1099219/000109921922000174/0001099219-22-000174-index.htm,https://www.sec.gov/Archives/edgar/data/1099219/000109921922000174/met-20220930.htm,28.25332998240764,1.4601658708218146,5.415933651671274,5.375722543352601,374.756220155818,31.829605428499622,20.51394822819804,31.510429756220155,22.744408142749435,48368724000.0,44029724000.0,10.406351979345954,2.151250845045366,11.222441763341068,11.306387096774191,1.9288851491465944,1.9288851491465944,1.9582691691869776,0.0,10.215713225058003,10.2921280972417,0.0240237885952914,0.0884455831417012,0.7122746849577285,0.0274740656879514,0.0,121.31147540983606,93.23430962343096,3.7091222030981066,0.0095929758246258,0.3993115318416523,0.0638231631382316,0.0,0.0138516298930632,0.0,0.0,0.0,0.0,32.17507136529177,0.0282686610316309,0.0018125125760607,-410.332998240764,22017000000.0,16325000000.0,-602574000000.0,31022000000.0,9021500000.0,0.0,0.0,0.0,0.0,0.0,0.0,0.0,0.0,0.046339129047695,0.0,2022-11-02,1.17,amc,20581433292.0,2025-04-25,2022-09-30,0.0341880341880342,63.883125,4257365.09375
2022-06-30,MET,USD,1099219,2022-08-04,2022-08-04 17:04:46,2022,Q2,15277000000.0,-197000000.0,15474000000.0,1.0128952019,0,1431000000.0,0.0,1431000000.0,12859000000.0,14290000000.0,14290000000.0,0.0,226000000.0,0.0,0.0,0.0,987000000.0,0.0646069254,-989000000.0,-2000000.0,-0.0001309158,-140000000.0,132000000.0,0.0086404399,0.13,0.17,797600000,814500000,https://www.sec.gov/Archives/edgar/data/1099219/000109921922000116/0001099219-22-000116-index.htm,https://www.sec.gov/Archives/edgar/data/1099219/000109921922000116/met-20220630.htm,19.1537111334002,0.1654964894684052,5.564192577733199,5.564192577733199,385.8688565697091,46.84929789368104,35.37612838515547,46.51579739217653,21.634904714142426,50081304000.0,46563304000.0,94.85095454545454,3.278215880081168,11.28465615141956,11.284656151419558,1.3498639928842888,1.3498639928842888,3.047935065785168,0.0,10.49195673726904,10.49195673726904,0.002635714117987,0.0886159034517152,0.4590172771623406,0.0256904206259532,0.0,1662.3061224489795,4.367256637168142,33.621212121212125,0.0087258111330327,3.310606060606061,0.0936702232113634,0.0,0.0138046411713504,0.0,0.0,0.0,0.0,13.16090902626594,-0.1051329154960017,0.0002019145167359,-381.4252131394183,325616000000.0,28216000000.0,-299714000000.0,334767000000.0,18004000000.0,0.0,0.0,106.29508411337304,0.0,0.0,0.8466995510724381,0.0,0.0,0.0035578555834074,0.0,2022-08-03,1.55,amc,16038825871.0,2025-04-25,2022-06-30,0.2903225806451612,66.19790322580646,4318717.967741936
2022-03-31,MET,USD,1099219,2022-05-05,2022-05-05 16:33:59,2022,Q1,14246000000.0,0.0,14246000000.0,1.0,0,1428000000.0,5000000.0,1433000000.0,10878000000.0,12311000000.0,12311000000.0,0.0,225000000.0,0.0,0.0,0.0,1935000000.0,0.1358276007,-1220000000.0,715000000.0,0.0501895269,41000000.0,669000000.0,0.0469605503,0.73,0.81,823800000,830500000,https://www.sec.gov/Archives/edgar/data/1099219/000109921922000108/0001099219-22-000108-index.htm,https://www.sec.gov/Archives/edgar/data/1099219/000109921922000108/met-20220331.htm,17.293032289390627,0.8120903131828113,2.371934935663996,2.371934935663996,420.8703568827385,65.83758193736344,54.29351784413693,65.50740470988104,21.306142267540665,57896664000.0,51735664000.0,21.63552466367713,4.064064579531096,29.62981780962129,29.62981780962129,1.0728558139534885,1.0728558139534885,3.6315923066123834,0.0,26.476798362333675,26.476798362333675,0.0115550699086911,0.0337497856525895,0.3210784767905124,0.0239229363067526,0.0,1119.2941176470588,8.6,2.920777279521674,0.0079451900717457,0.6875934230194319,0.1002386634844868,0.0,0.0131302085922096,0.0,0.0,0.0,0.0,34.59701429530315,0.0025290255268223,0.0009359601776225,-376.1352876911872,361209000000.0,44727000000.0,-308515000000.0,370719000000.0,17649000000.0,0.0,0.0,113.49501614488275,0.0,0.0,0.7929863623712775,0.0,0.0,0.0123969239321782,0.0,2022-05-04,1.63,amc,16777409027.0,2025-04-25,2022-03-31,0.2760736196319019,67.60870967741936,4940289.661290322
2021-12-31,MET,USD,1099219,2022-02-18,2022-02-17 19:16:46,2021,Q4,20089000000.0,0.0,20089000000.0,1.0,0,1645000000.0,0.0,1645000000.0,16215000000.0,17860000000.0,17860000000.0,0.0,224000000.0,0.0,0.0,0.0,20089000000.0,1.0,-18783000000.0,1306000000.0,0.0650107024,95000000.0,1205000000.0,0.0599830753,1.44,1.39,864525608,845200000,https://www.sec.gov/Archives/edgar/data/1099219/000109921922000014/0001099219-22-000014-index.htm,https://www.sec.gov/Archives/edgar/data/1099219/000109921922000014/met-20211231.htm,23.23702133760276,1.393828000986178,6.176797946278995,6.176797946278995,425.085152596197,78.36552136001042,67.33635124432311,78.05668146269647,20.42044774224895,54024205243.92,51407205243.92,11.208341336912865,2.689243130266315,10.116892367775282,10.11689236777528,0.8005720820947809,0.8005720820947809,2.558972833088755,0.0,9.62681746140824,9.62681746140824,0.0223048167864646,0.0988445822736277,0.2582910998488485,0.02294302547821,0.0,1128.533724340176,89.68303571428571,4.431535269709544,0.0080334360874071,0.3601659751037344,0.081885609039773,0.0,0.0125508748097953,0.0,0.0,0.0,0.0,49.476719135894754,0.0472346738274212,0.0016062961476885,-360.2695479669354,384489000000.0,58214000000.0,-307129000000.0,394024000000.0,8666500000.0,0.0,0.0,77.65294439743143,0.0,0.0,1.1590030577511106,0.0,0.0,0.0178566136154826,0.0,2022-02-02,1.42,amc,17669059082.0,2025-04-25,2021-12-31,0.5281690140845071,62.7615625,4450878.203125
2021-09-30,MET,USD,1099219,2021-11-09,2021-11-08 18:42:57,2021,Q3,16905000000.0,0.0,16905000000.0,1.0,0,1402000000.0,0.0,1402000000.0,11785000000.0,13187000000.0,13187000000.0,0.0,240000000.0,0.0,0.0,0.0,2282000000.0,0.134989648,-240000000.0,2042000000.0,0.1207926649,453000000.0,1584000000.0,0.0937000887,1.78,1.77,854900000,861200000,https://www.sec.gov/Archives/edgar/data/1099219/000109921921000337/0001099219-21-000337-index.htm,https://www.sec.gov/Archives/edgar/data/1099219/000109921921000337/met-20210930.htm,19.77424260147385,1.8528482863492808,4.101064451982688,4.101064451982688,429.458416189028,81.10071353374664,69.8268803368815,80.7696806644052,20.76383202713768,52772977000.0,51327977000.0,8.329068339646465,3.121737769890565,15.052189674843126,15.052189674843126,0.7642719333816075,0.7642719333816075,3.036260100561964,0.0,14.640039075869938,14.640039075869938,0.0300153618394505,0.0664355167986827,0.2535988414192614,0.0229904524829846,0.0,1040.4450867052024,9.508333333333333,2.2133838383838382,0.0090197678254914,0.3005050505050505,0.0829340431824903,0.0,0.0126538736240652,0.0,0.0,0.0,0.0,58.027701998101655,0.0046794263767805,0.0021063101541702,-380.3801614223886,359648000000.0,59695000000.0,-332337000000.0,369286000000.0,0.0,0.0,0.0,0.0,0.0,0.0,0.0,0.0,0.0,0.0229398986241853,0.0,2021-11-03,1.66,amc,16302700000.0,2025-04-25,2021-09-30,0.4397590361445784,60.2028125,4743500.796875
2021-06-30,MET,USD,1099219,2021-08-06,2021-08-05 19:03:45,2021,Q2,18524000000.0,0.0,18524000000.0,1.0,0,1305000000.0,0.0,1305000000.0,12732000000.0,14037000000.0,14037000000.0,0.0,228000000.0,0.0,0.0,0.0,4710000000.0,0.2542647376,-223000000.0,4487000000.0,0.242226301,1075000000.0,3407000000.0,0.1839235586,3.96,3.83,889556135,879700000,https://www.sec.gov/Archives/edgar/data/1099219/000109921921000270/0001099219-21-000270-index.htm,https://www.sec.gov/Archives/edgar/data/1099219/000109921921000270/met-20210630.htm,20.82386852404767,3.8300000033162607,2.5338479622761523,2.5338479622761523,415.3655800485261,78.04229240687548,67.0615351329121,77.7219079041032,20.56418845337961,53239934679.75,46267934679.75,3.906657960063839,2.874105737408227,23.620201721273293,23.620201721273293,0.7700531499284041,0.7700531499284041,2.4977291448796155,0.0,20.52703401940994,20.52703401940994,0.0639933166803051,0.0423366409737034,0.2612890161705574,0.0233623406569389,0.0,930.6157760814248,20.657894736842103,0.6615791018491342,0.0085649992386906,0.1338420898150865,0.0704491470524724,0.0,0.0126323467222241,0.9290150842945872,0.1130425394083351,0.0,0.0,81.83938794636346,0.0092967995534459,0.0044624321368461,-375.84924306097895,365339000000.0,59655000000.0,-338098000000.0,375107000000.0,0.0,0.0,0.0,0.0,0.0,0.0,0.0,0.0,0.0,0.0492782550840348,2.353982978263648,2021-08-04,1.61,amc,16239000000.0,2025-04-25,2021-06-30,0.4720496894409938,63.37777777777778,4536941.73015873
2021-03-31,MET,USD,1099219,2021-05-06,2021-05-06 17:24:25,2021,Q1,15562000000.0,0.0,15562000000.0,1.0,0,1419000000.0,0.0,1419000000.0,12520000000.0,13939000000.0,13939000000.0,0.0,228000000.0,0.0,0.0,0.0,514000000.0,0.0330291736,-223000000.0,291000000.0,0.018699396,-72000000.0,358000000.0,0.0230047552,0.4,0.33,1093012960,892100000,https://www.sec.gov/Archives/edgar/data/1099219/000109921921000177/0001099219-21-000177-index.htm,https://www.sec.gov/Archives/edgar/data/1099219/000109921921000177/met-20210331.htm,14.237708581241344,0.3275350001339417,1.3686937435764714,1.3686937435764714,326.9467179968296,60.50888911692319,51.4111012919737,60.25912080676518,16.6439014593203,66444257838.4,64773257838.4,46.39962139553072,4.269647721269759,44.41461085454545,44.41461085454546,1.0088099392445038,1.0088099392445038,4.162270777432207,0.0,43.29763224491979,43.29763224491979,0.0053879749980908,0.0225151133998432,0.2727438357828252,0.0233355070185785,0.0,12.324355083459787,2.254385964912281,4.17877094972067,0.0071638997181319,1.329608938547486,0.0911836524868268,0.0,0.0129174060227535,0.0,0.0,0.0,0.0,21.07324964698346,0.0018935676395702,0.000471133220156,-316.8489420290131,328361000000.0,56193000000.0,-346320000000.0,338305000000.0,0.0,0.0,0.0,0.0,0.0,0.0,0.0,0.0,0.0,0.0054354427304749,0.0,2021-05-05,1.48,amc,15985400000.0,2025-04-25,2021-03-31,0.4864864864864866,55.18508196721312,6066086.786885246
2020-12-31,MET,USD,1099219,2021-02-19,2021-02-18 19:36:42,2020,Q4,19418000000.0,0.0,19418000000.0,1.0,0,1564000000.0,0.0,1564000000.0,18073000000.0,19637000000.0,19254000000.0,0.0,230000000.0,0.0,394000000.0,0.0202904522,164000000.0,0.008445772,0.0,164000000.0,0.008445772,6000000.0,158000000.0,0.0081367803,0.18,0.14,1157144635,906000000,https://www.sec.gov/Archives/edgar/data/1099219/000109921921000050/0001099219-21-000050-index.htm,https://www.sec.gov/Archives/edgar/data/1099219/000109921921000050/met-20201231.htm,16.780961871719693,0.1365430000891807,4.453203034554103,4.453203034554103,327.10517644149127,64.65656732703945,55.91781532133189,64.43274051043757,15.883062016702864,54327940613.25,52681940613.25,85.96193135007913,2.797813400620558,10.54297314443043,10.542973144430428,0.7286668179571609,0.7286668179571609,2.7130466893217635,133.71050917068527,10.223547567096835,10.223547567096835,0.0029082641126556,0.0948499048893312,0.2434212291102229,0.0228247391045166,-4.177664974619289,12.618195152848616,0.7130434782608696,32.61392405063291,0.0082646239657111,2.8417721518987342,0.0805438253167164,0.0,0.0127171613766528,0.2115272656704832,0.0561334843959213,0.0,0.0,14.069520002417065,0.0004400918064933,0.0002012651681328,-295.40041033850537,348511000000.0,64705000000.0,-341821000000.0,358623000000.0,0.0,0.0,0.0,0.0,0.0,0.0,0.0,0.0,0.0,0.0021191555567477,0.9419738613747278,2021-02-03,1.53,amc,19354125000.0,2025-04-25,2020-12-31,0.3267973856209148,43.3334375,5607090.15625
2020-09-30,MET,USD,1099219,2020-11-09,2020-11-06 18:42:03,2020,Q3,16015000000.0,0.0,16015000000.0,1.0,0,1384000000.0,0.0,1384000000.0,13151000000.0,14535000000.0,14535000000.0,0.0,229000000.0,0.0,0.0,0.0,1149000000.0,0.0717452388,-226000000.0,923000000.0,0.0576334686,214000000.0,706000000.0,0.0440836716,0.7,0.69,908700000,913700000,https://www.sec.gov/Archives/edgar/data/1099219/000109921920000359/0001099219-20-000359-index.htm,https://www.sec.gov/Archives/edgar/data/1099219/000109921920000359/met-20200930.htm,17.624078353692088,0.7769340816551117,4.17409486079014,4.17409486079014,420.4313854957631,80.96071310663585,70.66028392208649,80.68229338615605,20.10674590073732,33776379000.0,27413379000.0,11.960474150141645,2.1090464564470808,8.90492459794358,8.90492459794358,0.4606958781166457,0.4606958781166457,1.711731439275679,0.0,7.227360664381756,7.227360664381756,0.0209021813735569,0.1122974135267726,0.2460854383763435,0.0231161882504881,0.0,1077.5327635327635,5.0174672489082965,5.372521246458923,0.0141519018364875,0.6770538243626062,0.0864189822041835,0.0,0.0119924355406589,0.0,0.0,0.0,0.0,37.55540612415917,0.0022152924229589,0.0009155371583593,-357.51843292615825,377863000000.0,64209000000.0,-328709000000.0,387223000000.0,0.0,0.0,0.0,0.0,0.0,0.0,0.0,0.0,0.0,0.0096295488024442,0.0,2020-11-04,1.65,amc,14286416149.0,2025-04-25,2020-09-30,0.0484848484848485,37.95515625,5463916.40625
2020-06-30,MET,USD,1099219,2020-08-07,2020-08-06 18:14:36,2020,Q2,14099000000.0,0.0,14099000000.0,1.0,0,1381000000.0,0.0,1381000000.0,13097000000.0,13902000000.0,13902000000.0,0.0,232000000.0,0.0,0.0,0.0,424000000.0,0.0300730548,-227000000.0,197000000.0,0.0139726222,47000000.0,145000000.0,0.0102844173,0.0748,0.07,908800000,913100000,https://www.sec.gov/Archives/edgar/data/1099219/000109921920000287/0001099219-20-000287-index.htm,https://www.sec.gov/Archives/edgar/data/1099219/000109921920000287/met-2020630x10q.htm,15.513864436619718,0.1595510563380281,0.9308978873239436,0.9308978873239436,406.7330545774648,83.56073943661971,73.38798415492958,83.28895246478874,20.025308098591548,33189376000.000004,26867376000.000004,57.223062068965525,2.3540234059153136,39.23094089834516,39.23094089834516,0.438473518026766,0.438473518026766,1.905622810128378,0.0,31.758127659574477,31.758127659574477,0.0043688679172515,0.0254900845378955,0.2373667314018469,0.0234072406501967,0.0,295.93338748984564,1.827586206896552,5.834482758620689,0.0149445412893571,3.420689655172414,0.0979502092346975,0.0,0.012044300095234,0.0,0.0,0.0,0.0,17.29158488422936,0.0008408564757814,0.0001912076145465,-354.31778169014086,363063000000.0,66695000000.0,-327349000000.0,372308000000.0,0.0,0.0,0.0,0.0,0.0,0.0,0.0,0.0,0.0,0.0019156328854715,0.0,2020-08-05,0.96,amc,15195588888.0,2025-04-25,2020-06-30,-0.1354166666666666,34.810317460317464,6868971.507936508
2020-03-31,MET,USD,1099219,2020-05-08,2020-05-08 17:07:05,2020,Q1,18310000000.0,0.0,18310000000.0,1.0,0,1446000000.0,0.0,1446000000.0,11221000000.0,12298000000.0,12298000000.0,0.0,222000000.0,0.0,0.0,0.0,5862000000.0,0.3201529219,-219000000.0,5643000000.0,0.3081922447,1242000000.0,4398000000.0,0.2401966139,4.78,4.75,914100000,920000000,https://www.sec.gov/Archives/edgar/data/1099219/000109921920000203/0001099219-20-000203-index.htm,https://www.sec.gov/Archives/edgar/data/1099219/000109921920000203/met-2020331x10q.htm,20.030631221966964,4.811289793239252,2.020566677606389,2.020566677606389,390.2297341647522,77.08456405207308,67.06487255223718,76.81982277650148,19.88950880647631,27944037000.0,21809037000.0,1.5884513983628925,1.526162588749317,15.12941905793178,15.12941905793178,0.3979441620028196,0.3979441620028196,1.191099781540142,0.0,11.807816459122902,11.807816459122902,0.1573859925822457,0.0660963911549358,0.2557497045043505,0.0243432315677182,0.0,348.6868787276342,26.405405405405407,0.4199636198271941,0.0156026131800498,0.0991359708958617,0.0789732386673948,0.0,0.0124149261055031,0.0,0.0,0.0,0.0,91.19240460678822,0.0123816797333494,0.0060363830015015,-339.7538562520512,349773000000.0,61304000000.0,-316499000000.0,358932000000.0,10221500000.0,0.0,0.0,0.0,0.0,0.0,0.0,0.0,0.0,0.0626308369291237,0.0,2020-05-06,1.45,amc,16529861111.0,2025-04-25,2020-03-31,0.0896551724137931,44.34241935483871,7941626.79032258
2019-12-31,MET,USD,1099219,2020-02-21,2020-02-20 19:45:09,2019,Q4,17143000000.0,0.0,17143000000.0,1.0,0,1723000000.0,0.0,1723000000.0,15457000000.0,17180000000.0,17180000000.0,0.0,224000000.0,0.0,187000000.0,0.0109082424,-37000000.0,-0.0021583153,0.0,-37000000.0,-0.0021583153,-625000000.0,593000000.0,0.0345913784,0.58,0.58,918700000,925700000,https://www.sec.gov/Archives/edgar/data/1099219/000109921920000064/0001099219-20-000064-index.htm,https://www.sec.gov/Archives/edgar/data/1099219/000109921920000064/met-20191231x10k.htm,18.660063132687498,0.6454773048873408,5.639490584521607,5.639490584521607,379.0878415151845,72.25644933057582,62.124741482529664,71.99738761293132,18.58604549907478,46826139000.0,47079139000.0,19.74120531197302,2.731502012483229,9.038050376375216,9.038050376375216,0.7079423530478954,0.7079423530478954,2.7462602228314763,251.76010160427808,9.086882648137426,9.086882648137426,0.0126638670764634,0.1106433310677184,0.2547623367198839,0.0227573828807111,1.3529411764705883,26.740116300332808,-0.1651785714285714,8.736930860033727,0.009887639892753,0.7807757166947723,0.1005074957708685,0.0,0.012570513313967,0.0,0.0,0.0,0.0,32.336284474175336,0.0004117900823019,0.0008110455375399,-337.9566234897137,703812000000.0,57074000000.0,57074000000.0,713120000000.0,10221500000.0,0.0,0.0,107.3248556262031,0.0,0.0,0.8385755515335322,0.0,0.0,0.0089652878567972,0.0,2020-02-05,1.4,amc,965999999.0,2025-04-25,2019-12-31,0.4142857142857143,48.27296875,4731941.46875
2019-09-30,MET,USD,1099219,2019-11-05,2019-11-04 20:36:58,2019,Q3,18678000000.0,0.0,18678000000.0,1.0,0,1631000000.0,0.0,1631000000.0,14256000000.0,15598000000.0,15598000000.0,0.0,223000000.0,0.0,0.0,0.0,3008000000.0,0.1610450798,-217000000.0,2791000000.0,0.1494271335,601000000.0,2184000000.0,0.1169290074,2.31,2.3,929600000,936400000,https://www.sec.gov/Archives/edgar/data/1099219/000109921919000225/0001099219-19-000225-index.htm,https://www.sec.gov/Archives/edgar/data/1099219/000109921919000225/met-2019930x10q.htm,20.09251290877797,2.3493975903614457,4.459982788296041,4.459982788296041,375.4700946643718,73.8156196213425,63.83498278829604,73.54561101549054,18.35950946643717,43839936000.0,41231936000.0,5.018307692307692,2.347142948923868,10.574031837916063,10.574031837916063,0.6412347296981044,0.6412347296981044,2.207513438269622,0.0,9.94499179932465,9.94499179932465,0.0498175909745853,0.0945713059435123,0.2463725719634917,0.0226759933872904,0.0,12.073700027956388,13.48878923766816,1.8983516483516485,0.0101505622635945,0.2037545787545787,0.0873219830817004,0.0,0.0124903744150606,0.0,0.0,0.0,0.0,62.35164255480931,0.002284230277883,0.0029773671022747,-349.78055077452666,316885000000.0,59341000000.0,-328692000000.0,335422000000.0,0.0,0.0,0.0,0.0,0.0,0.0,0.0,0.0,0.0,0.0319447694827989,0.0,2019-10-30,1.41,amc,1587401574.0,2025-04-25,2019-09-30,-0.0992907801418439,47.67625,6054106.40625
2019-06-30,MET,USD,1099219,2019-08-06,2019-08-05 20:48:45,2019,Q2,17497000000.0,0.0,17497000000.0,1.0,0,1630000000.0,0.0,1630000000.0,13570000000.0,14916000000.0,14916000000.0,0.0,274000000.0,0.0,0.0,0.0,2566000000.0,0.1466537121,-269000000.0,2297000000.0,0.1312796479,551000000.0,1741000000.0,0.0995027719,1.78,1.77,946200000,952900000,https://www.sec.gov/Archives/edgar/data/1099219/000109921919000138/0001099219-19-000138-index.htm,https://www.sec.gov/Archives/edgar/data/1099219/000109921919000138/met-2019630x10q.htm,18.49186218558444,1.83999154512788,2.5227224688226597,2.5227224688226597,359.2633692665398,67.68759247516381,57.74466286197421,67.43923060663707,17.889452547030228,47773638000.0,45991638000.0,6.860085870189547,2.7303902383265704,20.014092165898617,20.014092165898617,0.7486740217203931,0.7486740217203931,2.628544207578442,0.0,19.267548387096777,19.267548387096777,0.0364426925159017,0.0499647943914172,0.260973813292379,0.0227448109515998,0.0,13.214330511132015,9.364963503649635,1.3710511200459503,0.0099636540135377,0.273406088454911,0.0931588272275247,0.0,0.0128495274985078,0.0,0.0,0.0,0.0,52.839107844835766,0.0027595315742585,0.0024088250717043,-346.8463326992179,311612000000.0,54638000000.0,-330997000000.0,322514000000.0,0.0,0.0,0.0,0.0,0.0,0.0,0.0,0.0,0.0,0.0272836971681998,0.0,2019-07-31,1.34,amc,1371072463.0,2025-04-25,2019-06-30,0.0298507462686565,47.00349206349206,4691040.761904762
2019-03-31,MET,USD,1099219,2019-05-08,2019-05-07 20:39:04,2019,Q1,16302000000.0,0.0,16302000000.0,1.0,0,1570000000.0,0.0,1570000000.0,12988000000.0,14428000000.0,14428000000.0,0.0,234000000.0,0.0,0.0,0.0,1974000000.0,0.1210894369,-230000000.0,1744000000.0,0.1069807386,359000000.0,1381000000.0,0.0847135321,1.41,1.4,956500000,963300000,https://www.sec.gov/Archives/edgar/data/1099219/000109921919000028/0001099219-19-000028-index.htm,https://www.sec.gov/Archives/edgar/data/1099219/000109921919000028/met-2019331x10q.htm,17.043387349712493,1.4438055410350237,2.1662310507056977,2.1662310507056977,342.33141662310504,61.409304756926296,51.56299006795609,61.16989022477784,17.2723470987977,42210345000.0,43991345000.0,7.641264482259233,2.589274015458226,20.37178812741313,20.37178812741313,0.7214333692252474,0.7214333692252474,2.698524414182309,0.0,21.23134411196911,21.23134411196911,0.0327170981426472,0.0490874926513867,0.2783674306516946,0.0228368957413753,0.0,0.8732900533271505,8.435897435897436,1.5003620564808111,0.0103529123014749,0.3164373642288197,0.0963072015703594,0.0,0.0132054942034919,0.0,0.0,0.0,0.0,44.577372008098045,0.0022798968825052,0.0019622888159483,-341.88186095138525,-3279000000.0,49320000000.0,-631851000000.0,7660000000.0,0.0,0.0,0.0,0.0,0.0,0.0,0.0,0.0,0.0,0.023603206344323,0.0,2019-05-01,1.27,amc,1171317567.0,2025-04-25,2019-03-31,0.1653543307086613,44.21475409836066,5827360.836065574
2018-12-31,MET,USD,1099219,2019-02-22,2019-02-21 18:02:55,2018,Q4,15662000000.0,0.0,15662000000.0,1.0,0,1468000000.0,0.0,1468000000.0,11723000000.0,13191000000.0,13191000000.0,0.0,260000000.0,0.0,2731000000.0,0.1743710893,2471000000.0,0.1577703997,0.0,2471000000.0,0.1577703997,409000000.0,2067000000.0,0.1319754821,2.05,2.04,980300000,987600000,https://www.sec.gov/Archives/edgar/data/1099219/000109921919000008/0001099219-19-000008-index.htm,https://www.sec.gov/Archives/edgar/data/1099219/000109921919000008/met-20181231x10k.htm,15.976741813730492,2.108538202591044,1.327144751606651,1.327144751606651,324.4139549117617,54.0222380903805,44.41089462409467,53.80087728246456,16.835662552279913,40251118000.0,40674118000.0,4.868301644895984,2.569985825565062,30.93859953881629,30.93859953881629,0.7631845812555696,0.7631845812555696,2.596993870514621,14.893488831929696,31.263734050730207,31.263734050730207,0.0513526108765475,0.0323220835754177,0.3079956769875429,0.0236263304719157,0.1548883192969608,0.9151864486530996,9.503846153846156,0.629414610546686,0.0117263823578763,0.2283502660861151,0.0937300472481164,0.0,0.013703969816941,0.0,0.0,0.0,0.0,50.52155098932786,0.0031133786197556,0.003048151053802,-322.91849433846784,-2163000000.0,43536000000.0,-611240000000.0,7259000000.0,0.0,0.0,0.0,0.0,0.0,0.0,0.0,0.0,0.0,0.0391915208281981,0.0,2019-02-06,1.3,amc,1324562962.0,2025-04-25,2018-12-31,0.0384615384615384,42.90746031746032,7543089.698412699
2018-09-30,MET,USD,1099219,2018-11-08,2018-11-07 18:12:54,2018,Q3,16289000000.0,0.0,16289000000.0,1.0,0,1691000000.0,0.0,1691000000.0,13519000000.0,15210000000.0,15210000000.0,0.0,267000000.0,0.0,1346000000.0,0.0826324513,893000000.0,0.0548222727,186000000.0,1079000000.0,0.0662410215,164000000.0,912000000.0,0.055988704,0.92,0.88,1036363636,1000700000,https://www.sec.gov/Archives/edgar/data/1099219/000093783418000052/0000937834-18-000052-index.htm,https://www.sec.gov/Archives/edgar/data/1099219/000093783418000052/met-2018930x10q.htm,15.717456145865777,0.8800000003087719,3.409035088915451,3.409035088915451,311.2430702846467,49.991140368417945,40.882368435397325,49.81359650870653,16.510614040880917,48470727255.72,52824727255.72,13.286931813519738,2.9756723712763216,13.71942464073592,13.71942464073592,0.9389002858250848,0.9389002858250848,3.242969320137516,39.24571118552749,14.95180505398245,14.95180505398245,0.0188154800151544,0.0728893540499348,0.3262760290556901,0.0241162228989578,3.234769687964339,0.8070558968753534,3.344569288389513,3.87390350877193,0.0093045849636344,0.4945175438596491,0.1038123887285898,0.0,0.0135156224273427,0.0,0.0,0.0,0.0,31.405560195902613,0.0011265387616151,0.0013236363425257,-312.709736951828,-5119000000.0,42369000000.0,-625230000000.0,-321829000000.0,0.0,0.0,0.0,0.0,0.0,0.0,0.0,0.0,0.0,0.0176658595641646,0.0,2018-11-01,1.25,amc,1235949275.0,2025-04-25,2018-09-30,0.1039999999999999,45.69492063492063,4936982.603174604
2018-06-30,MET,USD,1099219,2018-08-07,2018-08-07 17:20:24,2018,Q2,21185000000.0,0.0,21185000000.0,1.0,0,1694000000.0,0.0,1694000000.0,18390000000.0,20084000000.0,20084000000.0,0.0,309000000.0,0.0,1410000000.0,0.0665565258,856000000.0,0.0404059476,245000000.0,1101000000.0,0.051970734,207000000.0,891000000.0,0.0420580599,0.83,0.83,1015600000,1023800000,https://www.sec.gov/Archives/edgar/data/1099219/000093783418000036/0000937834-18-000036-index.htm,https://www.sec.gov/Archives/edgar/data/1099219/000093783418000036/met-2018630x10q.htm,20.85959038991729,0.8773139031114612,5.5218589996061445,5.5218589996061445,321.48089799133515,53.00512012603387,43.65202835762111,52.80917684127609,18.186293816463177,44280160000.0,46129160000.0,12.424287317620651,2.090165683266462,7.895891583452211,7.895891583452211,0.8256140808830384,0.8256140808830384,2.177444418220439,32.715716312056735,8.225599144079887,8.225599144079887,0.0201218785117307,0.1266481421928014,0.3386161505043537,0.0257116685755868,1.3113475177304963,0.8538098157296888,2.7702265372168284,6.2940516273849605,0.0107045683665099,0.531986531986532,0.0799622374321453,0.0,0.0134483310279995,0.0119472182596291,0.0031626150578239,0.0,0.0,32.28668554886479,0.0010235342621862,0.0012786402500452,-320.9974399369831,-4054000000.0,44333000000.0,-628824000000.0,-305936000000.0,0.0,0.0,0.0,0.0,0.0,0.0,0.0,0.0,0.0,0.0166129062331027,0.0659708546671918,2018-08-01,1.17,amc,1232999999.0,2025-04-25,2018-06-30,0.1111111111111112,46.6221875,5679404.28125
2018-03-31,MET,USD,1099219,2018-05-08,2018-05-07 19:58:54,2018,Q1,14805000000.0,0.0,14805000000.0,1.0,0,1609000000.0,0.0,1609000000.0,11540000000.0,13149000000.0,13149000000.0,0.0,286000000.0,0.0,1942000000.0,0.1311719014,1656000000.0,0.1118541033,0.0,1656000000.0,0.1118541033,399000000.0,1253000000.0,0.0846335697,1.2,1.2,1035900000,1044400000,https://www.sec.gov/Archives/edgar/data/1099219/000093783418000022/0000937834-18-000022-index.htm,https://www.sec.gov/Archives/edgar/data/1099219/000093783418000022/met-2018331x10q.htm,14.291920069504778,1.2095762139202626,1.2510860121633365,1.2510860121633365,312.5388551018438,54.54966695626991,45.153972391157446,54.35852881552273,18.982527270972103,47537451000.0,52988451000.0,9.484726855546688,3.2109051671732525,36.68013194444445,36.68013194444445,0.8442097496004263,0.8442097496004263,3.5790915906788245,27.285505149330582,40.886150462962966,40.886150462962966,0.0263581654809383,0.0272627154535484,0.3441307050257503,0.0271939869545204,2.806900102986612,0.8454830053667263,5.79020979020979,1.034317637669593,0.0088772113591029,0.3367916999201915,0.1086795001688618,0.0,0.0136587405835662,0.0,0.0,0.0,0.0,38.46287337519778,0.0018085368117093,0.0017827391580861,-320.8002702963607,-4146000000.0,46775000000.0,-633390000000.0,5587000000.0,0.0,0.0,0.0,0.0,0.0,0.0,0.0,0.0,0.0,0.0222518202805895,0.0,2018-05-02,1.17,amc,1197529411.0,2025-04-25,2018-03-31,0.1623931623931625,48.521147540983605,7312109.540983606
2017-12-31,MET,USD,1099219,2018-03-01,2018-03-01 16:22:57,2017,Q4,15833000000.0,0.0,15833000000.0,1.0,0,1796000000.0,0.0,1796000000.0,13143000000.0,14879000000.0,14879000000.0,0.0,278000000.0,-1381000000.0,-49000000.0,-0.003094802,1337000000.0,0.084443883,-283000000.0,1054000000.0,0.0665698225,-1322000000.0,2381000000.0,0.1503821133,2.2,2.18,1052500000,1062100000,https://www.sec.gov/Archives/edgar/data/1099219/000093783418000005/0000937834-18-000005-index.htm,https://www.sec.gov/Archives/edgar/data/1099219/000093783418000005/met-20171231x10k.htm,15.043230403800475,2.262232779097387,1.9477434679334915,1.9477434679334915,310.21567695961994,55.933491686460805,46.82185273159145,55.74916864608076,18.608076009501183,53214400000.0,59820400000.0,5.587400251994961,3.360980231162761,25.958243902439023,25.958243902439023,0.906919353739178,0.906919353739178,3.77821006758037,-1220.8244897959185,29.180682926829267,29.180682926829267,0.0447435280675907,0.0385234071980516,0.329044242961347,0.0268193006728787,-134.81632653061226,0.7957074421938063,4.809352517985611,0.0,0.0087758200787756,0.1961360772784544,0.1134339670308848,0.0,0.0133214426608435,0.4341463414634146,0.0562117097202046,0.0,0.0,53.2695590949308,0.0042918471635103,0.0033520953059402,-317.833729216152,-5416000000.0,49280000000.0,-639927000000.0,4174000000.0,0.0,0.0,0.0,0.0,0.0,0.0,0.0,0.0,0.0,0.0405787715590701,0.8456057007125891,2018-02-13,1.1,amc,1358000000.0,2025-04-25,2017-12-31,0.009090909090909,52.67793650793651,4163848.412698413
2017-09-30,MET,USD,1099219,2017-11-06,2017-11-06 06:14:14,2017,Q3,16157000000.0,0.0,16157000000.0,1.0,0,1663000000.0,40000000.0,1703000000.0,14023000000.0,15686000000.0,15603000000.0,0.0,284000000.0,16000000.0,785000000.0,0.0485857523,893000000.0,0.0552701615,-392000000.0,501000000.0,0.0310082317,-392000000.0,-91000000.0,-0.0056322337,-0.0762,-0.0756,1062300000,1071500000,https://www.sec.gov/Archives/edgar/data/1099219/000093783417000031/0000937834-17-000031-index.htm,https://www.sec.gov/Archives/edgar/data/1099219/000093783417000031/met-2017930x10q.htm,15.209451190812388,-0.0856631836581003,4.456368257554363,4.456368257554363,312.4446954720889,53.604443189306224,44.60886755153911,53.38793184599454,19.137720041419563,55186485000.0,62209485000.0,-151.6112225274725,3.4156393513647334,11.657474651457544,11.65747465145754,0.973066350460204,0.973066350460204,3.850311629634214,79.24775159235669,13.140998098859315,13.140998098859315,-0.0016489544496265,0.0857818721377163,0.3534577000387911,0.0278217663754397,8.946496815286624,0.8751554157829299,3.1443661971830985,5.337091319052988,0.0078461239196517,-4.758241758241758,0.1029275236739493,0.0,0.0132627356821162,0.0,0.0,0.0,0.0,,0.0022955777266796,-0.000127996129172,-312.2102984091123,-3414000000.0,47388000000.0,-639639000000.0,-319310000000.0,0.0,0.0,0.0,0.0,0.0,0.0,0.0,0.0,0.0,-0.0016045420883732,0.0,2017-11-01,0.9,amc,1179082568.0,2025-04-25,2017-09-30,0.2111111111111111,48.69904761904762,5643453.571428572
2017-06-30,MET,USD,1099219,2017-08-04,2017-08-03 21:10:26,2017,Q2,15324000000.0,-9000000.0,15333000000.0,1.000587314,0,1671000000.0,43000000.0,1714000000.0,12644000000.0,14315000000.0,14315000000.0,11000000.0,295000000.0,0.0,0.0,0.0,1294000000.0,0.0844427043,-292000000.0,1002000000.0,0.0653876273,115000000.0,911000000.0,0.05944923,0.78,0.77,1074000000,1082100000,https://www.sec.gov/Archives/edgar/data/1099219/000093783417000024/0000937834-17-000024-index.htm,https://www.sec.gov/Archives/edgar/data/1099219/000093783417000024/met-2017630x10q.htm,14.268156424581006,0.8482309124767226,3.1666666666666665,3.1666666666666665,364.9860335195531,64.86871508379889,56.130353817504655,64.66945996275605,21.60800744878957,52583040000.0,58176040000.0,14.430032930845226,3.43141738449491,15.461052631578948,15.461052631578948,0.7570806997336406,0.7570806997336406,3.7964004176455233,0.0,17.105568950308733,17.105568950308733,0.0173249777875147,0.0646786492374727,0.3298826578360089,0.024764402036751,0.0,0.8382214369846879,4.386440677966101,3.8472850678733033,0.0090713659765582,0.5236004390779363,0.1090446358653093,0.0,0.0101437636659788,0.2652161129079682,0.0588619159488384,0.0,0.0,35.13159956870271,0.0012690675554281,0.0009947434741115,-431.596834264432,-5494000000.0,60284000000.0,-827064000000.0,3891000000.0,0.0,0.0,0.0,0.0,0.0,0.0,0.0,0.0,0.0,0.0131164063062414,0.839851024208566,2017-08-02,1.28,amc,1678769230.0,2025-04-25,2017-06-30,0.015625,46.380158730158726,6143162.698412699
2017-03-31,MET,USD,1099219,2017-05-05,2017-05-04 18:36:55,2017,Q1,14952000000.0,-12000000.0,14964000000.0,1.0008025682,0,1599000000.0,0.0,1599000000.0,12293000000.0,13892000000.0,13892000000.0,13000000.0,296000000.0,0.0,0.0,0.0,1110000000.0,0.0742375602,-293000000.0,817000000.0,0.0546415195,-12000000.0,873000000.0,0.0583868379,0.76,0.75,1090400000,1098700000,https://www.sec.gov/Archives/edgar/data/1099219/000093783417000012/0000937834-17-000012-index.htm,https://www.sec.gov/Archives/edgar/data/1099219/000093783417000012/met-2017331x10q.htm,13.712399119589142,0.8006236243580338,1.9240645634629496,1.9240645634629496,354.25898752751283,62.46148202494498,53.88664710198093,62.29732208363903,18.55832721936904,51325128000.0,53854128000.0,14.697917525773194,3.4326597110754413,24.4638360343184,24.4638360343184,0.7555701982952789,0.7555701982952789,3.601800963081862,0.0,25.66926978074357,25.66926978074357,0.0170092123296799,0.0408766637659432,0.2935417862768479,0.0217998069284902,0.0,0.9458367260773848,3.75,0.0,0.0086312497847058,0.5074455899198167,0.1069422150882825,0.0,0.0102220759669701,0.0,0.0,0.0,0.0,33.49964067529776,0.0012574000821349,0.0009642818088733,-422.1340792369773,-1796000000.0,58758000000.0,-815216000000.0,7554000000.0,0.0,0.0,0.0,0.0,0.0,0.0,0.0,0.0,0.0,0.0128516539327827,0.0,2017-05-03,1.27,amc,1451428571.0,2025-04-25,2017-03-31,0.1496062992125983,47.66709677419355,6831985.225806451
2016-12-31,MET,USD,1099219,2017-03-01,2017-02-28 19:01:06,2016,Q4,12076000000.0,0.0,12076000000.0,1.0,0,1805000000.0,0.0,1805000000.0,13836000000.0,15641000000.0,15641000000.0,0.0,291000000.0,0.0,-3274000000.0,-0.2711162637,-3565000000.0,-0.2952136469,0.0,-3565000000.0,-0.2952136469,-1479000000.0,-2088000000.0,-0.1729049354,-1.9,-1.88,3011313851,1108800000,https://www.sec.gov/Archives/edgar/data/1099219/000093783417000003/0000937834-17-000003-index.htm,https://www.sec.gov/Archives/edgar/data/1099219/000093783417000003/met-12312016x10k.htm,4.010209695010632,-0.693385048292663,1.8739328675840503,1.8742649485458764,126.11438687265549,22.408823304017677,19.347036835982063,22.35203745954543,6.709363752732262,144603291125.02002,146639291125.02002,-17.31361244312979,11.974436164708514,25.62525095251108,25.62071068834515,2.14835001448573,2.14835001448573,12.143035038507788,-44.78903210904704,25.98605194489102,25.98144775425585,-0.0144395053788559,0.0390309235432294,0.2958445378775498,0.0221559831056873,-0.6218692730604765,0.8856622694442786,-12.25085910652921,-2.7688910696761533,0.0033609193554233,-0.2327586206896551,0.1494700231864855,0.0,0.0102585328295303,0.0,0.0,0.0,0.0,,-0.0024101675332177,-0.0023472700619643,-149.93920339789915,-3831000000.0,58260000000.0,-801609000000.0,-369574000000.0,0.0,0.0,0.0,0.0,0.0,0.0,0.0,0.0,0.0,-0.0310211115898319,0.0,2017-02-01,1.34,amc,1430156250.0,2025-04-25,2016-12-31,0.0074626865671641,45.85793650793651,7573229.746031746
2016-09-30,MET,USD,1099219,2016-11-03,2016-11-03 17:02:41,2016,Q3,15802000000.0,-31000000.0,15833000000.0,1.001961777,0,1641000000.0,3000000.0,1644000000.0,13030000000.0,14674000000.0,14674000000.0,12000000.0,292000000.0,0.0,0.0,0.0,1159000000.0,0.0733451462,-611000000.0,548000000.0,0.0346791545,-25000000.0,577000000.0,0.0365143653,0.52,0.51,627173913,1109300000,https://www.sec.gov/Archives/edgar/data/1099219/000093783416000140/0000937834-16-000140-index.htm,https://www.sec.gov/Archives/edgar/data/1099219/000093783416000140/met-2016930x10q.htm,25.195563259978893,0.920000000063778,4.666967071380726,4.666967071380726,671.6940728368592,125.11043328423642,109.81642981697168,124.82343155111428,32.230294629617354,24829815215.67,28868815215.67,10.758152173167243,1.5713083923345148,8.48302535554151,8.48302535554151,0.3171680149154383,0.3171680149154383,1.8269089492260475,0.0,9.86293652738982,9.86293652738982,0.0232381914641014,0.1178824721237869,0.2544771734409728,0.0209066180853475,0.0,90.15625,3.969178082191781,5.072790294627383,0.0180025504063316,0.7746967071057193,0.1038476142260473,0.0,0.0100660717134149,0.0,0.0,0.0,0.0,50.8315358147596,0.00127197089654,0.0006116746103092,-722.5571577623956,31383000000.0,68874000000.0,-842703000000.0,-376752000000.0,0.0,0.0,0.0,0.0,0.0,0.0,0.0,0.0,0.0,0.0073704110568939,0.0,2016-11-02,1.14,amc,1194328124.0,2025-04-25,2016-09-30,0.1228070175438597,37.58921875,8435914.484375
2016-06-30,MET,USD,1099219,2016-08-05,2016-08-04 21:18:39,2016,Q2,15244000000.0,0.0,15244000000.0,1.0,0,1788000000.0,0.0,1788000000.0,13556000000.0,15344000000.0,15344000000.0,0.0,306000000.0,0.0,0.0,0.0,-100000000.0,-0.006559958,0.0,-100000000.0,-0.006559958,-214000000.0,110000000.0,0.0072159538,0.88,0.87,122203212,250000,https://www.sec.gov/Archives/edgar/data/1099219/000093783416000121/0000937834-16-000121-index.htm,https://www.sec.gov/Archives/edgar/data/1099219/000093783416000121/met-2016630x10q.htm,124.74303866906544,0.9001400061399368,35.11364333042244,35.11364333042244,3418.453518226673,649.5164791576836,568.896666971405,647.9289595104914,164.99566312545042,4336991993.88,7126991993.880001,9.856799986090907,0.2845048539674626,1.0107182460685156,1.0107182460685156,0.0547745234706172,0.0547745234706172,0.4675276826213593,0.0,1.6609163350920533,1.6609163350920533,0.0253632010746671,0.9893954164672428,0.2507861933088319,0.0210669374166504,0.0,2627.1103896103896,-0.326797385620915,0.0,0.1122898083942081,4.427272727272728,0.1172920493308842,0.0,0.0104523073691313,0.2528548123980424,0.0711755444765153,0.0,0.0,114.55392832993714,8.660626512760751e-05,0.0001179352749768,-3645.141504136569,404421000000.0,69521000000.0,-458619000000.0,414273000000.0,0.0,0.0,0.0,0.0,0.0,0.0,0.0,0.0,0.0,0.0013892572525543,8.87865369692574,2016-08-03,1.35,amc,718915662.0,2025-04-25,2016-06-30,-0.3851851851851852,38.99296875,7376080.96875
2016-03-31,MET,USD,1099219,2016-05-06,2016-05-05 18:15:45,2016,Q1,18421000000.0,0.0,18421000000.0,1.0,0,1877000000.0,0.0,1877000000.0,13634000000.0,15511000000.0,14854000000.0,0.0,312000000.0,0.0,0.0,0.0,3232000000.0,0.1754519299,-310000000.0,2922000000.0,0.1586233104,719000000.0,2201000000.0,0.1194831985,1.21,1.98,1111616161,1108600000,https://www.sec.gov/Archives/edgar/data/1099219/000093783416000099/0000937834-16-000099-index.htm,https://www.sec.gov/Archives/edgar/data/1099219/000093783416000099/met-2016331x10q.htm,16.57136756938531,1.9800000010975007,1.720917765606324,1.720917765606324,360.07572941358126,68.33743756627518,59.58531579858886,68.16651525813865,19.336710596815443,43530888864.76,51423888864.76,4.94444444170377,2.363112147264535,22.755299981578677,22.75529998157867,0.5744756036259979,0.5744756036259979,2.791590514345584,0.0,26.88128011749085,26.88128011749085,0.050561797780835,0.0439458060675772,0.2795513032002639,0.0230895503516352,0.0,59.06666666666667,10.35897435897436,0.0,0.0096253490550522,0.1903680145388459,0.1018945768416481,0.0,0.0106046469041712,0.0,0.0,0.0,0.0,55.10733396230818,0.0027030097647401,0.0024248126306187,-396.8968925416694,13065000000.0,66236000000.0,-828173000000.0,22794000000.0,0.0,0.0,0.0,0.0,0.0,0.0,0.0,0.0,0.0,0.0290465193005608,0.0,2016-05-04,1.38,amc,2695600000.0,2025-04-25,2016-03-31,-0.1304347826086956,37.37491803278688,9498509.86885246
2015-12-31,MET,USD,1099219,2016-02-25,2016-02-24 21:18:04,2015,Q4,17044000000.0,0.0,17044000000.0,1.0,0,1850000000.0,0.0,1850000000.0,14059000000.0,15909000000.0,15909000000.0,0.0,300000000.0,0.0,0.0,0.0,1135000000.0,0.0665923492,0.0,1135000000.0,0.0665923492,293000000.0,834000000.0,0.0489321755,1.28,0.7,1181160908,1121400000,https://www.sec.gov/Archives/edgar/data/1099219/000093783416000077/0000937834-16-000077-index.htm,https://www.sec.gov/Archives/edgar/data/1099219/000093783416000077/met-12312015x10k.htm,14.429871395642229,0.7060850002326694,3.896166871787464,3.896166871787464,318.9861749132659,57.99040548673492,49.96694319991836,57.527301775551145,18.301486151114645,50742672607.68,59307672607.68,15.210633275683454,2.977157510424783,11.026221774810953,11.026221774810953,0.7467758555340034,0.7467758555340034,3.479680392377376,0.0,12.887369102059974,12.887369102059974,0.0164358705826971,0.0906928973879763,0.3137205845560641,0.0242808961503896,0.0,34.71611535980835,3.783333333333333,0.0,0.0092230065140314,0.5611510791366906,0.1085425956348275,0.0,0.0107946733976282,0.0,0.0,0.0,0.0,30.23129520828432,0.0006913454551426,0.0009603249905579,-366.3031828005605,365921000000.0,59019000000.0,-432663000000.0,375398000000.0,0.0,0.0,0.0,0.0,0.0,0.0,0.0,0.0,0.0,0.0122739113158398,0.0,2016-02-03,1.37,amc,2579577235.0,2025-04-25,2015-12-31,-0.1021897810218979,43.96859375,6591725.96875
2015-09-30,MET,USD,1099219,2015-11-05,2015-11-05 16:24:36,2015,Q3,18031000000.0,183000000.0,17848000000.0,0.9898508125,0,1701000000.0,0.0,1701000000.0,14167000000.0,15868000000.0,15868000000.0,0.0,302000000.0,-1267000000.0,1198000000.0,0.0664411292,2163000000.0,0.1199600688,0.0,2163000000.0,0.1199600688,965000000.0,1203000000.0,0.0667184294,0.64,0.63,1134905660,1129941081,https://www.sec.gov/Archives/edgar/data/1099219/000093783415000059/0000937834-15-000059-index.htm,https://www.sec.gov/Archives/edgar/data/1099219/000093783415000059/met-2015930x10q.htm,15.887664178183762,1.060000000352452,2.3253034089194693,2.3253034089194693,334.9617623723896,62.61930176645696,54.20802994321132,62.12234416030668,17.931886955255823,47688735833.200005,57521735833.200005,9.910377355195347,2.6448192464755147,18.07076007320955,18.070760073209552,0.6764071859807385,0.6764071859807385,3.1901578300260667,48.01480453522538,21.796792661311105,21.796792661311105,0.0252260828260935,0.0553380154431096,0.2843708778349857,0.0227194433742039,8.207846410684475,84.4297520661157,7.162251655629139,2.193682460515378,0.0089329270855493,0.3541147132169576,0.094337529809772,0.0,0.0108174874781859,0.0,0.0,0.0,0.0,38.49179014693855,0.0013877064039522,0.0013781426348987,-379.98136338486495,10095000000.0,61521000000.0,-801177000000.0,19641000000.0,0.0,0.0,0.0,0.0,0.0,0.0,0.0,0.0,0.0,0.0170631036977149,0.0,2015-11-04,0.71,amc,2875741935.0,2025-04-25,2015-09-30,-0.1267605633802816,46.71,7214112.609375
2015-06-30,MET,USD,1099219,2015-08-06,2015-08-06 16:13:05,2015,Q2,16166000000.0,0.0,16166000000.0,1.0,0,1830000000.0,0.0,1830000000.0,13223000000.0,15053000000.0,15025000000.0,0.0,308000000.0,-302000000.0,1119000000.0,0.0692193493,1119000000.0,0.0692193493,-6000000.0,1113000000.0,0.0688481999,-6000000.0,1115000000.0,0.0689719164,1.61,1.59,1211956521,1128391778,https://www.sec.gov/Archives/edgar/data/1099219/000093783415000046/0000937834-15-000046-index.htm,https://www.sec.gov/Archives/edgar/data/1099219/000093783415000046/met-2015630x10q.htm,13.338762339973416,0.9200000005610762,3.467121078347662,3.467121078347662,311.6431930151725,57.74877133566741,49.7913901648952,57.24380272549398,16.808358754645457,60476630397.9,72465630397.9,13.55978260042601,3.7409767659223054,14.392344216539742,14.392344216539744,0.8717100825619442,0.8717100825619442,4.482594976982556,64.75927649499553,17.245509375987623,17.245509375987623,0.018436873758739,0.0694813843356244,0.2891880594433313,0.0223316997047001,10.714030384271672,47.21637426900585,3.633116883116883,3.768609865470852,0.0074574260674361,0.4044843049327354,0.1132005443523444,0.0,0.0107345318223659,0.0,0.0,0.0,0.0,34.423055023347125,0.0012788033302644,0.0012545498528857,-371.896179599004,7903000000.0,60345000000.0,-820346000000.0,17547000000.0,0.0,0.0,0.0,0.0,0.0,0.0,0.0,0.0,0.0,0.0160716087464145,0.0,2015-07-29,1.5,amc,2324782051.0,2025-04-25,2015-06-30,0.04,47.34904761904762,6818336.063492063
2015-03-31,MET,USD,1099219,2015-05-08,2015-05-08 16:27:59,2015,Q1,18323000000.0,0.0,18323000000.0,1.0,0,1796000000.0,0.0,1796000000.0,13855000000.0,15651000000.0,15651000000.0,0.0,298000000.0,-1194000000.0,2163000000.0,0.1180483545,3059000000.0,0.1669486438,0.0,3059000000.0,0.1669486438,896000000.0,2158000000.0,0.1177754734,1.48,1.47,1154010695,1135761118,https://www.sec.gov/Archives/edgar/data/1099219/000093783415000027/0000937834-15-000027-index.htm,https://www.sec.gov/Archives/edgar/data/1099219/000093783415000027/met-2015331x10q.htm,15.87766914066598,1.8700000003032904,2.3275347547797205,2.3275347547797205,339.89719653334754,64.47860520044834,56.058405940509935,63.92488416236039,18.461700651743097,51988181809.75,64868181809.75,6.022727271750463,2.837318223530535,19.3552426693038,19.3552426693038,0.7047333849769554,0.7047333849769554,3.540259881555968,29.98991299572353,24.150477218819805,24.150477218819805,0.0415094339689964,0.0516655883413922,0.2847634539785821,0.022838908881375,5.9546925566343045,23.693877551020407,10.26510067114094,0.0,0.0081556997232875,0.1964782205746061,0.098018883370627,0.0,0.0105643679535546,0.0,0.0,0.0,0.0,51.86173446354777,0.0024003488995349,0.0023712383512091,-392.66187216748455,7784000000.0,64692000000.0,-837254000000.0,17501000000.0,0.0,0.0,0.0,0.0,0.0,0.0,0.0,0.0,0.0,0.0292530839094482,0.0,2015-05-06,1.41,amc,2344125000.0,2025-04-25,2015-03-31,0.0212765957446808,44.93081967213115,8699035.737704918
2014-12-31,MET,USD,1099219,2015-02-27,2015-02-26 19:20:05,2014,Q4,19119000000.0,-222000000.0,19341000000.0,1.011611486,0,1873000000.0,0.0,1873000000.0,15170000000.0,17043000000.0,17043000000.0,0.0,297000000.0,-6000000.0,2367000000.0,0.1238035462,2076000000.0,0.1085830849,0.0,2076000000.0,0.1085830849,549000000.0,1521000000.0,0.07955437,1.43,1.3,1169710271,1147300000,https://www.sec.gov/Archives/edgar/data/1099219/000093783415000009/0000937834-15-000009-index.htm,https://www.sec.gov/Archives/edgar/data/1099219/000093783415000009/met-12312014x10k.htm,16.345073198044954,1.3003220008487042,4.638755540174273,4.638755540174273,332.1207051280137,62.11709155796581,53.67739478454148,61.59901454776573,16.992242004516005,56380035062.200005,65151035062.200005,9.266935414562788,2.948900834886762,10.390717851492813,10.390717851492813,0.7824800502713282,0.7824800502713282,3.4076591381453007,27.524729641825097,12.00719407707335,12.00719407707335,0.0269776348723797,0.0962397414973915,0.271730531691949,0.0216981017070119,3.705534431770173,32.09293680297398,6.98989898989899,0.0,0.007609076502466,0.282051282051282,0.097965374758094,0.0,0.0109404801088728,0.0,0.0,0.0,0.0,42.4525318627621,0.0012164732949457,0.0017042685147316,-377.1814362396071,376380000000.0,62787000000.0,-441193000000.0,386252000000.0,11907000000.0,0.0,0.0,0.0,0.0,0.0,0.0,0.0,0.0,0.0211094610911412,0.0,2015-02-11,1.37,amc,2403652173.0,2025-04-25,2014-12-31,0.0072992700729925,47.50421875,7148373.5
2014-09-30,MET,USD,1099219,2014-11-06,2014-11-06 17:09:52,2014,Q3,18637000000.0,0.0,18637000000.0,1.0,0,1795000000.0,0.0,1795000000.0,14099000000.0,15894000000.0,15894000000.0,0.0,295000000.0,0.0,3247000000.0,0.1742233192,2952000000.0,0.1583945914,0.0,2952000000.0,0.1583945914,858000000.0,2094000000.0,0.112357139,1.65,1.63,1156906716,1141046731,https://www.sec.gov/Archives/edgar/data/1099219/000093783414000066/0000937834-14-000066-index.htm,https://www.sec.gov/Archives/edgar/data/1099219/000093783414000066/met-2014930x10q.htm,16.109336856853375,1.8099990008183169,3.4825625474197697,3.4825625474197697,339.51051935979945,61.71716268263067,52.88671865571571,61.20199582279891,17.267597917548954,55381124494.92,66280124494.92,6.611882103022922,2.971568626652358,13.745625340014891,13.745625340014891,0.7821640349540286,0.7821640349540286,3.556373047964801,20.41272697718509,16.450763091317945,16.450763091317945,0.0378107165410135,0.0727504187887982,0.2779747192994845,0.0216612537377823,3.3566368955959347,990.2111959287532,10.00677966101695,1.9240687679083093,0.0076740948089449,0.2029608404966571,0.0963137844073617,0.0,0.0112433374751135,0.4288905435591958,0.0927187852122122,0.0,0.0,49.92444194946437,0.0023053194089398,0.0023307817914072,-368.72765461584544,388760000000.0,61185000000.0,-448073000000.0,398976000000.0,23772000000.0,0.0,0.0,115.00026828352202,0.0,0.0,0.7826068699084572,0.0,0.0,0.0295741826142221,1.4936381439417628,2014-10-29,1.42,amc,2266649999.0,2025-04-25,2014-09-30,0.1267605633802818,48.56625,5695910.390625
2014-06-30,MET,USD,1099219,2014-08-08,2014-08-07 21:05:43,2014,Q2,18266000000.0,0.0,18266000000.0,1.0,0,1786000000.0,0.0,1786000000.0,14530000000.0,16316000000.0,16316000000.0,0.0,312000000.0,-886000000.0,1376000000.0,0.0753312165,1950000000.0,0.106755721,0.0,1950000000.0,0.106755721,574000000.0,1366000000.0,0.0747837512,1.47,1.45,1167521367,1117300000,https://www.sec.gov/Archives/edgar/data/1099219/000093783414000041/0000937834-14-000041-index.htm,https://www.sec.gov/Archives/edgar/data/1099219/000093783414000041/met-2014630x10q.htm,15.64510981664972,1.1700000005224744,3.8003587132637033,3.8003587132637033,334.6217131801752,60.19761349686716,51.26415814880757,59.60576137361604,17.46263543971611,57803982880.17,70486982880.17,10.579059824335651,3.1645671126776524,13.027717574976336,13.027717574976334,0.8306244037328103,0.8306244037328103,3.858917271442571,51.22600500012354,15.88618050037638,15.88618050037638,0.0236315895884159,0.0767594165474389,0.2884855800319006,0.0220344191763982,9.217296511627907,1164.9066265060242,6.25,0.0,0.0073697343811604,0.3118594436310395,0.0977772911420124,0.0,0.0114474492931776,0.0374126662159116,0.0090879229168947,0.0,0.0,39.61214042261726,0.0015106138186033,0.0015166150395807,-370.3251282766459,386417000000.0,59852000000.0,-454089000000.0,396847000000.0,23380500000.0,0.0,0.0,116.92215044344684,0.0,0.0,0.7697429414243574,0.0,0.0,0.0196289750111364,0.1421815520400664,2014-07-30,1.45,amc,2493366906.0,2025-04-25,2014-06-30,-0.0413793103448276,46.79,7022397.714285715
2014-03-31,MET,USD,1099219,2014-05-08,2014-05-07 17:39:49,2014,Q1,17017000000.0,0.0,17017000000.0,1.0,0,1731000000.0,0.0,1731000000.0,13528000000.0,15259000000.0,15259000000.0,0.0,312000000.0,-796000000.0,1342000000.0,0.0788623142,1826000000.0,0.1073044602,0.0,1826000000.0,0.1073044602,484000000.0,1328000000.0,0.0780396075,1.15,1.14,1164913302,1140466038,https://www.sec.gov/Archives/edgar/data/1099219/000093783414000029/0000937834-14-000029-index.htm,https://www.sec.gov/Archives/edgar/data/1099219/000093783414000029/met-2014331x10q.htm,14.607954060430156,1.1399990005436471,2.132347528125316,2.132347528125316,327.2715654851369,57.03342891349351,48.07739760877072,56.44883605252196,17.510315973711837,54809170859.1,66322170859.1,10.317991502089608,3.220848026038667,22.064883598671496,22.064883598671496,0.8334981425697252,0.8334981425697252,3.897406761420932,49.42039557309985,26.699746722665058,26.699746722665058,0.0242295217968894,0.0453208826381576,0.3054533288725326,0.0225456643428072,8.578986587183309,1109.858407079646,5.852564102564102,1.870481927710843,0.0062215865457374,0.2567771084337349,0.1017218076041605,0.0,0.0117105902662803,0.0,0.0,0.0,0.0,38.05143066086824,0.0015067410381468,0.0015082853475984,-365.6475973522706,375903000000.0,56006000000.0,-448222000000.0,386336000000.0,22445000000.0,0.0,0.0,121.80701651289884,0.0,0.0,0.7388736919803742,0.0,0.0,0.02019526141306,0.0,2014-04-30,1.39,amc,2456343065.0,2025-04-25,2014-03-31,-0.0143884892086329,45.95426229508197,6641722.163934426
2013-12-31,MET,USD,1099219,2014-02-27,2014-02-26 20:38:57,2013,Q4,18458000000.0,0.0,18458000000.0,1.0,0,1972000000.0,0.0,1972000000.0,15218000000.0,17190000000.0,17190000000.0,0.0,323000000.0,-7000000.0,1584000000.0,0.0858164482,1268000000.0,0.0686965002,0.0,1268000000.0,0.0686965002,353000000.0,908000000.0,0.0491927619,1.41,0.77,1180829467,1138100000,https://www.sec.gov/Archives/edgar/data/1099219/000093783414000011/0000937834-14-000011-index.htm,https://www.sec.gov/Archives/edgar/data/1099219/000093783414000011/met-12312013x10k.htm,15.63138498473802,0.7689510004411162,5.20566277501271,5.20566277501271,317.68262097409195,53.3379304634172,44.41030772481561,52.12691732395597,18.92229201966553,56738855889.35,71174855889.35,15.621931687596364,3.0739438665808865,9.230332827289734,9.230332827289734,0.9217886356367684,0.9217886356367684,3.8560437690621954,44.93362114226642,11.57879549200423,11.57879549200423,0.0160031425690138,0.1083384552552073,0.357756729972544,0.02487416638051,9.113636363636363,1.0829525985151345,3.9256965944272446,-2.4987804878048783,0.0060276153729105,0.3766519823788546,0.1068371437858922,0.0,0.0119078816576602,0.1791117618350415,0.0596489327121031,0.0,0.0,30.03112581287561,0.0017747003374839,0.0010380061137188,-364.8196137029497,581000000.0,52441000000.0,-814728000000.0,12123000000.0,22666000000.0,0.0,0.0,106.5830534185719,0.0,0.0,0.8444119127132989,0.0,0.0,0.0147515149545919,0.9323954311516176,2014-02-12,1.3,amc,2293503649.0,2025-04-25,2013-12-31,0.0538461538461538,44.8228125,6399206.703125
2013-09-30,MET,USD,1099219,2013-11-07,2013-11-06 19:01:26,2013,Q3,16337000000.0,0.0,16337000000.0,1.0,0,1870000000.0,0.0,1870000000.0,13491000000.0,15361000000.0,14820000000.0,0.0,317000000.0,-320000000.0,973000000.0,0.0595580584,976000000.0,0.0597416906,0.0,976000000.0,0.0597416906,3000000.0,972000000.0,0.0594968476,0.0869,0.0869,1104900000,1117296838,https://www.sec.gov/Archives/edgar/data/1099219/000073702613000010/0000737026-13-000010-index.htm,https://www.sec.gov/Archives/edgar/data/1099219/000073702613000010/met-2013930x10q.htm,14.785953479952935,0.8797176215042085,2.416508281292425,2.416508281292425,340.3638338311159,55.55072857272151,46.94451986605122,55.14254683681781,19.786406009593627,46229016000.0,56398016000.0,11.89017901234568,2.8297126767460368,17.314238202247193,17.31423820224719,0.7587607464670836,0.7587607464670836,3.4521647793352512,57.9630174717369,21.122852434456927,21.122852434456927,0.0210257557720891,0.0577559340653065,0.3536199057888949,0.0261899754814664,10.451181911613569,1248.7056856187291,3.078864353312303,0.0,0.0072032681811786,0.3425925925925926,0.1144640998959417,0.0,0.0115590845603743,0.7404494382022472,0.1210136499969394,0.0,0.0,33.03743449947076,0.0011830592721206,0.001195374932053,-332.69277762693457,373064000000.0,51869000000.0,-387902000000.0,382573000000.0,23378000000.0,0.0,0.0,129.3119911856522,0.0,0.0,0.6959911387551655,0.0,0.0,0.0159535181446649,1.7893021992940537,2013-10-30,1.36,amc,2389701492.0,2025-04-25,2013-09-30,-0.0147058823529411,43.08203125,7218656.65625
2013-06-30,MET,USD,1099219,2013-08-07,2013-08-07 17:12:54,2013,Q2,15721000000.0,0.0,15721000000.0,1.0,0,1450000000.0,0.0,1450000000.0,13710000000.0,15247000000.0,15247000000.0,0.0,321000000.0,368000000.0,508000000.0,0.0323134661,508000000.0,0.0323134661,53000000.0,561000000.0,0.0356847529,53000000.0,502000000.0,0.031931811,0.43,0.43,1097900000,1106700000,https://www.sec.gov/Archives/edgar/data/1099219/000119312513324494/0001193125-13-324494-index.htm,https://www.sec.gov/Archives/edgar/data/1099219/000119312513324494/d574216d10q.htm,14.31915474997723,0.4572365424902085,4.1725111576646325,4.1725111576646325,347.8631933691593,55.139812369068224,46.53520357045268,54.65251844430276,20.212223335458603,45529913000.0,58215913000.0,22.674259462151397,2.8961206666242605,9.938858982754857,9.938858982754857,0.7587939436361515,0.7587939436361515,3.7030667896444247,114.59825393700788,12.708123335516262,12.708123335516262,0.0110257184106633,0.1006151713929257,0.3644817759112044,0.0268125767781262,24.97244094488189,3820.9241706161138,1.5825545171339563,0.0,0.0073138729696232,0.6633466135458167,0.0922333184911901,0.0,0.0115820033298106,0.0,0.0,0.0,0.0,23.711925119372857,0.0005640445908652,0.000622662689233,-324.021085709081,806004000000.0,51091000000.0,51091000000.0,815451000000.0,23167500000.0,0.0,0.0,133.2911392405063,0.0,0.0,0.6752136752136753,0.0,0.0,0.0083662483542489,0.0,2013-07-31,1.33,amc,2189881944.0,2025-04-25,2013-06-30,0.0827067669172931,36.76703125,9085793.6875
2013-03-31,MET,USD,1099219,2013-05-07,2013-05-07 17:12:40,2013,Q1,17683000000.0,0.0,17683000000.0,1.0,0,1810000000.0,0.0,1810000000.0,14626000000.0,16519000000.0,16519000000.0,0.0,321000000.0,-573000000.0,995000000.0,0.0562687327,1247000000.0,0.0705197082,0.0,1247000000.0,0.0705197082,252000000.0,986000000.0,0.0557597693,1.52,1.51,1102300117,1103900000,https://www.sec.gov/Archives/edgar/data/1099219/000119312513204734/0001193125-13-204734-index.htm,https://www.sec.gov/Archives/edgar/data/1099219/000119312513204734/d518446d10q.htm,16.041910662339156,0.8944932371807052,2.4793610722260317,2.4793610722260317,363.8918238452841,58.938576707054814,50.14242414346038,58.468650239651566,20.262176929443253,36971145924.18,49002145924.18,9.374022800248476,2.090773393891308,13.527678713567507,13.527678713567507,0.5736407435869666,0.5736407435869666,2.771144371666572,49.24838786349749,17.92980092359312,17.92980092359312,0.0266694465468308,0.0739225125887308,0.341567106283941,0.0261546778188989,12.091457286432162,2513.5619335347437,3.884735202492212,2.771805273833672,0.006302212013602,0.2363083164300203,0.1023581971384946,0.0,0.0115197490747726,0.0,0.0,0.0,0.0,34.30372829730287,0.0011824769981484,0.0011851118223918,-325.0566651259822,831658000000.0,55272000000.0,55272000000.0,841354000000.0,22343000000.0,0.0,0.0,117.32624554657016,0.0,0.0,0.7670917924692001,0.0,0.0,0.0152986811481768,0.0,2013-05-01,1.3,amc,2012364864.0,2025-04-25,2013-03-31,0.1384615384615384,33.06783333333333,10385626.833333334
2012-12-31,MET,USD,1099219,2013-02-27,2013-02-26 21:13:26,2012,Q4,17333000000.0,0.0,17333000000.0,1.0,0,1467000000.0,-4466000000.0,-2999000000.0,20809000000.0,17726000000.0,17726000000.0,0.0,348000000.0,0.0,0.0,0.0,1314000000.0,0.0758091502,-1791000000.0,-477000000.0,-0.02751976,-582000000.0,65000000.0,0.0037500721,1.29,0.088,1091006747,1097500000,https://www.sec.gov/Archives/edgar/data/1099219/000119312513077792/0001193125-13-077792-index.htm,https://www.sec.gov/Archives/edgar/data/1099219/000119312513077792/d450627d10k.htm,15.887161145118014,0.0595780000249622,1.7158464007189131,1.7158464007189131,375.6172921266086,59.539503471099984,50.416736790354605,59.07662824013681,20.808303947179898,32021048024.45,38637048024.45,123.15787701711538,1.8474036822506203,17.105260696821585,17.10526069682158,0.4968123752881945,0.4968123752881945,2.229103330320775,0.0,20.63944873100961,20.63944873100961,0.0020299148219748,0.058461546872876,0.3468263696026562,0.0267142776903395,0.0,672.7648494711148,3.775862068965518,0.0,0.0262952043092743,12.953846153846154,0.0846362430046731,0.0,0.0118943905275095,0.0,0.0,0.0,0.0,8.899017674565268,-0.0003461312639937,7.861368990890488e-05,-316.95175208664403,825599000000.0,55005000000.0,55005000000.0,835552000000.0,22286500000.0,0.0,0.0,112.33254485663186,0.0,0.0,0.8011925672552463,0.0,0.0,0.001008486804338,0.0,2013-02-13,1.18,amc,2124000000.0,2025-04-25,2012-12-31,0.0593220338983051,30.057580645161288,12202851.564516127
2012-09-30,MET,USD,1099219,2012-11-07,2012-11-07 17:08:45,2012,Q3,16503000000.0,0.0,16503000000.0,1.0,0,2139000000.0,1442000000.0,1963000000.0,15550000000.0,17513000000.0,17513000000.0,0.0,345000000.0,3000000.0,-957000000.0,-0.0579894565,-957000000.0,-0.0579894565,-53000000.0,-1010000000.0,-0.0612009938,-53000000.0,-954000000.0,-0.0578076713,1.36,1.35,1065000000,1071000000,https://www.sec.gov/Archives/edgar/data/1099219/000119312512457730/0001193125-12-457730-index.htm,https://www.sec.gov/Archives/edgar/data/1099219/000119312512457730/d400197d10q.htm,15.495774647887323,-0.895774647887324,2.991549295774648,2.991549295774648,29.697652582159623,60.610328638497656,51.1981220657277,60.13990610328639,25.778403755868545,32578350000.0,42737350000.0,-8.537303459119496,1.9740865297218688,10.225470809792844,10.225470809792844,0.5086472856719074,0.5086472856719074,2.589671574865176,-44.65762800417973,13.41410860012555,13.41410860012555,-0.0292832509933744,0.0977950080344768,0.4232540711018127,0.0320329439845914,-10.61546499477534,1517.7150635208711,-2.773913043478261,0.0,0.0009208569494771,-0.0314465408805031,0.1296127976731503,0.0,0.0118447095245691,0.0,0.0,0.0,0.0,,-0.0010720557321162,-0.001140792168952,-688.1715962441315,835710000000.0,54526000000.0,54526000000.0,845734000000.0,23456500000.0,0.0,0.0,125.09907289583712,0.0,0.0,0.7194297920571951,0.0,0.0,-0.014894846133429,0.0,2012-10-31,1.28,amc,2066424242.0,2025-04-25,2012-09-30,0.03125,29.49206349206349,9386522.444444444
2012-06-30,MET,USD,1099219,2012-08-07,2012-08-07 17:06:04,2012,Q2,16789000000.0,-1609000000.0,18398000000.0,1.0958365597,0,2124000000.0,1467000000.0,1980000000.0,13080000000.0,15060000000.0,14754000000.0,0.0,362000000.0,-1400000000.0,2300000000.0,0.1369944607,3338000000.0,0.1988206564,0.0,3338000000.0,0.1988206564,1038000000.0,2295000000.0,0.1366966466,1.34,1.34,1064700000,1070000000,https://www.sec.gov/Archives/edgar/data/1099219/000119312512341187/0001193125-12-341187-index.htm,https://www.sec.gov/Archives/edgar/data/1099219/000119312512341187/d358786d10q.htm,15.768761153376538,2.1555367709213864,5.958485958485959,4.718700103315488,32.46078707617169,59.0062928524467,47.90175636329482,58.61369399830938,21.164647318493472,29268603000.0,35405603000.0,3.1883009803921567,1.7433202096610876,4.613588114754098,5.825756966560509,0.4690030285549466,0.4690030285549466,2.108857168384061,15.39374043478261,5.580958858764187,7.047293590764332,0.0784116686402832,0.1716515133981625,0.3552863506714098,0.026869028633475,2.668260869565217,178.13512921594392,9.220994475138122,2.7642701525054467,0.0010591554369711,0.0135076252723311,0.12651140627792,0.0,0.0143276441247327,0.2080706179066835,0.0786229078563345,0.0,0.0,53.31734601037477,0.0028024071458945,0.0028216114536524,-666.6877993801071,808799000000.0,51001000000.0,51001000000.0,820622000000.0,23866500000.0,0.0,0.0,128.51629042825658,0.0,0.0,0.7003003253524652,0.0,0.0,0.0367753100663397,1.2397858551704706,2012-08-01,1.24,amc,1955097744.0,2025-04-25,2012-06-30,0.0725806451612903,29.10047619047619,10621047.92063492
2012-03-31,MET,USD,1099219,2012-05-08,2012-05-08 16:47:29,2012,Q1,15916000000.0,0.0,15916000000.0,1.0,0,2346000000.0,1557000000.0,2147000000.0,14178000000.0,16325000000.0,16325000000.0,0.0,379000000.0,0.0,0.0,0.0,-134000000.0,-0.0084192008,-275000000.0,-409000000.0,-0.0256974114,-275000000.0,-144000000.0,-0.0090474994,1.4,1.39,1064300000,1070900000,https://www.sec.gov/Archives/edgar/data/1099219/000119312512218690/0001193125-12-218690-index.htm,https://www.sec.gov/Archives/edgar/data/1099219/000119312512218690/d294978d10q.htm,14.95443014187729,-0.1353001973127877,5.410128723104388,5.410128723104388,28.62726674809734,55.5520060133421,44.36812928685521,55.12167621911115,25.426101663064927,35419904000.0,43434904000.0,-61.49288888888889,2.225427494345313,6.151424800277874,6.151424800277875,0.6037552244911875,0.6037552244911875,2.7290087961799445,0.0,7.543401180965613,7.543401180965613,-0.0040655107365621,0.1625639640355885,0.4548119864998466,0.0325547459504834,0.0,2375.5911764705884,-0.3535620052770448,0.0,0.0008469814034504,-0.2083333333333333,0.1473988439306358,0.0,0.0145228671407167,0.0,0.0,0.0,0.0,,-5.3580761307839055e-05,-0.0001782837956124,-669.165413887062,807361000000.0,47221000000.0,47221000000.0,819264000000.0,23120000000.0,0.0,0.0,134.34971098265896,0.0,0.0,0.6698935140367861,0.0,0.0,-0.0024545733474244,0.0,2012-04-26,1.29,amc,1956656934.0,2025-04-25,2012-03-31,0.062015503875969,32.935483870967744,10534282.661290323
2011-12-31,MET,USD,1099219,2012-02-28,2012-02-28 17:09:43,2011,Q4,16745000000.0,0.0,16745000000.0,1.0,0,2164000000.0,1604000000.0,3768000000.0,11457000000.0,15225000000.0,15225000000.0,0.0,0.0,0.0,0.0,0.0,1520000000.0,0.0907733652,0.0,1520000000.0,0.0907733652,394000000.0,1156000000.0,0.069035533,1.09,1.09,1060560374,1064300000,https://www.sec.gov/Archives/edgar/data/1099219/000119312512085720/0001193125-12-085720-index.htm,https://www.sec.gov/Archives/edgar/data/1099219/000119312512085720/d302570d10k.htm,15.788822975579135,1.0899898094816052,1.1786221988339156,3.322771702952575,26.18521366705334,57.88732212240847,46.63383736794224,54.2345362037824,25.995691217480843,29472972793.46,46581972793.46,6.373912801353806,1.760105870018513,23.578378234768,8.36349965762202,0.5124041237410247,0.5124041237410247,2.781843702207226,0.0,37.265578234768,13.218493982253122,0.0392223752962074,0.1195671717507223,0.4793198769102383,0.0344786618727528,0.0,1148.2361516034985,0.0,-0.2145922746781116,0.027754241342818,0.7076124567474048,0.129232606748283,0.0,0.0149257464436454,1.8192,0.1358017318602568,0.0,0.0,36.47039299406972,0.0014081600750351,0.0014675824245578,-653.9941214134029,787004000000.0,49458000000.0,49458000000.0,798939000000.0,11240500000.0,0.0,0.0,120.82950134368468,0.0,0.0,0.7448512076864908,0.0,0.0,0.0200977068446947,2.14414950411866,2012-02-14,1.25,amc,1860687022.0,2025-04-25,2011-12-31,0.048,28.09523809523809,12846930.031746032
2011-09-30,MET,USD,1099219,2011-11-04,2011-11-04 17:20:10,2011,Q3,17017000000.0,-3436000000.0,20453000000.0,1.2019157313,0,1860000000.0,1771000000.0,3837000000.0,11501000000.0,15338000000.0,15338000000.0,0.0,451000000.0,-1994000000.0,3572000000.0,0.2099077393,5115000000.0,0.3005817712,0.0,5115000000.0,0.3005817712,1673000000.0,3456000000.0,0.2030910266,3.38,3.36,1060200000,1066200000,https://www.sec.gov/Archives/edgar/data/1099219/000095012311095417/0000950123-11-095417-index.htm,https://www.sec.gov/Archives/edgar/data/1099219/000095012311095417/y91773e10vq.htm,16.050745142425956,3.2597623089983023,2.118468213544614,2.118468213544614,24.442558007923036,57.41841162044897,46.09413318241841,56.92133559705716,32.205244293529525,26462592000.0,50154592000.0,1.91425,1.5550679908326968,11.782097951914515,11.782097951914515,0.4384999005766554,0.4384999005766554,2.9473227948522065,14.041039193729004,22.330628673196795,22.330628673196795,0.1305994514823037,0.0848745277862425,0.5583117916086697,0.0429084472065509,6.632698768197089,435.3205741626794,11.341463414634148,0.0,0.0011336757941172,0.0086805555555555,0.1093024622436387,0.0,0.015289787705513,0.7960819234194123,0.1050713991890462,0.0,0.0,64.61327687120838,0.0089925097253391,0.0044695974258429,-658.7823052254291,363092000000.0,48869000000.0,-360427000000.0,375098000000.0,10535000000.0,0.0,0.0,0.0,0.0,0.0,0.0,0.0,0.0,0.0572678464903559,1.686474250141483,2011-10-27,1.06,amc,1908000000.0,2025-04-25,2011-09-30,0.0471698113207547,31.3121875,12733491.15625
2011-06-30,MET,USD,1099219,2011-08-05,2011-08-05 07:33:02,2011,Q2,17146000000.0,0.0,17146000000.0,1.0,0,1937000000.0,1587000000.0,3666000000.0,12112000000.0,15636000000.0,15623000000.0,0.0,443000000.0,-752000000.0,1201000000.0,0.0700454917,1201000000.0,0.0700454917,309000000.0,1510000000.0,0.0880671877,448000000.0,1100000000.0,0.0641549049,1.17,1.15,1057391108,1071000000,https://www.sec.gov/Archives/edgar/data/1099219/000095012311073255/0000950123-11-073255-index.htm,https://www.sec.gov/Archives/edgar/data/1099219/000095012311073255/y91293e10vq.htm,16.21538130052064,1.04029624580501,3.1133229465364485,1.833758564196286,20.850373937511872,50.911152545837375,39.528420169010914,50.41559324329026,35.27833714296754,41333418411.72,68565418411.72,9.393958729936363,2.4106741170955326,12.555716406962334,21.31687385854564,0.7753553510986888,0.7753553510986888,3.998916272700338,57.090273448559536,20.82789137658566,35.36122661769985,0.0266128484473013,0.0469111937630157,0.6914404697143072,0.0477781104703538,22.6744379683597,3231.689361702128,2.711060948081264,0.0,0.0007499984562421,0.0281818181818181,0.1129709553248571,0.0,0.0156011214764291,0.4109963547995139,0.0789105330689373,0.0,0.0,34.352014912856475,0.0010950629690698,0.001448422338886,-642.9035527694261,759212000000.0,41797000000.0,41797000000.0,771248000000.0,20692500000.0,0.0,0.0,110.59722384229558,0.0,0.0,0.8137636449928809,0.0,0.0,0.0206344144515935,1.2795643823401623,2011-07-28,1.1,amc,1746693548.0,2025-04-25,2011-06-30,0.1272727272727271,38.824444444444445,8026203.952380952
2011-03-31,MET,USD,1099219,2011-05-10,2011-05-09 19:30:24,2011,Q1,15908000000.0,0.0,15908000000.0,1.0,0,1812000000.0,1416000000.0,3228000000.0,11395000000.0,14623000000.0,14341000000.0,0.0,438000000.0,-668000000.0,1055000000.0,0.0663188333,1055000000.0,0.0663188333,230000000.0,1285000000.0,0.0807769676,361000000.0,877000000.0,0.0551294946,0.95,0.94,1056082512,1069500000,https://www.sec.gov/Archives/edgar/data/1099219/000095012311047631/0000950123-11-047631-index.htm,https://www.sec.gov/Archives/edgar/data/1099219/000095012311047631/y90044te10vq.htm,15.063216954396458,0.8304275376543684,3.3150818806475986,3.313188089227634,18.477722884592183,47.67525210189258,36.36363595044551,47.17055668847208,35.1317246317587,42095448928.32,68067448928.32,11.999842910011402,2.646181099341212,12.023835740736931,12.030708467653616,0.8450186471880521,0.8450186471880521,4.278818765924063,64.51890893679621,19.442287611630963,19.453400665424407,0.0208336060625782,0.0831206244161473,0.7359884374498153,0.0487980823620699,24.618009478672985,1079.4087591240875,2.4086757990867578,0.0,0.0007126661138852,0.0342075256556442,0.1139049534825245,0.0,0.0158995715660399,0.1162524992859183,0.0255846115162182,0.0,0.0,29.6877737109632,0.0010098329481758,0.0011861048559971,-630.8614548860174,738710000000.0,38403000000.0,38403000000.0,750656000000.0,20072500000.0,0.0,0.0,114.93273824490822,0.0,0.0,0.7830666994831406,0.0,0.0,0.0176047856110486,0.3853865539627457,2011-05-04,1.26,amc,1789578947.0,2025-04-25,2011-03-31,0.0555555555555556,40.93790322580645,12175589.338709677
2010-12-31,MET,USD,1099219,2011-02-25,2011-02-24 20:25:14,2010,Q4,12837000000.0,0.0,12837000000.0,1.0,0,2563000000.0,1108000000.0,3671000000.0,9163000000.0,12834000000.0,12834000000.0,0.0,0.0,-1698000000.0,-2006000000.0,-0.1562670406,3000000.0,0.0002336995,0.0,3000000.0,0.0002336995,-78000000.0,82000000.0,0.0063877853,0.0776,0.0776,1008619574,1056082512,https://www.sec.gov/Archives/edgar/data/1099219/000095012311018077/0000950123-11-018077-index.htm,https://www.sec.gov/Archives/edgar/data/1099219/000095012311018077/y87657e10vk.htm,12.727296129194494,0.0812992352258275,2.779045808999935,1.5417111070263645,22.24128955879256,48.69328462983012,37.01296401769018,48.20945503482763,36.069099725800086,39941335130.4,63275335130.4,121.77236320243902,3.1114228503856043,14.249495230253302,25.68574606456592,0.8214156325017996,0.8214156325017996,4.92913726964244,-31.54303844985045,22.574147388655017,40.6915338459164,0.0020530109905512,0.0389320986622819,0.7481748071979435,0.0497738423271939,-11.6321036889332,2350.081699346405,0.0,34.18292682926829,0.0204049263085271,9.939024390243905,0.1996572407883461,0.0,0.0161183517442735,0.4452372458080628,0.0972189763963543,0.0,0.0,9.39075694830676,0.0001108213641699,0.0001140274639318,-638.9797666171409,718819000000.0,37332000000.0,37332000000.0,730600000000.0,10011500000.0,0.0,0.0,139.02781023603646,0.0,0.0,0.6473524962178517,0.0,0.0,0.0016863753213367,1.2373347019735708,2011-02-09,1.1,amc,1629736842.0,2025-04-25,2010-12-31,0.0363636363636361,36.5090625,8990876.34375
2010-09-30,MET,USD,1099219,2010-11-04,2010-11-04 16:54:33,2010,Q3,12338000000.0,-106000000.0,12444000000.0,1.0085913438,0,1259000000.0,870000000.0,2129000000.0,9824000000.0,11953000000.0,11953000000.0,0.0,430000000.0,492000000.0,322000000.0,0.0260982331,322000000.0,0.0260982331,63000000.0,385000000.0,0.0312044091,68000000.0,316000000.0,0.0256119306,0.35,0.35,906909597,906909597,https://www.sec.gov/Archives/edgar/data/1099219/000095012310100992/0000950123-10-100992-index.htm,https://www.sec.gov/Archives/edgar/data/1099219/000095012310100992/y86084qe10vq.htm,13.604443089822103,0.3484360525517738,1.3948468559430185,3.2902948759952317,303.3609975129638,51.569638423398445,46.09389969880316,51.17930183288159,33.28887476752548,31070722793.22,46273722793.22,24.58126803261076,2.518294925694602,24.56183620017391,10.412440614349864,0.6694112419092966,0.6694112419092966,3.750504359962717,143.70721364354037,36.58001801835573,15.50727975644102,0.0101703459588959,0.0960389631055233,0.64117203490251,0.0482134612113308,47.21428571428572,0.506540707040765,0.7488372093023256,0.0,0.0009655391733129,0.0949367088607595,0.1020424704165991,0.0,0.0080452973244445,1.358893280632411,0.1393256605608688,0.0,0.0,20.03087773457801,-0.001029820441745,0.0005160961572068,-325.5233498207209,-268016000000.0,41803000000.0,-295365000000.0,-263050000000.0,9185000000.0,0.0,0.0,1.407845680012968,0.0,0.0,63.92746113989637,0.0,0.0,0.0068081439189917,1.8954480200522128,2010-10-28,1.03,amc,1510666666.0,2025-04-25,2010-09-30,-0.0388349514563107,35.18515625,11178714.5625
2010-06-30,MET,USD,1099219,2010-08-02,2010-08-02 06:11:33,2010,Q2,14138000000.0,-108000000.0,14246000000.0,1.0076389871,0,1274000000.0,835000000.0,2109000000.0,9666000000.0,11775000000.0,11775000000.0,0.0,405000000.0,-1227000000.0,1541000000.0,0.1089970293,2363000000.0,0.1671382091,0.0,2363000000.0,0.1671382091,827000000.0,1557000000.0,0.1101287311,1.89,1.87,822654945,830500000,https://www.sec.gov/Archives/edgar/data/1099219/000095012310070688/0000950123-10-070688-index.htm,https://www.sec.gov/Archives/edgar/data/1099219/000095012310070688/y84676e10vq.htm,17.18582023475225,1.8926525750112644,1.2848643364077754,1.1280549708480754,24.85610780592828,48.28755998056998,42.16470126487844,47.86332379002475,36.97662086015905,27682338899.25,46994338899.25,4.444819990245664,1.958009541607724,26.18953538245033,29.83010657246767,0.7030435275999999,0.7030435275999999,3.3239736100756825,30.496001881408176,44.46011248746452,50.64045140005388,0.0562452474000375,0.0335231789256486,0.7622603174603174,0.0522976719224543,12.53212199870214,731.0650623885919,5.834567901234568,0.0,0.0011198475718697,0.0199100834938985,0.0901117555524119,0.0,0.0087766833302259,0.1220435193945127,0.0091243457348988,0.0,0.0,45.14692091322769,0.0026775255201651,0.0027370049396171,-607.9125312982833,819133000000.0,34687000000.0,286072000000.0,822120000000.0,17865500000.0,0.0,0.0,115.71155750459754,0.0,0.0,0.7777961159707323,0.0,0.0,0.0395428571428571,0.1568093655597001,2010-07-29,1.0,amc,1204878048.0,2025-04-25,2010-06-30,0.2299999999999999,37.794603174603175,7745199.396825396
2010-03-31,MET,USD,1099219,2010-05-05,2010-05-05 16:09:13,2010,Q1,13100000000.0,-90000000.0,13190000000.0,1.006870229,0,1210000000.0,804000000.0,2014000000.0,9901000000.0,11915000000.0,11915000000.0,0.0,409000000.0,-761000000.0,833000000.0,0.0635877863,833000000.0,0.0635877863,352000000.0,1185000000.0,0.0904580153,356000000.0,835000000.0,0.063740458,1.02,1.01,819393009,828600000,https://www.sec.gov/Archives/edgar/data/1099219/000095012310044487/0000950123-10-044487-index.htm,https://www.sec.gov/Archives/edgar/data/1099219/000095012310044487/y83751e10vq.htm,15.987444188701884,1.0190470150813795,3.503813150058253,3.2890200067596624,21.016776822414897,44.15341551931645,37.99153722093814,43.70430258332848,35.87045493086456,31644958007.58,51425958007.58,9.474538325622754,2.415645649433588,11.022277257951933,11.742099446226344,0.8836658570712909,0.8836658570712909,3.925645649433588,61.73584394667467,17.912211078920237,19.08198812897217,0.0263865099710352,0.085163645954419,0.8093323280556254,0.05124600842342,23.746698679471788,1459.6796875,2.0366748166259168,0.0,0.0009480183223126,0.0359281437125748,0.0923664122137404,0.0,0.0089273400451936,0.0613026819923371,0.0134351145038167,0.0,0.0,31.655593970252276,0.0010305013672975,0.0014896961198322,-608.9879880827737,560133000000.0,31130000000.0,31130000000.0,565182000000.0,17311000000.0,0.0,0.0,120.6,0.0,0.0,0.746268656716418,0.0,0.0,0.0233168579486749,0.2147931432985902,2010-04-29,0.97,amc,1349356435.0,2025-04-25,2010-03-31,0.0412371134020618,33.93950819672131,8039563.934426229
2009-12-31,MET,USD,1099219,2010-02-26,2010-02-26 17:02:31,2009,Q4,12341000000.0,0.0,12341000000.0,1.0,0,0.0,0.0,-373000000.0,12162000000.0,11789000000.0,12162000000.0,0.0,1044000000.0,-798000000.0,977000000.0,0.0791670043,179000000.0,0.0145044972,0.0,179000000.0,0.0145044972,-131000000.0,320000000.0,0.0259298274,0.39,0.39,819393009,819393009,https://www.sec.gov/Archives/edgar/data/1099219/000095012310018284/0000950123-10-018284-index.htm,https://www.sec.gov/Archives/edgar/data/1099219/000095012310018284/y81517e10vk.htm,15.061148758226713,0.3905329878156185,1.3241509118123316,1.5840994318271029,22.56060253987351,40.88148133077372,34.72204386356926,40.42138465450344,28.87991444896499,25810879783.5,38318879783.5,20.16474983085937,2.0914739310833808,23.788829293548385,19.88511539560863,0.7792904738232541,0.7792904738232541,3.105006059760149,39.2209619073695,35.31693989262673,29.521479031972262,0.0123978726290672,0.050288870851654,0.6829503940098427,0.0419421709801711,12.80245649948823,319.3466826060968,0.171455938697318,0.0,0.0248344886101003,2.003125,0.0,0.0,0.0093581846568047,0.1963133640552995,0.0172595413661777,-0.8223938223938224,0.0,18.84628326002959,0.0005756165131379,0.0005989514605992,-579.1225880473677,532594000000.0,28451000000.0,28451000000.0,537641000000.0,16985500000.0,0.0,0.0,124.47289522729116,0.0,0.0,0.7230489805483946,0.0,0.0,0.0096615440355061,0.2599485200147711,2010-02-02,0.95,amc,1536822916.0,2025-04-25,2009-12-31,0.0105263157894736,31.75953125,7154495.53125
2009-09-30,MET,USD,1099219,2009-11-04,2009-11-03 21:45:54,2009,Q3,10238000000.0,0.0,10238000000.0,1.0,0,942000000.0,815000000.0,1757000000.0,9656000000.0,11413000000.0,11413000000.0,0.0,321000000.0,230000000.0,-624000000.0,-0.0609494042,-624000000.0,-0.0609494042,-551000000.0,-1175000000.0,-0.1147685095,-551000000.0,-620000000.0,-0.0605587029,-0.76,-0.75,815068638,821800000,https://www.sec.gov/Archives/edgar/data/1099219/000095012309057114/0000950123-09-057114-index.htm,https://www.sec.gov/Archives/edgar/data/1099219/000095012309057114/y79748e10vq.htm,12.560905330772892,-0.7606721337252581,4.8400831734615215,4.988536928591773,27.510566539550748,42.4418243902546,36.26688431115908,42.04308496531797,29.61959137483094,27655278887.34,35914278887.34,-11.151322131991936,2.701238414469623,7.010210110859315,6.801593430236104,0.8070292660015175,0.8070292660015175,3.5079389419163896,-57.55493411432692,9.103746232532318,8.832828058863747,-0.0224188663049,0.1470243716060057,0.6951383214660908,0.044509260228105,-13.235576923076923,208.4777821470704,-1.94392523364486,-6.362903225806452,0.0010847838534629,-0.0483870967741935,0.09201015823403,0.0,0.0094041017055561,0.0306717363751584,0.0118187145926938,0.0,0.0,,-0.0006196638426778,-0.0011694604826099,-571.1160119499041,527616000000.0,29560000000.0,29560000000.0,532649000000.0,16816500000.0,0.0,0.0,148.59054502832586,0.0,0.0,0.6056912974028279,0.0,0.0,-0.0180926812186296,0.148453755130252,2009-10-29,0.87,amc,1251000000.0,2025-04-25,2009-09-30,0.0,31.30078125,6670155.3125
2009-06-30,MET,USD,1099219,2009-08-04,2009-08-04 06:16:05,2009,Q2,8265000000.0,-1000000.0,8266000000.0,1.0001209921,0,0.0,0.0,0.0,10640000000.0,10640000000.0,10640000000.0,0.0,0.0,130000000.0,0.0,0.0,-2375000000.0,-0.2873563218,0.0,-2375000000.0,-0.2873563218,-956000000.0,-1402000000.0,-0.169630974,-1.71,-1.71,821594380,821594380,https://www.sec.gov/Archives/edgar/data/1099219/000095012309029190/0000950123-09-029190-index.htm,https://www.sec.gov/Archives/edgar/data/1099219/000095012309029190/y78491e10vq.htm,10.059708538902129,-1.7064381574761989,-0.2945492397355493,-0.3420179188664849,25.961716047765567,33.607824824702426,27.478279488718023,33.21955537232375,31.26238521738671,21969433721.2,34441433721.2,-3.917516712054208,2.6581287018995763,-90.78278397190084,-78.18303815373665,0.8049475587586561,0.8049475587586561,4.16714261599516,0.0,-142.31997405454544,-122.56737979074732,-0.0638159370783918,-0.0127904980877518,0.9410837943795112,0.0504164237609847,0.0,100.68283433133732,0.0,0.1706629055007052,0.0014110513904637,-0.0221112696148359,0.0,0.0,0.0098850344582565,-0.1611570247933884,0.0047186932849364,0.3,0.0,,-0.0027867023825421,-0.0027794243300734,-545.2416799637797,499411000000.0,22576000000.0,22576000000.0,504447000000.0,17622000000.0,0.0,0.0,182.17785843920143,0.0,0.0,0.4940227136879856,0.0,0.0,-0.0513684827611475,0.0474686791309356,2009-07-30,0.68,amc,939636363.0,2025-04-25,2009-06-30,0.2941176470588234,26.23269841269841,12221830.984126983
2009-03-31,MET,USD,1099219,2009-05-07,2009-05-07 06:05:53,2009,Q1,10214000000.0,-2000000.0,10216000000.0,1.0001958097,0,0.0,0.0,0.0,11176000000.0,11176000000.0,11176000000.0,0.0,0.0,129000000.0,0.0,0.0,-584000000.0,-0.0571764245,-378000000.0,-962000000.0,-0.0941844527,-377000000.0,-548000000.0,-0.0536518504,-0.68,-0.68,809101944,809101944,https://www.sec.gov/Archives/edgar/data/1099219/000095012309008183/0000950123-09-008183-index.htm,https://www.sec.gov/Archives/edgar/data/1099219/000095012309008183/y76874e10vq.htm,12.623872771216575,-0.6772941334077427,-1.2173991266544282,-1.432452373393383,37.4736462133627,28.9567960795803,22.764745699337983,28.562531793892216,30.716772075880712,16416678443.76,21845678443.76,-7.489360603905109,1.6072722188917172,-16.6666786231066,-14.164519796169111,0.7103712005088706,0.7103712005088706,2.1387975762443707,0.0,-22.178353750010157,-18.848730322484904,-0.0333806867130479,-0.0705989341248587,1.0754218952834271,0.0505750822127437,0.0,74.68109933978198,0.0,1.7974452554744529,0.0018274098565537,-0.0547445255474452,0.0,0.0,0.0101951942174323,-0.1766497461928934,0.0170354415508126,1.359375,0.0,,-0.0007236240280845,-0.0011266493694464,-523.7578566490257,479885000000.0,18419000000.0,18419000000.0,484895000000.0,17743500000.0,0.0,0.0,163.1349128646955,0.0,0.0,0.5516906125094523,0.0,0.0,-0.0237126784941583,0.2150532467389548,2009-04-30,0.34,bmo,2011100000.0,2025-04-25,2009-03-31,-0.411764705882353,22.074918032786883,16878426.360655736
2008-12-31,MET,USD,1099219,2009-03-02,2009-02-27 20:20:55,2008,Q4,13885000000.0,0.0,13885000000.0,1.0,0,852000000.0,0.0,852000000.0,12436000000.0,12436000000.0,12436000000.0,0.0,0.0,-2587000000.0,-1405000000.0,-0.1011883327,1220000000.0,0.0878646021,229000000.0,1449000000.0,0.10435722,502000000.0,985000000.0,0.0709398632,1.22,1.22,790623284,809101944,https://www.sec.gov/Archives/edgar/data/1099219/000095012309003725/0000950123-09-003725-index.htm,https://www.sec.gov/Archives/edgar/data/1099219/000095012309003725/y74655e10vk.htm,17.562093453346865,1.2458525064131554,4.8227772659424994,4.8227772659424994,48.17085553984266,30.33682473738024,24.002581740307058,30.019353692598813,20.34344336360324,24564665433.88,16441665433.88,6.234686658345178,1.769151273595967,6.442346035635982,6.442346035635983,1.0349989649397489,1.0349989649397489,1.1841314680504142,-11.702252977850534,4.312002474135851,4.312002474135851,0.0400982461027729,0.155222956740988,0.6776775933260302,0.0320604052798807,5.781494661921708,123.42693836978133,0.0,3.878942014242116,0.0253616317990127,0.63248730964467,0.0613611811307166,0.0,0.0099824987342478,0.1683713611329661,0.0462369463449766,0.0,0.0,29.008498037189256,0.0015936745474489,0.0019832081663881,-539.9262311632098,492646000000.0,18977000000.0,18977000000.0,497654000000.0,17419000000.0,0.0,0.0,110.0158444364422,0.0,0.0,0.8180639839745478,0.0,0.0,0.0415016432122693,0.8120175727078638,2009-02-03,0.14,bmo,910736842.0,2025-04-25,2008-12-31,0.357142857142857,27.67765625,16299389.921875
2008-09-30,MET,USD,1099219,2008-11-07,2008-11-06 21:56:23,2008,Q3,13351000000.0,-27000000.0,13378000000.0,1.0020223204,0,0.0,0.0,0.0,11772000000.0,11772000000.0,11772000000.0,0.0,263000000.0,-791000000.0,1061000000.0,0.0794697026,1061000000.0,0.0794697026,518000000.0,1579000000.0,0.1182682945,529000000.0,630000000.0,0.0471874766,0.88,0.87,716011791,726900000,https://www.sec.gov/Archives/edgar/data/1099219/000095012308014622/0000950123-08-014622-index.htm,https://www.sec.gov/Archives/edgar/data/1099219/000095012308014622/y72177e10vq.htm,18.646340979041224,0.879873778503181,2.212254071665141,1.7709205573683071,31.813721905593592,38.872264884252445,31.83886115640797,38.872264884252445,29.4282863283183,35728988370.9,36327988370.9,14.178169988452382,2.6761282578758148,22.556179527083337,28.177435623738173,1.2836916024467355,1.2836916024467355,2.7209938110179013,34.23938583496702,22.9343360927399,28.649833100078865,0.0176327410521679,0.0354893899272205,0.7476017676858405,0.0399156721958031,0.5645617342130066,1.0780273796398383,4.034220532319392,2.5142857142857142,0.0008396543358175,0.0476190476190476,0.0,0.0,0.0096604827555778,0.1994949494949495,0.0236686390532544,0.0,0.0,27.740952545116105,0.0162159893803719,0.0012203082537388,-638.6602228454084,37367000000.0,22797000000.0,22797000000.0,42403000000.0,16633500000.0,0.0,0.0,120.42918133473148,0.0,0.0,0.7473271760425413,0.0,0.0,0.0226350016167858,0.4413335142968337,2008-10-29,0.89,bmo,1367363636.0,2025-04-25,2008-09-30,-0.0112359550561797,47.51671875,11341659.828125
2008-06-30,MET,USD,1099219,2008-08-04,2008-08-04 06:21:10,2008,Q2,12049000000.0,-1666000000.0,13715000000.0,1.138268736,0,0.0,0.0,0.0,10828000000.0,10828000000.0,10828000000.0,0.0,0.0,113000000.0,0.0,0.0,945000000.0,0.0784297452,276000000.0,1221000000.0,0.1013362105,342000000.0,946000000.0,0.0785127396,1.33,1.3,712837796,726534514,https://www.sec.gov/Archives/edgar/data/1099219/000095012308008734/0000950123-08-008734-index.htm,https://www.sec.gov/Archives/edgar/data/1099219/000095012308008734/y63995e10vq.htm,16.90286355130361,1.327090125282863,2.6443603447761066,2.160379273716289,22.157915992434276,45.649936328572565,38.40986007425454,45.649936328572565,30.00402071834025,33524761545.88,41097761545.880005,8.859609288023256,2.782368789599137,17.78501938773475,21.76932567914286,1.0302314478928123,1.0302314478928123,3.4108856789675497,0.0,21.802526019034485,26.686858146675327,0.0282179486558125,0.0459361954862064,0.6572631449555945,0.0384823682453889,0.0,453.9373454245672,0.0,1.992600422832981,0.0009246896493976,0.0327695560253699,0.0,0.0,0.009285931480945,0.1830238726790451,0.0286330815835339,0.0,0.0,36.91998840374144,0.0012253436623525,0.001718044552927,-695.6694815884875,549413000000.0,27380000000.0,27380000000.0,554574000000.0,15200000000.0,0.0,0.0,115.04523196945804,0.0,0.0,0.7823009998701468,0.0,0.0,0.0290710181002427,0.4839810710598179,2008-07-29,1.51,bmo,1621507692.0,2025-04-25,2008-06-30,-0.1390728476821192,53.28046875,4947287.59375
2008-03-31,MET,USD,1099219,2008-05-09,2008-05-09 06:07:51,2008,Q1,11624000000.0,-1403000000.0,13027000000.0,1.1206985547,0,852000000.0,0.0,852000000.0,9940000000.0,10792000000.0,10792000000.0,0.0,1630000000.0,221000000.0,650000000.0,0.0559187887,832000000.0,0.0715760496,0.0,832000000.0,0.0715760496,207000000.0,660000000.0,0.0567790778,0.9,0.88,720392991,732722142,https://www.sec.gov/Archives/edgar/data/1099219/000095012308005372/0000950123-08-005372-index.htm,https://www.sec.gov/Archives/edgar/data/1099219/000095012308005372/y57313e10vq.htm,16.135637277459296,0.9161666038474824,4.9833910724431245,4.9833910724431245,18.72033760528356,45.80694206115617,38.73580163691515,45.80694206115617,22.74869439977658,38685103616.700005,42569103616.700005,14.653448339659093,3.3280371315123887,10.77579487930362,10.775794879303623,1.1723113917603565,1.1723113917603565,3.662173401299037,65.49092864107693,11.857689029721447,11.857689029721447,0.0170608306116849,0.0928005786302257,0.4472256735052577,0.0264892341491782,5.975384615384615,519.8097928436912,0.5104294478527608,5.4393939393939394,0.0008530415305842,0.05,0.073296627666896,0.0,0.0091432550993301,0.0,0.0,0.0,0.0,30.72869647687934,0.0011226832308847,0.00119556987019,-693.2306480477681,550976000000.0,27905000000.0,27905000000.0,556070000000.0,14185500000.0,394500000.0,0.0,116.1235375086029,0.0,0.0,0.7750366715562075,0.0,0.0,0.020000606078972,0.0,2008-05-01,1.48,bmo,1360236842.0,2025-04-25,2008-03-31,0.027027027027027,52.16573770491804,7265334.163934426
2007-12-31,MET,USD,1099219,2008-02-28,2008-02-28 17:01:18,2007,Q4,13821000000.0,0.0,13821000000.0,1.0,0,902000000.0,0.0,902000000.0,11343000000.0,12245000000.0,12245000000.0,0.0,310000000.0,-3508000000.0,-1622000000.0,-0.1173576442,1576000000.0,0.1140293756,0.0,1576000000.0,0.1140293756,464000000.0,1118000000.0,0.0808913971,1.55,1.55,723529412,723529412,https://www.sec.gov/Archives/edgar/data/1099219/000095012308002274/0000950123-08-002274-index.htm,https://www.sec.gov/Archives/edgar/data/1099219/000095012308002274/y48170e10vk.htm,19.102195115739125,1.5452032515300151,-7.926422761649944,-7.926422761649944,17.427073165064368,47.81008128526501,41.156585352469406,48.621382098009306,19.5596747903871,39729000012.92,43610000012.92,8.883944546717352,2.874538746322263,-6.927462949070619,-6.927462949070619,1.1293385261923303,1.1293385261923303,3.155343319073873,-26.886559810678172,-7.604184832244115,-7.604184832244115,0.0281406529144056,-0.1443529914705872,0.3934733790045197,0.0247814924753205,-2.3927250308261407,380.2554945054945,5.083870967741936,-4.991296779808529,0.0025673940941586,0.0912343470483005,0.0652630055712321,0.0,0.0086185598017767,0.0,0.0,0.0,0.0,41.11475584889035,0.001993642575026,0.0020189689172692,-692.8968493681637,552196000000.0,29778000000.0,29682000000.0,557010000000.0,14961000000.0,1232000000.0,0.0,87.0827002387671,0.0,0.0,1.0335003364989157,0.0,0.0,0.0317803234884448,0.0,2008-02-06,1.43,bmo,4218499999.0,2025-04-25,2007-12-31,0.1188811188811189,58.24921875,4295443.546875
2007-09-30,MET,USD,1099219,2007-11-05,2007-11-05 16:13:22,2007,Q3,11678000000.0,-1377000000.0,13055000000.0,1.1179140264,0,890000000.0,0.0,890000000.0,9465000000.0,10355000000.0,10355000000.0,0.0,264000000.0,-602000000.0,985000000.0,0.0843466347,985000000.0,0.0843466347,338000000.0,1323000000.0,0.1132899469,380000000.0,1019000000.0,0.0872580921,1.37,1.34,743958113,762693073,https://www.sec.gov/Archives/edgar/data/1099219/000095012307014869/0000950123-07-014869-index.htm,https://www.sec.gov/Archives/edgar/data/1099219/000095012307014869/y41440e10vq.htm,15.697120302793175,1.3697007696991137,3.7381136806018,3.7381136806018,13.917450215372542,46.70424233951461,40.10575256674431,46.70424233951461,24.94764110462762,46839602794.48,56508602794.48,11.491561038881256,4.010926767809557,16.84271945144912,16.84271945144912,1.3480574107661314,1.3480574107661314,4.83889388546669,57.3691398928731,20.31952635544049,20.31952635544049,0.0217550948173302,0.0593728348253144,0.5265642088297934,0.0324928917359437,9.816243654822337,252.22232263895165,3.731060606060606,2.633522727272727,0.0007258814757499,0.0333660451422963,0.0762116800822058,0.0,0.0087181682079005,0.0,0.0,0.0,0.0,37.93868507624585,0.0012476052850158,0.0018256152269567,-679.5614446105247,555955000000.0,29837000000.0,29837000000.0,560864000000.0,15923000000.0,1529500000.0,0.0,127.53981846206544,-109.47712418300654,0.0,0.705661973533144,-0.822089552238806,0.0,0.0293271167904219,0.0,2007-10-31,1.39,bmo,9835164473.0,2025-04-25,2007-09-30,0.0935251798561151,57.42825396825397,4660401.158730159
2007-06-30,MET,USD,1099219,2007-08-03,2007-08-03 17:21:56,2007,Q2,13217000000.0,-2000000.0,13219000000.0,1.0001513203,0,898000000.0,0.0,898000000.0,10688000000.0,11586000000.0,11586000000.0,0.0,267000000.0,-744000000.0,1156000000.0,0.0874631157,1156000000.0,0.0874631157,475000000.0,1631000000.0,0.1234016797,476000000.0,1163000000.0,0.0879927366,1.56,1.52,744491940,763556310,https://www.sec.gov/Archives/edgar/data/1099219/000095012307010822/0000950123-07-010822-index.htm,https://www.sec.gov/Archives/edgar/data/1099219/000095012307010822/y37646e10vq.htm,17.753046460113456,1.562139141492922,2.593715117990397,3.1256214808719083,12.447414810158993,45.07100506689166,38.48396263363173,45.07100506689166,24.20442590688087,42778506872.4,54027506872.4,9.195723747291488,3.2366275911628963,22.15355094375971,18.38354399329609,1.274877272311131,1.274877272311131,4.087728446122418,46.73659764048443,27.97902997017089,23.217665179372585,0.0271865496257034,0.0543964754763645,0.5290716733720757,0.0321284050354348,9.730968858131488,1.0893676949149844,4.329588014981273,1.7797235023041476,0.0007947916485588,0.0292347377472055,0.0679428009381856,0.0,0.0088749900464018,0.2050750906266183,0.0299614133313157,0.0,0.0,39.80152730903537,0.0159551455804564,0.0021235803235584,-669.2742032909047,44928000000.0,28651000000.0,28651000000.0,49832000000.0,15439000000.0,1659500000.0,0.0,104.16357721116744,-62280.0,0.0,0.8640256259397268,-0.0014450867052023,0.0,0.034659514230368,0.5319063628815108,2007-07-31,1.34,bmo,1019023255.0,2025-04-25,2007-06-30,0.2835820895522387,58.96888888888889,2969973.333333333
2007-03-31,MET,USD,1099219,2007-05-04,2007-05-04 17:12:09,2007,Q1,12912000000.0,0.0,12912000000.0,1.0,0,866000000.0,0.0,866000000.0,10603000000.0,11469000000.0,11469000000.0,0.0,1628000000.0,2034000000.0,1027000000.0,0.0795384139,1027000000.0,0.0795384139,416000000.0,1443000000.0,0.1117565056,416000000.0,1017000000.0,0.0787639405,1.36,1.32,750381679,767968750,https://www.sec.gov/Archives/edgar/data/1099219/000095012307006803/0000950123-07-006803-index.htm,https://www.sec.gov/Archives/edgar/data/1099219/000095012307006803/y33629e10vq.htm,17.207243142192976,1.3553102753725417,2.9451678550376763,2.417436420379341,12.031210586099611,45.40222789741112,38.876215686497325,45.40222789741112,25.481698894197017,42231480894.12,53179480894.12,10.381386650471976,3.270715682630112,19.109267372904977,23.280860470848957,1.2395867473104585,1.2395867473104585,4.118609115096035,51.78138353857839,24.06311352675113,29.31614161748622,0.0240815613961005,0.0429537388127104,0.5134579823299774,0.0325264173712228,10.660175267770205,1.088415144744313,0.6308353808353808,2.151898734177215,0.0008050866150122,0.0334316617502458,0.0670693928128872,0.0,0.0091054630919155,0.1791855203619909,0.0306691449814126,0.0,0.0,37.20910352143358,0.0136484282766539,0.0019083826222715,-643.7074138639784,43290000000.0,29172000000.0,29172000000.0,48187000000.0,15035500000.0,1979000000.0,0.0,108.603624535316,0.0,0.0,0.8287016237725435,0.0,0.0,0.0298511843611494,0.5277314346583347,2007-05-01,1.28,bmo,1161985815.0,2025-04-25,2007-03-31,0.1015624999999999,55.88377049180328,2977476.5901639345
2006-12-31,MET,USD,1099219,2007-03-01,2007-03-01 16:58:25,2006,Q4,12893000000.0,0.0,12893000000.0,1.0,0,951000000.0,0.0,951000000.0,10875000000.0,11826000000.0,11826000000.0,0.0,229000000.0,-679000000.0,617000000.0,0.0478554254,1067000000.0,0.0827580858,0.0,1067000000.0,0.0827580858,261000000.0,3863000000.0,0.2996199488,5.15,5.15,750381679,750381679,https://www.sec.gov/Archives/edgar/data/1099219/000095012307003039/0000950123-07-003039-index.htm,https://www.sec.gov/Archives/edgar/data/1099219/000095012307003039/y30660e10vk.htm,17.181922694570478,5.148046798194816,0.9648423199308948,0.9648423199308948,13.081342834864175,45.04107835500605,38.51506614409225,45.04107835500605,19.439440498386688,39462572498.61,46713572498.61,2.5538812126980326,3.060775032855813,54.506315605814926,54.50631560581492,1.1676008195339962,1.1676008195339962,3.623173233429768,75.7108144223825,64.52150897598067,64.52150897598067,0.0978902224414302,0.0183464978119584,0.4248180365702113,0.0272078678832324,11.752025931928689,1.0869216312410603,4.6593886462882095,0.1874191043230649,0.0122647858300937,0.125291224436966,0.0737609555572791,0.0,0.0092796301033701,0.0,0.0,0.0,0.0,72.22987977483031,0.01673727053742,0.0073888045170594,-630.6570552610733,41810000000.0,28901000000.0,28901000000.0,46707000000.0,14492000000.0,2052000000.0,0.0,101.14790971845188,0.0,0.0,0.8897860593512767,0.0,0.0,0.1142967039469791,0.0,2007-02-13,1.18,bmo,1068941176.0,2025-04-25,2006-12-31,0.152542372881356,51.827301587301584,2583491.1746031744
2006-09-30,MET,USD,1099219,2006-11-08,2006-11-07 21:55:45,2006,Q3,12528000000.0,-23000000.0,12551000000.0,1.0018358876,0,847000000.0,11000000.0,858000000.0,10365000000.0,11212000000.0,11212000000.0,0.0,246000000.0,-603000000.0,957000000.0,0.0763888889,1316000000.0,0.1050446999,0.0,1316000000.0,0.1050446999,357000000.0,1033000000.0,0.0824553001,1.35,1.33,762595420,774418605,https://www.sec.gov/Archives/edgar/data/1099219/000095012306013657/0000950123-06-013657-index.htm,https://www.sec.gov/Archives/edgar/data/1099219/000095012306013657/y26079e10vq.htm,16.4281081048192,1.3545845843133966,2.442972972483889,2.442972972483889,15.424954951866876,41.45055054225215,35.00414413713631,41.45055054225215,19.403473469588896,38518694664.2,47145694664.2,9.322046143320424,3.074608450207535,20.67562783907676,20.67562783907676,1.2185604132932617,1.2185604132932617,3.763225947014687,49.264048760919536,25.306331006011806,25.306331006011806,0.0268181465910393,0.0483661249749334,0.460329009807023,0.028189451089336,9.014629049111807,1.083816836290174,5.349593495934959,1.9589905362776023,0.0008826882711474,0.0329138431752178,0.0676085568326947,0.0,0.0095236988217425,0.0,0.0,0.0,0.0,35.54344141267635,0.0207751131907887,0.0020204588573552,-605.7504253041541,39539000000.0,26694000000.0,26694000000.0,44455000000.0,13855000000.0,1609000000.0,0.0,104.1235632183908,-8143.043478260869,0.0,0.8643576652407893,-0.0110523786641037,0.0,0.0326795317937361,0.0,2006-10-30,1.17,bmo,11800085470.0,2025-04-25,2006-09-30,0.0598290598290598,47.84412698412698,2508941.1904761903
2006-06-30,MET,USD,1099219,2006-08-08,2006-08-08 17:19:50,2006,Q2,11351000000.0,-58000000.0,11409000000.0,1.005109682,0,832000000.0,10000000.0,842000000.0,9711000000.0,10553000000.0,10553000000.0,0.0,214000000.0,0.0,0.0,0.0,798000000.0,0.070302176,0.0,798000000.0,0.070302176,205000000.0,650000000.0,0.0572636772,0.81,0.8,761728395,771250000,https://www.sec.gov/Archives/edgar/data/1099219/000095012306010140/0000950123-06-010140-index.htm,https://www.sec.gov/Archives/edgar/data/1099219/000095012306010140/y23754e10vq.txt,14.901636954205967,0.8533225284321979,2.240956240051941,2.240956240051941,10.755802269915382,36.33972447620257,29.88991896514505,36.33972447620257,20.13578606322008,34765283947.8,45763283947.8,13.371263056846155,3.06275076625848,20.366305769068543,20.366305769068543,1.25592586784437,1.25592586784437,4.031652184635715,0.0,26.809188018629172,26.809188018629172,0.018696812629978,0.0491007063990346,0.5463675445251256,0.0302295599684192,0.0,0.0,3.7289719626168223,2.922945205479452,0.0009492227950604,0.0507692307692307,0.0732975068275922,0.0,0.0098200097940256,0.0,0.0,0.0,0.0,26.41427408396185,0.0021726625558279,0.0013120922421032,-596.6943112314988,21409000000.0,22768000000.0,-451215000000.0,26322000000.0,12973500000.0,1434500000.0,0.0,104.78724341467712,-1764.310344827586,0.0,0.8588831719128329,-0.0510114335971855,0.0,0.0234818106282287,0.0,2006-07-31,1.14,bmo,10007894736.0,2025-04-25,2006-06-30,0.1228070175438597,45.268412698412696,2848500.333333333
2006-03-31,MET,USD,1099219,2006-05-09,2006-05-08 19:50:45,2006,Q1,11532000000.0,-53000000.0,11585000000.0,1.004595907,0,800000000.0,0.0,800000000.0,9718000000.0,10518000000.0,10518000000.0,0.0,211000000.0,0.0,0.0,0.0,1014000000.0,0.0879292404,0.0,1014000000.0,0.0879292404,284000000.0,747000000.0,0.0647762747,0.94,0.93,759574468,767741935,https://www.sec.gov/Archives/edgar/data/1099219/000095012306005901/0000950123-06-005901-index.htm,https://www.sec.gov/Archives/edgar/data/1099219/000095012306005901/y20450e10vq.txt,15.182184875650664,0.9834453782614504,3.035910364485816,3.035910364485816,11.206274511059526,37.609215690488426,31.29383753852032,37.609215690488426,17.953473391367336,32737659570.8,41019659570.8,10.956378705087015,2.838853587478321,14.196730082740675,14.196730082740675,1.1459957143137187,1.1459957143137187,3.557029099098162,0.0,17.788230516392023,17.788230516392023,0.0228177581963213,0.0704387555565154,0.4699828473413379,0.0269003129620798,0.0,0.0,4.805687203791469,3.087014725568942,0.0010080134142953,0.0441767068273092,0.0693721817551162,0.0,0.0096112618262399,0.0,0.0,0.0,0.0,28.84785451977494,0.0026647003854689,0.0015112127127987,-595.6950490863524,21243000000.0,23770000000.0,-449292000000.0,26040000000.0,12458500000.0,1324500000.0,0.0,99.35744016649323,-2941.132075471698,0.0,0.905820438300212,-0.0306004618937644,0.0,0.026149053103231,0.0,2006-04-27,1.09,bmo,9034174311.0,2025-04-25,2006-03-31,0.2201834862385321,44.534838709677416,2830501.2741935486
2005-12-31,MET,USD,1099219,2006-02-28,2006-02-28 17:16:22,2005,Q4,11546000000.0,0.0,11546000000.0,1.0,0,879000000.0,0.0,879000000.0,9864000000.0,10743000000.0,10743000000.0,0.0,197000000.0,117000000.0,1117000000.0,0.0967434609,803000000.0,0.0695478954,0.0,803000000.0,0.0695478954,211000000.0,709000000.0,0.0614065477,0.93,0.93,759040221,759574468,https://www.sec.gov/Archives/edgar/data/1099219/000095012306002375/0000950123-06-002375-index.htm,https://www.sec.gov/Archives/edgar/data/1099219/000095012306002375/y16723e10vk.txt,15.211315132666732,0.934074348610836,4.193453669433414,4.193453669433414,9.649027544747195,38.33920679678976,32.01938359469359,38.33920679678976,17.960840048817385,33147286451.07,42565286451.07,11.68804176694993,2.870889178163,10.413850597257303,10.413850597257303,1.1390428662612968,1.1390428662612968,3.6865829249151214,38.10679180937332,13.372694455252908,13.372694455252908,0.021389382839726,0.0960259599137489,0.4617023469983849,0.0278960645288542,8.431512981199642,0.0,4.076142131979696,1.4688509460083063,0.012851730733037,0.6008462623413258,0.0761302615624458,0.0,0.0099596175606515,0.0,0.0,0.0,0.0,28.38595720310959,0.0022559685993559,0.0014868469617152,-574.5156685181772,19510000000.0,24304000000.0,-433034000000.0,24307000000.0,13288500000.0,21011000000.0,0.0,94.98874068941625,0.0,0.0,0.9474807155752504,0.0,0.0,0.0243634239373217,0.0,2006-02-09,1.01,bmo,11203049504.0,2025-04-25,2005-12-31,0.0297029702970297,44.26412698412698,2516512.888888889
2005-09-30,MET,USD,1099219,2005-11-09,2005-11-09 09:27:40,2005,Q3,11988000000.0,-24000000.0,12012000000.0,1.002002002,0,861000000.0,0.0,861000000.0,10166000000.0,11027000000.0,11027000000.0,0.0,194000000.0,0.0,0.0,0.0,961000000.0,0.0801634968,0.0,961000000.0,0.0801634968,238000000.0,773000000.0,0.0644811478,0.98,0.97,757142857,764948454,https://www.sec.gov/Archives/edgar/data/1099219/000095012305013332/0000950123-05-013332-index.htm,https://www.sec.gov/Archives/edgar/data/1099219/000095012305013332/y14358e10vq.txt,15.833207550157208,1.020943396419046,1.6073584908693128,1.6073584908693128,15.097547172659915,37.98094340339263,31.9530188739534,37.98094340339263,17.332264154213636,33624714279.37,39603714279.37,10.874745885954074,2.804864387668501,27.6291818236401,27.6291818236401,1.1692705873133498,1.1692705873133498,3.3036131364172503,0.0,32.542082398824974,32.542082398824974,0.0229890429276975,0.0361936160970347,0.4495948812463052,0.0267781508184226,0.0,0.0,4.953608247422681,1.5743855109961191,0.0009219409194807,0.0401034928848641,0.0718218218218218,0.0,0.0094528177225834,0.0,0.0,0.0,0.0,29.53758369506268,0.0026684579413382,0.0016162925635905,-570.3517453906325,25822000000.0,24193000000.0,-428240000000.0,30386000000.0,11106500000.0,36838000000.0,0.0,108.04054054054056,-154143.75,0.0,0.8330206378986866,-0.0005838705753557,0.0,0.0268804117258406,0.0,2005-10-27,0.93,bmo,10978709677.0,2025-04-25,2005-09-30,0.086021505376344,42.91421875,2339427.53125
2005-06-30,MET,USD,1099219,2005-08-03,2005-08-02 19:11:29,2005,Q2,10955000000.0,6000000.0,10949000000.0,0.9994523049,0,748000000.0,0.0,748000000.0,8752000000.0,9500000000.0,9500000000.0,0.0,137000000.0,1244000000.0,2836000000.0,0.258877225,1455000000.0,0.1328160657,0.0,1455000000.0,0.1328160657,450000000.0,2245000000.0,0.204929256,3.05,3.02,736065574,743377483,https://www.sec.gov/Archives/edgar/data/1099219/000095012305009298/0000950123-05-009298-index.htm,https://www.sec.gov/Archives/edgar/data/1099219/000095012305009298/y11332e10vq.txt,14.883184850593215,3.049999999048998,2.666881959079369,3.362472159307915,21.43559019376173,38.272405333278094,38.272405333278094,38.272405333278094,18.41412026151898,29479426238.7,29287426238.7,3.282786886269488,2.6909562974623458,15.01753756428935,11.910879288363637,1.0464458570409283,1.0464458570409283,2.6734300537380187,10.32701912507052,14.919728088996433,11.833303530787877,0.0761548064681397,0.08395685791031,0.4762699229704306,0.0351754314672902,-0.0677009873060648,0.0,10.62043795620438,0.8743875278396437,0.0,0.0,0.0682793245093564,0.0,0.0,0.0,0.0,0.0,0.0,51.24884208620984,0.0046657165008518,0.0058857303155747,-450.5243985232218,23600000000.0,28171000000.0,-329660000000.0,23600000000.0,7668500000.0,32666000000.0,0.0,64.26106800547694,488565.0,0.0,1.40053694707236,0.0001842129501703,0.0,0.0796918817223385,0.0,2005-07-28,0.92,bmo,7973728260.0,2025-04-25,2005-06-30,0.2717391304347825,37.58046875,2764399.8125
2005-03-31,MET,USD,1099219,2005-05-06,2005-05-06 16:05:32,2005,Q1,10257000000.0,-37000000.0,10294000000.0,1.0036072926,0,675000000.0,0.0,675000000.0,8432000000.0,9107000000.0,9107000000.0,0.0,131000000.0,187000000.0,1468000000.0,0.1431217705,1150000000.0,0.1121185532,0.0,1150000000.0,0.1121185532,350000000.0,987000000.0,0.0962269669,1.34,1.33,736567164,742105263,https://www.sec.gov/Archives/edgar/data/1099219/000095012305005789/0000950123-05-005789-index.htm,https://www.sec.gov/Archives/edgar/data/1099219/000095012305005789/y08560e10vq.txt,13.925410337732622,1.340000000325836,2.248267477750338,2.685430598424015,8.792137793424633,31.27752786981419,31.27752786981419,31.27752786981419,11.764032424339783,25661999993.76,30270999993.76,6.499999998419454,2.501901140076046,15.496376807826088,12.9737108158544,1.1138987756645544,1.1138987756645544,2.951252802355465,20.620572202833788,18.27958936821256,15.303842261759351,0.0384615384708908,0.0770789494381175,0.3704314610643285,0.0235309688395267,3.139645776566758,0.0,8.778625954198473,1.6778115501519757,0.0,0.0,0.06580871599883,0.0,0.0,0.0,0.0,0.0,0.0,30.708589441786525,0.0039467777026793,0.002721474835319,-444.6583638365937,13991000000.0,23038000000.0,-325642000000.0,13991000000.0,7105500000.0,16916000000.0,0.0,65.94033343082772,-79688.91891891892,0.0,1.364870259481038,-0.0011293916547113,0.0,0.0428422606129004,0.0,2005-05-03,0.86,bmo,7301558139.0,2025-04-25,2005-03-31,0.2906976744186048,35.80016393442623,2253475.0
2004-12-31,MET,USD,1099219,2005-03-07,2005-03-07 08:34:19,2004,Q4,10053000000.0,0.0,10053000000.0,1.0,0,0.0,0.0,0.0,9327000000.0,9327000000.0,9327000000.0,0.0,0.0,0.0,731000000.0,0.0727146126,726000000.0,0.0722172486,0.0,726000000.0,0.0722172486,220000000.0,511000000.0,0.0508305978,0.69,0.69,736567164,736567164,https://www.sec.gov/Archives/edgar/data/1099219/000095012305002679/0000950123-05-002679-index.htm,https://www.sec.gov/Archives/edgar/data/1099219/000095012305002679/y06100e10vk.txt,13.648449851343088,0.6937588654169221,3.8177102339577007,3.8177102339577007,9.115258360879093,30.9869908889938,30.9869908889938,30.9869908889938,12.024701117412288,26590074620.4,31396074620.4,13.00884276927593,2.6449890202327664,9.455929808108108,9.455929808108108,1.1650050219242902,1.1650050219242902,3.123055269113697,42.94948648481533,11.165033648790896,11.165033648790896,0.0192176971029618,0.1057537460930111,0.3880564318261479,0.0248228739265935,6.574555403556771,0.0,0.0,5.50293542074364,0.0113567867036011,0.5909546103654012,0.0,0.0,0.0,0.0,0.0,0.0,0.0,21.99303848814981,0.0025754699214634,0.0014321427770677,-437.4998177355623,13410000000.0,22824000000.0,-320574000000.0,13410000000.0,6892500000.0,15429000000.0,0.0,59.946284691136974,0.0,0.0,1.5013440860215057,0.0,0.0,0.0223887136347704,0.0,2005-02-09,0.83,bmo,9568518072.0,2025-04-25,2004-12-31,0.0481927710843373,34.72703125,2906643.109375
2004-09-30,MET,USD,1099219,2004-11-05,2004-11-05 16:02:53,2004,Q3,9972000000.0,-76000000.0,10048000000.0,1.0076213398,0,706000000.0,0.0,706000000.0,8297000000.0,9003000000.0,9003000000.0,0.0,123000000.0,0.0,0.0,0.0,969000000.0,0.0971720818,0.0,969000000.0,0.0971720818,290000000.0,695000000.0,0.0696951464,0.93,0.92,747311828,755434783,https://www.sec.gov/Archives/edgar/data/1099219/000095012304013068/0000950123-04-013068-index.htm,https://www.sec.gov/Archives/edgar/data/1099219/000095012304013068/y67850e10vq.txt,13.343827337361509,0.9299999999464748,1.1574820143218716,1.1574820143218716,8.08631654629719,30.743525178086703,30.743525178086703,30.743525178086703,11.218877697196035,25737419356.32,30406419356.32,9.25806451666187,2.580968647845969,29.754242030427744,29.754242030427747,1.1202358805797603,1.1202358805797603,3.0491796386201364,0.0,35.151929891699425,35.151929891699425,0.0270034843190033,0.0336086531452343,0.3595647442872687,0.0238633770390462,0.0,0.0,7.878048780487805,1.1736770691994574,0.0,0.0,0.0707982350581628,0.0,0.0,0.0,0.0,0.0,0.0,25.36352231679266,0.0034801059920352,0.0020076318898604,-417.2879891846165,13132000000.0,22975000000.0,-310072000000.0,13132000000.0,7327500000.0,29491500000.0,0.0,63.98014440433213,-35274.07894736842,0.0,1.4066864155734236,-0.0025514486185248,0.0,0.0302502720348204,0.0,2004-10-27,0.79,bmo,9666430379.0,2025-04-25,2004-09-30,0.0379746835443036,32.30625,1976091.3125
2004-06-30,MET,USD,1099219,2004-08-03,2004-08-03 17:18:03,2004,Q2,9471000000.0,-108000000.0,9579000000.0,1.0114032309,0,705000000.0,0.0,705000000.0,7701000000.0,8406000000.0,8406000000.0,0.0,93000000.0,0.0,0.0,0.0,1065000000.0,0.1124485271,0.0,1065000000.0,0.1124485271,237000000.0,954000000.0,0.1007285398,1.26,1.26,757142857,757142857,https://www.sec.gov/Archives/edgar/data/1099219/000095012304009182/0000950123-04-009182-index.htm,https://www.sec.gov/Archives/edgar/data/1099219/000095012304009182/y99162e10vq.txt,12.508867926888463,1.2600000002377358,2.990188679809469,2.990188679809469,8.648301888424207,28.15320755248174,28.15320755248174,28.15320755248174,12.596037738225668,24190714281.15,29175714281.15,6.339285713089622,2.5541879718245166,10.684944470472615,10.684944470472614,1.1348618071472132,1.1348618071472132,3.080531546948579,0.0,12.886799594147526,12.886799594147526,0.0394366197257507,0.0935896300409849,0.4430474760743104,0.0279219108946896,0.0,0.0,11.451612903225806,2.660399529964747,0.0,0.0,0.0744377573645866,0.0,0.0,0.0,0.0,0.0,0.0,28.251432428523877,0.0043269909122739,0.0028205742263377,-402.4214151702682,14114000000.0,21316000000.0,-302799000000.0,14114000000.0,7560000000.0,29113500000.0,0.0,71.89737092176117,-24330.0,0.0,1.2517842981760507,-0.0036991368680641,0.0,0.0447551135297429,0.0,2004-07-28,0.77,bmo,8210571428.0,2025-04-25,2004-06-30,0.1428571428571428,31.24483870967742,1907986.6935483871
2004-03-31,MET,USD,1099219,2004-05-05,2004-05-05 17:24:09,2004,Q1,9417000000.0,-86000000.0,9503000000.0,1.0091324201,0,678000000.0,0.0,678000000.0,7811000000.0,8489000000.0,8489000000.0,0.0,68000000.0,0.0,0.0,0.0,928000000.0,0.0985451842,0.0,928000000.0,0.0985451842,290000000.0,598000000.0,0.0635021769,0.79,0.79,756962025,756962025,https://www.sec.gov/Archives/edgar/data/1099219/000095012304005797/0000950123-04-005797-index.htm,https://www.sec.gov/Archives/edgar/data/1099219/000095012304005797/y96672qe10vq.txt,12.440518399849717,0.7900000003302675,1.4743143818872553,1.4743143818872553,6.7955852871219005,29.424197336715803,29.424197336715803,29.424197336715803,11.682224085151432,24071392395.0,29700392395.0,10.063291135033444,2.5561635759796117,21.56934802419355,21.56934802419355,1.080743159655188,1.080743159655188,3.1539123282361685,0.0,26.61325483422939,26.61325483422939,0.0248427673059832,0.0463620874807313,0.3939747676559063,0.0260221284470053,0.0,0.0,13.647058823529411,1.6934749620637328,0.0,0.0,0.0719974514176489,0.0,0.0,0.0,0.0,0.0,0.0,22.86952356037998,0.0032951141411011,0.0017733598645366,-401.7777510040877,12698000000.0,22273000000.0,-302242000000.0,12698000000.0,7300500000.0,15040000000.0,0.0,72.19496654985664,-30381.279069767443,0.0,1.2466243050039714,-0.0029623505907478,0.0,0.0268486508328469,0.0,2004-05-03,0.75,bmo,9122880000.0,2025-04-25,2004-03-31,0.04,30.701290322580647,2142919.7258064514
2003-12-31,MET,USD,1099219,2004-03-05,2004-03-05 17:24:50,2003,Q4,9746000000.0,0.0,9746000000.0,1.0,0,0.0,0.0,0.0,9019000000.0,9019000000.0,9019000000.0,0.0,0.0,0.0,912000000.0,0.093576852,727000000.0,0.0745947055,0.0,727000000.0,0.0745947055,211000000.0,701000000.0,0.0719269444,0.92,0.92,739039172,757971014,https://www.sec.gov/Archives/edgar/data/1099219/000095012304002912/0000950123-04-002912-index.htm,https://www.sec.gov/Archives/edgar/data/1099219/000095012304002912/y94438e10vk.txt,13.187392995184837,0.9485288825799886,3.1392111377825587,3.1392111377825587,7.5219287564367425,28.61688635903592,28.61688635903592,28.61688635903592,12.644796587318108,22171175160.0,27783175160.0,7.906981155492154,2.2748999753745127,9.55654101724138,9.55654101724138,1.0483320800037823,1.0483320800037823,2.850725955263698,30.46400785087719,11.975506534482758,11.975506534482758,0.0316176294193329,0.1046403712594186,0.4418648635869308,0.0285918841271443,6.1535087719298245,0.0,0.0,3.309557774607703,0.006833,0.2161136089419115,0.0,0.0,0.0,0.0,0.0,0.0,0.0,24.71312855394343,0.0027531159296568,0.0021447737584941,-398.9609227371239,12606000000.0,21149000000.0,-293086000000.0,12606000000.0,7090000000.0,13437000000.0,0.0,65.07592858608659,0.0,0.0,1.3829998580956435,0.0,0.0,0.0331457752139581,0.0,2004-02-10,0.74,bmo,9746000000.0,2025-04-25,2003-12-31,0.0,28.11078125,1876311.96875
2003-09-30,MET,USD,1099219,2003-11-07,2003-11-07 17:25:09,2003,Q3,8721000000.0,-95000000.0,8816000000.0,1.0108932462,0,0.0,0.0,0.0,8027000000.0,8027000000.0,8027000000.0,0.0,0.0,0.0,721000000.0,0.0826740053,694000000.0,0.07957803,0.0,694000000.0,0.07957803,143000000.0,574000000.0,0.0658181401,0.75,0.75,765333333,765333333,https://www.sec.gov/Archives/edgar/data/1099219/000095012303012333/0000950123-03-012333-index.htm,https://www.sec.gov/Archives/edgar/data/1099219/000095012303012333/y91191e10vq.txt,11.395034848168567,0.750000000326655,2.281358886011045,1.908972126266974,10.5705574958931,27.67682928034705,27.67682928034705,27.314895482280008,11.28658537076942,19133333325.0,22399333325.0,8.333333329703834,2.193938003095975,10.95838105670103,13.096052926078029,0.9152515343219324,0.9152515343219324,2.56843634044261,31.067036511789183,12.828942339633448,15.33150809377139,0.0300000000130662,0.0763588850506789,0.4132025831140875,0.027423702231549,4.529819694868238,0.0,0.0,3.041811846689896,0.0,0.0,0.0,0.0,0.0,0.1632302405498281,0.0326797385620915,0.0,0.0,21.46948675362857,0.0029333631460985,0.0018223205696815,-366.3256752466575,15223000000.0,21182000000.0,-278578000000.0,20587000000.0,7322500000.0,24982500000.0,0.0,73.61197110423116,-24465.78947368421,0.0,1.2226272255712884,-0.0036786060019361,0.0,0.0274575460416168,0.3723867597440708,2003-11-03,0.73,bmo,7849863013.0,2025-04-25,2003-09-30,0.1095890410958905,25.4878125,2216720.265625
2003-06-30,MET,USD,1099219,2003-08-13,2003-08-13 13:48:24,2003,Q2,8863000000.0,-15000000.0,8878000000.0,1.0016924292,0,0.0,0.0,0.0,8079000000.0,8079000000.0,8079000000.0,0.0,0.0,0.0,798000000.0,0.0900372334,784000000.0,0.0884576329,0.0,784000000.0,0.0884576329,212000000.0,580000000.0,0.0654405957,0.79,0.79,734177215,734177215,https://www.sec.gov/Archives/edgar/data/1099219/000095012303009363/0000950123-03-009363-index.htm,https://www.sec.gov/Archives/edgar/data/1099219/000095012303009363/y87663e10vq.txt,12.072017244501383,0.7900000002043104,3.030603449059639,3.112327587011809,11.378724140873809,28.46724138667256,28.46724138667256,28.08994828312671,12.265431037654851,18530632906.6,21821632906.6,7.987341770086206,2.0907856150964683,8.328374340044943,8.10968617356674,0.8985420601561364,0.8985420601561364,2.4621045815863702,27.345404644862157,9.807475463640449,9.549948755623632,0.0312995245722785,0.1233093338752697,0.4366484022693109,0.0290910853026215,4.12406015037594,0.0,0.0,3.836206896551724,0.0,0.0,0.0,0.0,0.0,0.0,0.0,0.0,0.0,22.34499565588918,0.0031361712393359,0.0018737178762377,-374.1017759588194,15866000000.0,20900000000.0,-272779000000.0,15866000000.0,7740000000.0,22369000000.0,0.0,76.28116890443417,-144840.0,0.0,1.179845580404686,-0.0006213753106876,0.0,0.0281239392910827,0.0,2003-08-04,0.7,bmo,6468257142.0,2025-04-25,2003-06-30,0.2714285714285715,24.92015873015873,2548006.746031746
2003-03-31,MET,USD,1099219,2003-05-14,2003-05-13 21:10:44,2003,Q1,8362000000.0,-15000000.0,8377000000.0,1.0017938292,0,0.0,0.0,0.0,7952000000.0,7952000000.0,7952000000.0,0.0,0.0,0.0,483000000.0,0.0577613011,410000000.0,0.0490313322,0.0,410000000.0,0.0490313322,115000000.0,362000000.0,0.0432910787,0.49,0.47,738775510,770212766,https://www.sec.gov/Archives/edgar/data/1099219/000095012303005825/0000950123-03-005825-index.htm,https://www.sec.gov/Archives/edgar/data/1099219/000095012303005825/y85845e10vq.txt,11.318729284894676,0.4900000001353591,1.3211049727406368,1.3211049727406368,10.999281770994276,24.792375697456457,24.792375697456457,24.417430945971667,10.723149174232914,17368612240.100002,20352612240.1,11.994897955870169,2.0770882851112176,17.79570926239754,17.795709262397544,0.9628367559232772,0.9628367559232772,2.433940712760106,42.13791354057972,20.853086311577872,20.853086311577872,0.0208421948164763,0.0561933208311627,0.4391595986473751,0.0276431445210952,6.178053830227744,0.0,0.0,2.696132596685083,0.0,0.0,0.0,0.0,0.0,0.0,0.0,0.0,0.0,16.40738176107641,0.0017140499805353,0.001263168179328,-344.0327901502853,16094000000.0,18316000000.0,-252171000000.0,20663000000.0,7818500000.0,19745000000.0,0.0,85.75938770629037,-123588.0,0.0,1.0494477911646587,-0.0007282260413632,0.0,0.020067631243417,0.0,2003-05-05,0.65,bmo,8763630769.0,2025-04-25,2003-03-31,-0.0461538461538461,23.742622950819676,2580669.0
2002-12-31,MET,USD,1099219,2003-03-19,2003-03-19 17:15:18,2002,Q4,8801000000.0,0.0,8801000000.0,1.0,0,0.0,0.0,0.0,8593000000.0,8593000000.0,8593000000.0,0.0,0.0,0.0,604000000.0,0.0686285649,208000000.0,0.023633678,0.0,208000000.0,0.023633678,43000000.0,561000000.0,0.0637427565,0.76,0.76,738775510,738775510,https://www.sec.gov/Archives/edgar/data/1099219/000095012303002997/0000950123-03-002997-index.htm,https://www.sec.gov/Archives/edgar/data/1099219/000095012303002997/y84177e10vk.txt,11.912955804395844,0.7593646410937471,3.325773481581705,3.325773481581705,5.744640885564818,25.24447514509516,25.24447514509516,23.532182326942596,7.561160223083194,17804489791.0,21067489791.0,7.934264612745099,2.0230075890239747,7.246434591371592,7.246434591371592,1.0241294098935865,1.0241294098935865,2.393760912509942,34.87994998509934,8.57447691941392,8.57447691941392,0.03150890626945,0.1379988996506931,0.321311475409836,0.0201350990894869,5.402317880794702,0.0,0.0,3.995121951219512,0.0077663900414937,0.2464823747,0.0,0.0,0.0,0.0,0.0,0.0,0.0,20.051531405460185,0.0010516520497654,0.0020221608645188,-336.74674733059305,11913000000.0,18650000000.0,-246863000000.0,11913000000.0,7917000000.0,18149500000.0,0.0,78.42404272241791,0.0,0.0,1.1476072499674013,0.0,0.0,0.0322691975841242,0.0,2003-02-10,0.64,bmo,8663484375.0,2025-04-25,2002-12-31,0.015625,22.8390625,3255535.359375
2002-09-30,MET,USD,1099219,2002-11-14,2002-11-14 16:01:14,2002,Q3,8124000000.0,0.0,8124000000.0,1.0,0,0.0,0.0,0.0,7686000000.0,7686000000.0,7686000000.0,0.0,0.0,0.0,452000000.0,0.0556376169,438000000.0,0.0539143279,0.0,438000000.0,0.0539143279,124000000.0,328000000.0,0.0403741999,0.47,0.45,697872340,728888889,https://www.sec.gov/Archives/edgar/data/1099219/000095012302010936/0000950123-02-010936-index.htm,https://www.sec.gov/Archives/edgar/data/1099219/000095012302010936/y65151e10vq.txt,11.64109756807384,0.4700000002865853,0.9242378054416084,1.354115854484217,9.03460366404549,26.279878064804805,26.279878064804805,24.470091478335423,6.170182930591575,14152851055.2,14811851055.2,10.787234035975612,1.7421037734121123,21.942404736744187,14.976561963174603,0.8287668241025942,0.8287668241025942,1.8232214494337768,32.76958198053097,22.964110163100777,15.6739164605291,0.023175542420443,0.0667709987418253,0.2521520173332552,0.0160711219927295,1.4579646017699115,0.0,0.0,2.3118279569892475,0.0,0.0,0.0,0.0,0.0,0.0,0.0,0.0,0.0,16.08636744393166,0.0020506256367388,0.00122418207469,-339.84044990234173,14470000000.0,18340000000.0,-235124000000.0,14470000000.0,8167500000.0,15998500000.0,0.0,90.45420974889215,0.0,0.0,0.9949785670545008,0.0,0.0,0.0192071206886455,0.0,2002-11-05,0.6,bmo,6905400000.0,2025-04-25,2002-09-30,0.1499999999999999,23.2134375,2572419.84375
2002-06-30,MET,USD,1099219,2002-08-14,2002-08-14 18:08:31,2002,Q2,8201000000.0,-71000000.0,8272000000.0,1.0086574808,0,0.0,0.0,0.0,7715000000.0,7715000000.0,7715000000.0,0.0,0.0,0.0,557000000.0,0.0679185465,486000000.0,0.0592610657,71000000.0,557000000.0,0.0679185465,161000000.0,387000000.0,0.0471893672,0.55,0.53,704674529,733935770,https://www.sec.gov/Archives/edgar/data/1099219/000095012302008071/0000950123-02-008071-index.htm,https://www.sec.gov/Archives/edgar/data/1099219/000095012302008071/y62792e10vq.txt,11.637996922689965,0.5491897096794313,1.4432194696226917,1.4432194696226917,8.225073791477994,24.69792689214683,24.69792689214683,22.909867372260308,4.949802861400146,18462472659.8,18387472659.8,11.9266619249354,2.251246513815388,18.1538570892822,18.1538570892822,1.1436120329410306,1.1436120329410306,2.2421012876234605,33.011620574147216,18.08011077659783,18.08011077659783,0.0209614393007416,0.0550847125810187,0.2160555004955401,0.013352167238957,-0.1346499102333931,0.0,0.0,2.662303664921466,0.0,0.0,0.0,0.0,0.0,0.0,0.0,0.0,0.0,16.825335858363513,0.0024336165323865,0.0014814474545517,-329.0930641825426,13966000000.0,17404000000.0,-229861000000.0,13966000000.0,8140500000.0,14646000000.0,0.0,89.65979758566029,-18494.3661971831,0.0,1.0037943696450429,-0.0048663468128855,0.0,0.0239717542120911,0.0,2002-08-05,0.64,bmo,7625750000.0,2025-04-25,2002-06-30,0.0781249999999998,28.4365625,2380488.859375
2002-03-31,MET,USD,1099219,2002-05-14,2002-05-14 17:14:06,2002,Q1,7975000000.0,-27000000.0,8002000000.0,1.0033855799,0,0.0,0.0,0.0,7482000000.0,7482000000.0,7482000000.0,0.0,0.0,0.0,525000000.0,0.065830721,493000000.0,0.0618181818,27000000.0,520000000.0,0.0652037618,196000000.0,329000000.0,0.0412539185,0.46,0.44,712065191,739466001,https://www.sec.gov/Archives/edgar/data/1099219/000095012302005148/0000950123-02-005148-index.htm,https://www.sec.gov/Archives/edgar/data/1099219/000095012302005148/y60545e10-q.txt,11.199817236958577,0.4620363474557205,0.8117234310924208,0.8117234310924208,9.0356895426447,23.28157619489646,23.28157619489646,21.514884021342365,5.589375874996255,19660119923.51,19616119923.51,14.939300853731002,2.4652187991862067,34.014048310570935,34.01404831057093,1.2832976451377285,1.2832976451377285,2.459701557806896,37.364037949542855,33.93792374309688,33.93792374309688,0.0167343841889069,0.0293996172072589,0.2597911227154047,0.0153840207181786,-0.0838095238095238,0.0,0.0,1.756838905775076,0.0,0.0,0.0,0.0,0.0,0.0,0.0,0.0,0.0,14.95542759856687,0.0022344690051568,0.0012716941749449,-322.46310155610456,14545000000.0,16578000000.0,-227587000000.0,14545000000.0,7274000000.0,14204500000.0,0.0,91.53479623824452,-49006.66666666666,0.0,0.983232647022562,-0.0018364848319956,0.0,0.0214751958224543,0.0,2002-05-07,0.58,bmo,8553862068.0,2025-04-25,2002-03-31,-0.0689655172413791,27.38883333333333,2085185.0
2001-12-31,MET,USD,1099219,2002-03-18,2002-03-18 00:00:00,2001,Q4,8176000000.0,0.0,8176000000.0,1.0,0,0.0,0.0,0.0,8596000000.0,8596000000.0,8596000000.0,0.0,0.0,0.0,-420000000.0,-0.051369863,-420000000.0,-0.051369863,0.0,-420000000.0,-0.051369863,-124000000.0,-296000000.0,-0.0362035225,-0.41,-0.41,714540986,715217391,https://www.sec.gov/Archives/edgar/data/1099219/000095012302002601/0000950123-02-002601-index.htm,https://www.sec.gov/Archives/edgar/data/1099219/000095012302002601/e54297e10-k405.txt,11.442310742409951,-0.4142519544708104,2.076857771738793,2.488310726517233,12.14206066550254,24.23653833623478,24.23653833623478,22.478766529426206,5.574207887355533,20171492034.78,16681492034.78,-17.036733137483107,2.467159006210861,13.59264961912399,11.3450461387964,1.2558518263466567,1.2558518263466567,2.040299906406556,-39.717838178047614,11.240897597560648,9.382166498751406,-0.0146741747952819,0.0881441986013897,0.2479765907109949,0.0154998637973304,8.30952380952381,0.0,0.0,-5.013513513513513,0.0063142047467233,-0.4302936849814189,0.0,0.0,0.0,0.1981132075471698,0.035958904109589,0.0,0.0,,-0.0021904508184589,-0.0011518854340973,-316.4944410900455,15113000000.0,17318000000.0,-224539000000.0,15113000000.0,7250000000.0,14024500000.0,0.0,70.85738747553816,0.0,0.0,1.27015690539071,0.0,0.0,-0.0184285892167849,0.41145295477844,2002-02-12,0.58,bmo,8035034482.0,2025-04-25,2001-12-31,0.0172413793103448,25.035625,2459281.96875
2001-09-30,MET,USD,1099219,2001-11-13,2001-11-13 00:00:00,2001,Q3,7817000000.0,-153000000.0,7970000000.0,1.0195727261,0,0.0,0.0,0.0,7731000000.0,7731000000.0,7731000000.0,0.0,0.0,0.0,0.0,0.0,86000000.0,0.011001663,153000000.0,239000000.0,0.0305743892,69000000.0,162000000.0,0.0207240629,0.22,0.21,735662211,761215620,https://www.sec.gov/Archives/edgar/data/1099219/000095012301508328/0000950123-01-508328-index.htm,https://www.sec.gov/Archives/edgar/data/1099219/000095012301508328/y54417e10-q.txt,10.62580065023892,0.2202097614607528,1.1690147830632556,0.7911239578404823,7.417806594390914,24.500374941781537,24.500374941781537,23.01056075313348,4.150002479874558,19009511532.24,17617511532.24,29.335665944814817,2.431816749678905,22.104083177023256,32.66239094886598,1.122962637774102,1.122962637774102,2.253743319974415,0.0,20.48547852586047,30.270638371546397,0.0085220495921343,0.0306162522384087,0.180352079395085,0.0121201294190039,0.0,0.0,0.0,8.514851485148515,0.0,0.0,0.0,0.0,0.0,0.3232558139534883,0.0355635154151208,0.0,0.0,10.677587608014644,0.0004517372510756,0.0006431251116536,-302.2674628043386,13520000000.0,18024000000.0,-220351000000.0,13520000000.0,8101000000.0,14083500000.0,0.0,92.83228860176538,-8436.470588235294,0.0,0.969490264169664,-0.0106679682052712,0.0,0.0095699432892249,0.3778908252227733,2001-11-06,0.3,bmo,7970000000.0,2025-04-25,2001-09-30,0.0,26.20661016949153,2094581.1016949152
2001-06-30,MET,USD,1099219,2001-08-16,2001-08-16 00:00:00,2001,Q2,7811000000.0,0.0,7811000000.0,1.0,0,0.0,0.0,0.0,7318000000.0,7318000000.0,7318000000.0,0.0,0.0,0.0,493000000.0,0.0631161183,493000000.0,0.0631161183,0.0,493000000.0,0.0631161183,173000000.0,320000000.0,0.0409678658,0.43,0.41,744186047,780487805,https://www.sec.gov/Archives/edgar/data/1099219/000095012301505755/0000950123-01-505755-index.htm,https://www.sec.gov/Archives/edgar/data/1099219/000095012301505755/y52530ae10-qa.txt,10.49603124311198,0.4299999997178125,1.2268437491948838,1.2268437491948838,7.491406245083764,23.99534373425305,23.99534373425305,22.525281235217783,5.9528124960934665,20546976757.67,20228976757.67,16.052325591929687,2.630518084453975,22.504903349036145,22.50490334903614,1.225733863727853,1.225733863727853,2.5898062677851743,41.032407216369165,22.156601048926618,22.156601048926618,0.0155740673566755,0.0444347609270149,0.2642725049215534,0.0173877547816325,-0.6450304259634888,0.0,0.0,2.853125,0.0,0.0,0.0,0.0,0.0,0.0,0.0,0.0,0.0,14.76252335502688,0.0023829026733189,0.0012560003454,-302.6672576138746,13714000000.0,17857000000.0,-223206000000.0,13714000000.0,8468000000.0,14082500000.0,0.0,93.77928562283958,0.0,0.0,0.9597002088708688,0.0,0.0,0.0190896617550557,0.0,2001-08-07,0.53,bmo,7663622641.0,2025-04-25,2001-06-30,0.0188679245283019,26.927936507936508,1770512.650793651
2001-03-31,MET,USD,1099219,2001-05-15,2001-05-15 00:00:00,2001,Q1,7790000000.0,-181000000.0,7971000000.0,1.0232349166,0,0.0,0.0,0.0,7544000000.0,7544000000.0,7544000000.0,0.0,0.0,0.0,427000000.0,0.0548138639,246000000.0,0.0315789474,181000000.0,427000000.0,0.0548138639,140000000.0,287000000.0,0.0368421053,0.38,0.37,757568016,785265735,https://www.sec.gov/Archives/edgar/data/1099219/000095012301502609/0000950123-01-502609-index.htm,https://www.sec.gov/Archives/edgar/data/1099219/000095012301502609/y48891e10-q.txt,10.282905079773062,0.3788438713600601,2.035460800129661,2.01434058430471,6.762429104451527,23.910724340822757,23.910724340822757,22.46926961076984,5.344734617201685,20287671468.48,20131671468.48,17.672187690313592,2.604322396467265,13.156725984747082,13.294673308309305,1.1918500451462817,1.1918500451462817,2.584296722526316,47.14677158894614,13.055558669571983,13.19244526112713,0.014146522455566,0.0752180950076441,0.2378686405827752,0.0159336053864951,-0.3653395784543325,0.0,0.0,5.372822299651568,0.0,0.0,0.0,0.0,0.0,0.0103761348897535,0.0020539152759948,0.0,0.0,13.839355636534616,0.0012221740617729,0.0011294010239377,-296.0555953566023,13920000000.0,18114000000.0,-222083000000.0,13920000000.0,8570000000.0,13861500000.0,0.0,101.63414634146342,-7130.386740331492,0.0,0.8855291576673866,-0.0126220362622036,0.0,0.0168605334273293,0.021120215824951,2001-05-08,0.47,bmo,7631808510.0,2025-04-25,2001-03-31,0.0425531914893617,27.96209677419355,2385972.1774193547
2000-12-31,MET,USD,1099219,2001-03-14,2001-03-14 00:00:00,2000,Q4,11458000000.0,0.0,11458000000.0,1.0,0,0.0,0.0,0.0,11021000000.0,11021000000.0,11021000000.0,0.0,0.0,0.0,607000000.0,0.0529760866,437000000.0,0.0381392913,0.0,437000000.0,0.0381392913,16000000.0,591000000.0,0.0515796823,0.78,0.78,755263158,755263158,https://www.sec.gov/Archives/edgar/data/1099219/000095012301500230/0000950123-01-500230-index.htm,https://www.sec.gov/Archives/edgar/data/1099219/000095012301500230/y45204e10-k405.txt,15.170871078024966,0.7825087106923333,-0.3958885016869842,-0.9466898953384404,6.2269686402471125,23.1429268260428,23.1429268260428,21.69972125133105,4.552055748494487,23556657898.02,23560657898.02,9.964745303730965,2.0559135885861406,-78.78480902347826,-32.94637468254545,1.4373456524510344,1.4373456524510344,2.056262689650899,38.81492240200989,-78.79818694989967,-32.95196908813986,0.0250884485633963,-0.0303523531689144,0.2097748489840747,0.0135268057380725,0.0065897858319604,0.0,0.0,-0.7102137767220903,0.0057149727476755,0.2277929913934009,0.0,0.0,0.0,-1.391304347826087,0.0363065107348577,0.0,0.0,19.546226495724103,0.003224274729651,0.0023252885954627,-298.8663588433636,13046000000.0,17479000000.0,-223637000000.0,13046000000.0,8203500000.0,6848000000.0,0.0,65.53237912375633,0.0,0.0,1.373366894402493,0.0,0.0,0.0360607724693391,0.5508013936514563,2001-02-13,0.51,bmo,11458000000.0,2025-04-25,2000-12-31,0.0,25.911428571428573,4565886.714285715
2000-09-30,MET,USD,1099219,2000-11-14,2000-11-14 00:00:00,2000,Q3,7672000000.0,1419000000.0,6253000000.0,0.8150417101,0,0.0,0.0,0.0,5941000000.0,5941000000.0,5941000000.0,0.0,0.0,0.0,312000000.0,0.0406673618,1731000000.0,0.2256256517,-1419000000.0,312000000.0,0.0406673618,71000000.0,241000000.0,0.0314129301,0.31,0.31,773302147,789259988,https://www.sec.gov/Archives/edgar/data/1099219/000095012300010601/0000950123-00-010601-index.htm,https://www.sec.gov/Archives/edgar/data/1099219/000095012300010601/y42537e10-q.txt,9.92108974449802,0.311650499012516,-1.3073803091354923,-0.3556177893296344,4.635962817260871,21.068090995485107,21.068090995485107,19.665017172130003,6.026105084640351,18048872110.98,21108872110.98,18.722896380684645,2.3525641437669447,-17.85249466961424,-65.63226222174545,1.1868792076662062,1.1868792076662062,2.7514171156126173,67.65664138134615,-20.87920090106825,-76.75953494901817,0.0133526349191309,-0.0152364091400871,0.3064378246859999,0.0180978604911277,9.807692307692308,0.0,0.0,-4.195020746887967,0.0,0.0,0.0,0.0,0.0,0.0,0.0,0.0,0.0,11.742818202315842,0.012932830418346,0.0009359623129531,-299.44828279391805,11649000000.0,16292000000.0,-229548000000.0,11649000000.0,8190500000.0,298000000.0,0.0,94.5985401459854,19.85200845665962,0.0,0.9513888888888888,4.533546325878595,0.0,0.0158479647530742,0.0,2000-11-07,0.49,bmo,6253000000.0,2025-04-25,2000-09-30,0.0,20.523174603174603,2040809.523809524
2000-06-30,MET,USD,1099219,2000-08-14,2000-08-14 00:00:00,2000,Q2,6570000000.0,0.0,6570000000.0,1.0,0,0.0,0.0,0.0,6378000000.0,6378000000.0,6378000000.0,0.0,0.0,0.0,63000000.0,0.0095890411,192000000.0,0.0292237443,0.0,192000000.0,0.0292237443,178000000.0,-115000000.0,-0.0175038052,-0.15,-0.15,774940979,774940979,https://www.sec.gov/Archives/edgar/data/1099219/000095012300007623/0000950123-00-007623-index.htm,https://www.sec.gov/Archives/edgar/data/1099219/000095012300007623/e10-q.txt,8.478065011451665,-0.1483983982217567,0.3664795225650339,0.3664795225650339,5.907546670080019,20.19637678755404,20.19637678755404,18.797560581707216,5.946259295703086,14545642175.83,15966642175.83,-31.620961251804346,2.2139485807960426,51.21704991489436,51.21704991489437,0.998533821365415,0.998533821365415,2.430234729958904,253.4387646957143,56.22057104165493,56.22057104165493,-0.0079061480139454,0.0195247481387871,0.3163314340632937,0.0180829981359756,22.55555555555556,0.0,0.0,-2.4695652173913043,0.0,0.0,0.0,0.0,0.0,0.0,0.0,0.0,0.0,,0.0001375083487211,-0.0004512901010497,-294.6782480062911,12895000000.0,15651000000.0,-226279000000.0,12895000000.0,8674500000.0,634500000.0,0.0,113.93150684931508,0.0,0.0,0.7899482986653842,0.0,0.0,-0.0078945561886455,0.0,2000-08-14,,amc,,2025-04-25,2000-06-30,,16.355573770491805,5562331.540983606
2000-03-31,MET,USD,1099219,2000-05-19,2000-05-19 00:00:00,2000,Q1,7666000000.0,0.0,7666000000.0,1.0,0,0.0,0.0,0.0,7191000000.0,7191000000.0,7191000000.0,0.0,0.0,0.0,434000000.0,0.0566136186,475000000.0,0.0619619097,0.0,475000000.0,0.0619619097,198000000.0,236000000.0,0.0307852857,0.3,0.3,782391173,782391173,https://www.sec.gov/Archives/edgar/data/1099219/000095012300005286/0000950123-00-005286-index.html,https://www.sec.gov/Archives/edgar/data/1099219/000095012300005286/0000950123-00-005286.txt,9.798167802181991,0.3016393949015066,2.0654629752577742,2.0654629752577742,4.876077506564609,17.914312537879308,17.914312537879308,17.914312537879308,8.151932460516141,10280620013.22,14421620013.22,10.89048730213983,1.3410670510331335,6.361769810160892,6.361769810160892,0.7334917246875001,0.7334917246875001,1.8812444577641536,33.22953920096774,8.924269810160892,8.924269810160892,0.0229558139194449,0.1571889631094196,0.4550513698630137,0.0249208768022506,9.54147465437788,0.0,0.0,6.8474576271186445,0.0,0.0,0.0,0.0,0.0,0.0,0.0,0.0,0.0,11.026441124182078,0.0021520747710021,0.0009221271441409,-295.6641229897925,12847000000.0,14016000000.0,-229067000000.0,12847000000.0,4516000000.0,493000000.0,0.0,106.03704669971302,0.0,0.0,0.8487599645704162,0.0,0.0,0.0168378995433789,0.0,2000-08-09,0.48,bmo,6570000000.0,2025-04-25,2000-03-31,0.0,,
1999-12-31,MET,USD,1099219,1999-12-31,1999-12-30 19:00:00,1999,Q4,419000000.0,0.0,419000000.0,1.0,0,453000000.0,5947000000.0,6400000000.0,0.0,6400000000.0,6400000000.0,0.0,0.0,-148000000.0,506000000.0,1.2076372315,654000000.0,1.5608591885,0.0,654000000.0,1.5608591885,240000000.0,266000000.0,0.6348448687,0.36,0.36,745000000,745000000,,,0.5624161073825503,0.3570469798657718,0.4281879194630872,0.4281879194630872,3.7436241610738255,18.37583892617449,18.37583892617449,18.37583892617449,9.022818791946309,9789300000.0,13722300000.0,9.20046992481203,23.36348448687351,30.68746081504702,30.68746081504702,0.7150693937180425,0.7150693937180425,32.75011933174224,27.11916996047431,43.016614420062695,43.016614420062695,0.02717252510394,0.032586599654725,0.4910153396639883,0.0298447822689493,7.772727272727272,0.0133427100675507,0.0,1.199248120300752,0.0,0.0,1.081145584725537,0.0,0.0,0.0,0.0,0.0,0.0,12.150034991700068,-0.006314055636896,0.0011810044753853,-280.2053691275168,-206239000000.0,13690000000.0,-208753000000.0,-206239000000.0,0.0,0.0,0.0,0.0,0.0,0.0,0.0,0.0,0.0,0.0194302410518626,0.0,1999-12-30,,amc,,2025-04-25,1999-12-31,,,
1999-09-30,MET,USD,1099219,1999-09-30,1999-09-29 20:00:00,1999,Q3,368000000.0,0.0,368000000.0,1.0,0,453000000.0,5288000000.0,5741000000.0,0.0,5741000000.0,5741000000.0,0.0,0.0,-33000000.0,424000000.0,1.152173913,457000000.0,1.2418478261,0.0,457000000.0,1.2418478261,182000000.0,242000000.0,0.6576086957,0.32,0.32,745000000,745000000,,,0.4939597315436241,0.3248322147651006,3.065771812080537,3.065771812080537,6.78255033557047,18.19731543624161,18.19731543624161,18.19731543624161,10.970469798657716,9789300000.0,12909300000.0,10.112913223140495,26.601358695652173,4.2860332749562176,4.2860332749562176,0.722084531976101,0.722084531976101,35.07961956521739,30.446462264150945,5.6520577933450085,5.6520577933450085,0.0247208687035845,0.2333159674338308,0.6028619901158073,0.0359780953135592,7.358490566037736,0.0239416265902252,0.0,9.43801652892562,0.0,0.0,1.2309782608695652,0.0,0.0,0.0,0.0,0.0,0.0,11.53252666194638,-0.0045245146429746,0.0010653002650044,-279.94093959731543,-206002000000.0,13557000000.0,-208556000000.0,-206002000000.0,,,,0.0,0.0,0.0,0.0,0.0,0.0,0.0178505569078704,0.0,1999-09-29,,amc,,2025-04-25,1999-09-30,,,
1999-06-30,MET,USD,1099219,1999-06-30,1999-06-29 20:00:00,1999,Q2,312000000.0,0.0,312000000.0,1.0,0,402000000.0,5857000000.0,6259000000.0,0.0,6259000000.0,6259000000.0,0.0,0.0,-36000000.0,-123000000.0,-0.3942307692,-87000000.0,-0.2788461538,0.0,-87000000.0,-0.2788461538,-3000000.0,-120000000.0,-0.3846153846,-0.16,-0.16,745000000,745000000,,,0.4187919463087248,-0.1610738255033557,1.1087248322147651,1.1087248322147651,,,,,,9789300000.0,,-20.394375000000004,31.37596153846154,11.851452784503632,11.851452784503632,0.0,0.0,,,,,-0.0122582820017774,0.0843778411122347,0.0,0.0,,0.0,0.0,-6.883333333333334,0.0,0.0,1.2884615384615383,0.0,0.0,0.0,0.0,0.0,0.0,,0.0,0.0,,,,,,,,,,0.0,0.0,0.0,0.0,0.0,0.0,0.0,1999-06-29,,amc,,2025-04-25,1999-06-30,,,
1999-03-31,MET,USD,1099219,1999-03-31,1999-03-30 19:00:00,1999,Q1,339000000.0,0.0,339000000.0,1.0,0,382000000.0,5171000000.0,5553000000.0,0.0,5553000000.0,5553000000.0,0.0,0.0,-8000000.0,403000000.0,1.1887905605,411000000.0,1.2123893805,0.0,411000000.0,1.2123893805,174000000.0,229000000.0,0.6755162242,0.31,0.31,745000000,745000000,,,0.4550335570469798,0.3073825503355705,0.6093959731543624,0.6093959731543624,,,,,,9789300000.0,,10.687008733624454,28.87699115044248,21.56233480176212,21.56233480176212,0.0,0.0,,,,,0.0233928881533919,0.0463771669067246,0.0,0.0,,0.0,0.0,1.982532751091703,0.0,0.0,1.126843657817109,0.0,0.0,0.0,0.0,0.0,0.0,,0.0,0.0,,,,,,,,,,0.0,0.0,0.0,0.0,0.0,0.0,0.0,1999-03-30,,amc,,2025-04-25,1999-03-31,,,
1998-12-31,MET,USD,1099219,1998-12-31,1998-12-30 19:00:00,1998,Q4,250000000.0,0.0,250000000.0,1.0,0,436000000.0,7092000000.0,7528000000.0,0.0,7528000000.0,7528000000.0,0.0,0.0,-4000000.0,-236000000.0,-0.944,-232000000.0,-0.928,0.0,-232000000.0,-0.928,-106000000.0,-130000000.0,-0.52,-0.17,-0.17,745000000,745000000,,,0.3355704697986577,-0.174496644295302,-1.3758389261744963,-1.3758389261744963,,,,,,9789300000.0,,-18.825576923076923,39.1572,-9.550536585365856,-9.550536585365853,0.0,0.0,,,,,-0.0132798055019255,-0.1047061587651824,0.0,0.0,,0.0,0.0,7.884615384615385,0.0,0.0,1.744,0.0,0.0,0.0,0.0,0.0,0.0,,0.0,0.0,,,,,,,,,,0.0,0.0,0.0,0.0,0.0,0.0,0.0,1998-12-30,,amc,,2025-04-25,1998-12-31,,,
