date,symbol,reportedCurrency,cik,fillingDate,acceptedDate,calendarYear,period,revenue,costOfRevenue,grossProfit,grossProfitRatio,researchAndDevelopmentExpenses,generalAndAdministrativeExpenses,sellingAndMarketingExpenses,sellingGeneralAndAdministrativeExpenses,otherExpenses,operatingExpenses,costAndExpenses,interestIncome,interestExpense,depreciationAndAmortization,ebitda,ebitdaratio,operatingIncome,operatingIncomeRatio,totalOtherIncomeExpensesNet,incomeBeforeTax,incomeBeforeTaxRatio,incomeTaxExpense,netIncome,netIncomeRatio,eps,epsdiluted,weightedAverageShsOut,weightedAverageShsOutDil,link,finalLink,revenuePerShare,netIncomePerShare,operatingCashFlowPerShare,freeCashFlowPerShare,cashPerShare,bookValuePerShare,tangibleBookValuePerShare,shareholdersEquityPerShare,interestDebtPerShare,marketCap,enterpriseValue,peRatio,priceToSalesRatio,pocfratio,pfcfRatio,pbRatio,ptbRatio,evToSales,enterpriseValueOverEBITDA,evToOperatingCashFlow,evToFreeCashFlow,earningsYield,freeCashFlowYield,debtToEquity,debtToAssets,netDebtToEBITDA,currentRatio,interestCoverage,incomeQuality,dividendYield,payoutRatio,salesGeneralAndAdministrativeToRevenue,researchAndDdevelopementToRevenue,intangiblesToTotalAssets,capexToOperatingCashFlow,capexToRevenue,capexToDepreciation,stockBasedCompensationToRevenue,grahamNumber,roic,returnOnTangibleAssets,grahamNetNet,workingCapital,tangibleAssetValue,netCurrentAssetValue,investedCapital,averageReceivables,averagePayables,averageInventory,daysSalesOutstanding,daysPayablesOutstanding,daysOfInventoryOnHand,receivablesTurnover,payablesTurnover,inventoryTurnover,roe,capexPerShare,report_date,epsEstimated,time,revenueEstimated,updatedFromDate,fiscalDateEnding,surprise(%),QuarterAvgPrice,QuarterAvgVolume
2025-03-31,META,USD,1326801,2025-05-01,2025-04-30 20:03:18,2025,Q1,42314000000.0,7572000000.0,34742000000.0,0.821052134,12150000000,2280000000.0,2757000000.0,5037000000.0,0.0,17187000000.0,24759000000.0,0.0,0.0,0.0,22522000000.0,0.5322588269,17555000000.0,0.4148745096,827000000.0,18382000000.0,0.4344188685,1738000000.0,16644000000.0,0.3933449922,6.59,6.43,2527000000,2590000000,https://www.sec.gov/Archives/edgar/data/1326801/000132680125000054/0001326801-25-000054-index.htm,https://www.sec.gov/Archives/edgar/data/1326801/000132680125000054/meta-20250331.htm,16.74475662841314,6.586466165413534,9.50771666007123,4.386624455876533,27.79184804115552,73.22081519588444,65.04748713889988,73.22081519588444,19.59596359319351,1456461720000.0,1477230720000.0,21.87667808219178,34.42032707850829,60.62023308082911,131.39032205683355,7.871532138205363,7.871532138205363,34.91115753651274,65.59056566912352,61.484671605760425,133.2639350473613,0.0114276947834921,0.0076109106389696,0.2676283177231677,0.1767191386552372,0.922164994227866,2.6623487754499853,0.0,1.4435231915404951,0.0009124853621281,0.0798485940879596,0.0538828756439948,0.2871390083660254,0.0737082148222958,0.5386248231082993,0.3058325849600605,3.318205128205128,0.0980053882875644,104.16810688767951,0.0645298735225175,0.0641241490374057,-5.567273446774832,56337000000.0,164375000000.0,-4957000000.0,226063000000.0,15754000000.0,8099500000.0,0.0,30.870633832774026,101.17274167987324,0.0,2.9153920352762848,0.8895676691729323,0.0,0.0899534667538602,5.121092204194698,2025-04-30,5.23,amc,41339201062.0,2025-05-11,2025-03-31,0.2294455066921604,645.177,16254156.15
2024-12-31,META,USD,1326801,2025-01-30,2025-01-29 20:00:50,2024,Q4,48385000000.0,8839000000.0,39546000000.0,0.8173194172,12180000000,762000000.0,3240000000.0,4002000000.0,0.0,16182000000.0,25021000000.0,731000000.0,158000000.0,0.0,23365000000.0,0.4828975922,23365000000.0,0.4828975922,187000000.0,23552000000.0,0.4867624264,2714000000.0,20838000000.0,0.4306706624,8.22,7.97,2534000000,2614000000,https://www.sec.gov/Archives/edgar/data/1326801/000132680125000017/0001326801-25-000017-index.htm,https://www.sec.gov/Archives/edgar/data/1326801/000132680125000017/meta-20241231.htm,19.09431728492502,8.22336227308603,11.04498816101026,5.35240726124704,30.708366219415943,72.07458563535911,63.562746645619576,72.07458563535911,19.42304656669297,1483682340000.0,1488853340000.0,17.800200835012955,30.664097137542623,53.01137416035444,109.391900022119,8.123667931470623,8.123667931470623,30.77096910199442,63.72152107853627,53.19613191367729,109.77315785593156,0.014044785354795,0.0091414446572168,0.2686202686202686,0.1777188521086454,0.2213139310935159,2.9778842719371355,147.87974683544303,1.343123140416547,0.000855978376072,0.0609463480180439,0.0157486824429058,0.2517309083393613,0.0781332637817238,0.5153994569101044,0.2981295856153766,3.234304932735426,0.0880851503565154,115.48007247204043,0.0845848970054214,0.0818830186454997,-1.127269139700079,66449000000.0,161068000000.0,6628000000.0,224286000000.0,15847000000.0,7671500000.0,0.0,31.610209775756942,78.27016630840593,0.0,2.8471813581263974,1.1498634057499677,0.0,0.1140951723911365,5.69258089976322,2025-01-29,6.75,amc,47004057689.0,2025-04-29,2024-12-31,0.1881481481481481,586.97515625,11983642.328125
2024-09-30,META,USD,1326801,2024-10-31,2024-10-30 19:54:51,2024,Q3,40589000000.0,7375000000.0,33214000000.0,0.8183005248,11177000000,1865000000.0,2822000000.0,4687000000.0,0.0,15864000000.0,23239000000.0,661000000.0,208000000.0,4027000000.0,22057000000.0,0.5434230949,17350000000.0,0.4274557146,472000000.0,17822000000.0,0.439084481,2134000000.0,15688000000.0,0.38650866,6.2,6.03,2529000000,2600000000,https://www.sec.gov/Archives/edgar/data/1326801/000132680124000081/0001326801-24-000081-index.htm,https://www.sec.gov/Archives/edgar/data/1326801/000132680124000081/meta-20240930.htm,16.049426650850137,6.203242388295769,9.776196124950571,6.51087386318703,28.0347963621985,65.05693950177935,56.890075128509295,65.05693950177935,19.47607750098853,1447700760000.0002,1452895760000.0002,23.070193141254464,35.66731774618739,58.55447176832229,87.92060974128509,8.799061320496692,8.799061320496692,35.79530808839834,65.87005304438502,58.764591490050165,88.2361083444674,0.0108364935858706,0.0113738974620694,0.2981055011578506,0.1912849833078531,0.235526136827311,2.7322832283228324,83.41346153846153,1.575981642019378,0.0008724178607186,0.0805073941866394,0.0459484096676439,0.275370174185124,0.0805513088515179,0.3340074421614625,0.2034541378205918,2.0506580581077727,0.1047081721648722,95.2900267988744,0.0678495078219753,0.066543939869525,-3.9359430604982206,57737000000.0,143875000000.0,-812000000.0,205365000000.0,14602500000.0,5414500000.0,0.0,32.59503806450024,93.42915254237288,0.0,2.761156462585034,0.9632967607105538,0.0,0.0953509715612445,3.265322261763543,2024-10-30,5.25,amc,40202943776.0,2025-04-25,2024-09-30,0.1485714285714286,514.54703125,13966472.671875
2024-06-30,META,USD,1326801,2024-08-01,2024-07-31 20:14:40,2024,Q2,39071000000.0,7308000000.0,31763000000.0,0.8129559008,10537000000,3658000000.0,2721000000.0,6379000000.0,14000000.0,16916000000.0,24224000000.0,540000000.0,128000000.0,3637000000.0,18525000000.0,0.4741368278,14847000000.0,0.3800005119,259000000.0,15106000000.0,0.3866294694,1641000000.0,13465000000.0,0.3446290087,5.31,5.16,2534000000,2610000000,https://www.sec.gov/Archives/edgar/data/1326801/000132680124000069/0001326801-24-000069-index.htm,https://www.sec.gov/Archives/edgar/data/1326801/000132680124000069/meta-20240630.htm,15.418705603788476,5.313733228097869,7.644041041831097,4.418705603788477,22.92028413575375,61.86385161799527,53.71310181531176,61.86385161799527,15.04301499605367,1278859120000.0,1284805120000.0,23.744135165243225,32.73167106037726,66.02267010841507,114.21444315441636,8.157914303757902,8.157914303757902,32.8838555450334,69.35520215924427,66.32963964894167,114.74547825310351,0.0105289158042677,0.0087554601010313,0.2423467272251743,0.1650075139638113,0.3209716599190283,2.830358465412532,115.9921875,1.4385443743037505,0.0009899448502193,0.0940215373189751,0.0936244273246141,0.2696885157789665,0.089707172577941,0.4219411461022199,0.2091832817178981,2.247181743194941,0.1181438918891249,86.00220979204427,0.0645092433079277,0.0642463165127109,-1.7822612470402526,49427000000.0,136109000000.0,2956000000.0,187098000000.0,13967500000.0,3479000000.0,0.0,33.41224949450999,39.07635467980296,0.0,2.693622888659083,2.303183107469272,0.0,0.0858939928426988,3.22533543804262,2024-07-31,4.73,amc,38261443896.0,2025-04-25,2024-06-30,0.0909090909090908,486.0942857142857,15027549.142857144
2024-03-31,META,USD,1326801,2024-04-25,2024-04-24 20:14:19,2024,Q1,36455000000.0,6640000000.0,29815000000.0,0.8178576327,9978000000,3455000000.0,2564000000.0,6019000000.0,0.0,15997000000.0,22637000000.0,585000000.0,127000000.0,3374000000.0,17684000000.0,0.4850912083,13818000000.0,0.3790426553,365000000.0,14183000000.0,0.3890549993,1814000000.0,12369000000.0,0.3392950213,4.86,4.71,2545000000,2625000000,https://www.sec.gov/Archives/edgar/data/1326801/000132680124000049/0001326801-24-000049-index.htm,https://www.sec.gov/Archives/edgar/data/1326801/000132680124000049/meta-20240331.htm,14.324165029469548,4.860117878192535,7.562278978388998,5.0475442043222,22.836935166994103,58.75402750491159,50.6385068762279,58.75402750491159,14.836935166994106,1250485750000.0,1255811750000.0,25.27459273182957,34.302173913043475,64.97379975059752,97.34436789662152,8.362830955868093,8.362830955868093,34.448271841996984,71.01400983940285,65.25053257819806,97.75897166433133,0.0098913562189733,0.0102728079868163,0.251676932233881,0.1688759849939868,0.3011762044786247,2.680687520017081,108.8031496062992,1.555986741046164,0.0010180044034888,0.1029185867895545,0.0947743793718282,0.2737073103826635,0.0926836710882949,0.3325366309882573,0.1755589082430393,1.896858328393598,0.0977095048690166,80.15552843428722,0.061351922946916,0.0611751323013007,-2.012770137524558,47229000000.0,128875000000.0,2015000000.0,180346000000.0,14799500000.0,4317000000.0,0.0,33.15594568646276,51.3027108433735,0.0,2.714445271779598,1.7542932628797887,0.0,0.0827197399835483,2.5147347740667976,2024-04-24,4.32,amc,36146676261.0,2025-04-25,2024-03-31,0.0902777777777776,446.0740983606557,17919568.836065575
2023-12-31,META,USD,1326801,2024-02-02,2024-02-01 19:39:02,2023,Q4,40111000000.0,7695000000.0,32416000000.0,0.8081573633,10517000000,2289000000.0,3226000000.0,5515000000.0,0.0,16032000000.0,23727000000.0,588000000.0,136000000.0,3172000000.0,20705000000.0,0.5161925656,17533000000.0,0.4371120142,423000000.0,16807000000.0,0.419012241,2790000000.0,14017000000.0,0.3494552616,5.46,5.33,2566000000,2630000000,https://www.sec.gov/Archives/edgar/data/1326801/000132680124000012/0001326801-24-000012-index.htm,https://www.sec.gov/Archives/edgar/data/1326801/000132680124000012/meta-20231231.htm,15.631722525331256,5.462587685113016,7.561964146531567,4.574824629773968,25.48830865159782,59.69134840218239,51.33515198752923,59.69134840218239,14.563522992985192,908261360000.0,903633360000.0,16.19928230006421,22.6436977387749,46.80794475365904,77.37127182894625,5.929837563982033,5.929837563982033,22.528317917778164,43.64324366095146,46.56943722943723,76.97703041144902,0.0154327824757402,0.012924693834823,0.2430925519690797,0.1621527460228287,-0.2235208886742332,2.6709949937421777,128.9191176470588,1.3843190411643005,0.0,0.0,0.0570666400737952,0.2621974022088704,0.0933791475592601,0.395021645021645,0.1910947121737179,2.4164564943253466,0.0853631173493555,85.65370719072772,0.0733743582516638,0.0673308323045811,0.4188425565081839,53405000000.0,131726000000.0,8910000000.0,184728000000.0,14556500000.0,4610500000.0,0.0,36.279574181645934,56.71345029239766,0.0,2.480734739315975,1.5869251392039596,0.0,0.0915138932414081,2.9871395167576,2024-02-01,4.96,amc,39168800000.0,2025-04-25,2023-12-31,0.0745967741935484,325.65444444444444,18656395.31746032
2023-09-30,META,USD,1326801,2023-10-26,2023-10-25 20:07:27,2023,Q3,34146000000.0,6210000000.0,27936000000.0,0.8181338956,9241000000,2070000000.0,2877000000.0,4947000000.0,0.0,14188000000.0,20398000000.0,534000000.0,139000000.0,2859000000.0,16987000000.0,0.4974814034,14128000000.0,0.413752709,272000000.0,14020000000.0,0.4105898202,2437000000.0,11583000000.0,0.3392198208,4.5,4.39,2576000000,2641000000,https://www.sec.gov/Archives/edgar/data/1326801/000132680123000103/0001326801-23-000103-index.htm,https://www.sec.gov/Archives/edgar/data/1326801/000132680123000103/meta-20230930.htm,13.255434782608695,4.496506211180124,7.920031055900621,5.380046583850931,23.727872670807457,55.46312111801242,47.12422360248447,55.46312111801242,14.11335403726708,773340960000.0,772667960000.0,16.69129241129241,22.648068880688808,37.90515439662778,55.80063208023667,5.412785900765015,5.412785900765015,22.62835939787969,45.48583975981633,37.87216743456524,55.75207157803593,0.014977869528597,0.0179209439520699,0.2534908625142609,0.1674588716165604,-0.0396185318184494,2.5671612459467426,101.64028776978417,1.7613744280410948,0.0,0.0,0.0606220347917764,0.270631992034206,0.0993230809066277,0.3207038525634741,0.1916183447548761,2.2885624344176287,0.1022667369530838,74.90848445582125,0.0623506413045567,0.0594631223914617,-0.9976708074534162,47847000000.0,121392000000.0,4977000000.0,174133000000.0,12727500000.0,3732500000.0,0.0,34.11702688455456,63.36231884057971,0.0,2.637978986402967,1.4204025617566332,0.0,0.0810720010078881,2.5399844720496896,2023-10-25,3.63,amc,31647200000.0,2025-04-25,2023-09-30,0.2093663911845729,301.30031746031744,23123399.55555556
2023-06-30,META,USD,1326801,2023-07-27,2023-07-26 20:11:08,2023,Q2,31999000000.0,5945000000.0,26054000000.0,0.8142129442,9344000000,4164000000.0,3154000000.0,7318000000.0,0.0,16662000000.0,22607000000.0,323000000.0,116000000.0,2623000000.0,12199000000.0,0.3812306635,9576000000.0,0.2992593519,-99000000.0,9293000000.0,0.2904153255,1505000000.0,7788000000.0,0.2433826057,3.03,2.98,2568000000,2612000000,https://www.sec.gov/Archives/edgar/data/1326801/000132680123000093/0001326801-23-000093-index.htm,https://www.sec.gov/Archives/edgar/data/1326801/000132680123000093/meta-20230630.htm,12.460669781931465,3.032710280373832,6.7402647975077885,4.319704049844237,20.81230529595016,52.19353582554517,43.81542056074766,52.19353582554517,14.148753894080995,736964640000.0,744397640000.0,23.657057010785824,23.03086471452233,42.57696227396152,66.43510682412332,5.498382040243821,5.498382040243821,23.26315322353824,61.02120173784736,43.006392050378416,67.10516902551159,0.0105676711979017,0.015052282562702,0.2702170361030492,0.175230298807865,0.6093122387080908,2.32478861000635,82.55172413793103,2.222521828454032,0.0,0.0,0.1301290665333291,0.2920091252851651,0.1040940935129277,0.3591195331908255,0.1942560705022032,2.3698055661456348,0.1268789649676552,59.67811269646344,0.044998251643518,0.0420579674142558,-3.826226635514019,39639000000.0,112518000000.0,-3095000000.0,162058000000.0,11777500000.0,3382500000.0,0.0,35.18828713397294,46.82422203532381,0.0,2.557669251059068,1.9220821209182024,0.0,0.0581050935217446,2.420560747663552,2023-07-26,2.92,amc,27968300000.0,2025-04-25,2023-06-30,0.0205479452054794,246.76,22823220.951612905
2023-03-31,META,USD,1326801,2023-04-27,2023-04-26 20:56:18,2023,Q1,28645000000.0,6108000000.0,22537000000.0,0.7867690696,9381000000,2885000000.0,3044000000.0,5929000000.0,0.0,15310000000.0,21418000000.0,193000000.0,55000000.0,2524000000.0,10372000000.0,0.3620876244,7848000000.0,0.2739745156,80000000.0,7307000000.0,0.255088148,1598000000.0,5709000000.0,0.1993017979,2.21,2.2,2587000000,2596000000,https://www.sec.gov/Archives/edgar/data/1326801/000132680123000067/0001326801-23-000067-index.htm,https://www.sec.gov/Archives/edgar/data/1326801/000132680123000067/meta-20230331.htm,11.07267104754542,2.206803247004252,5.410900657131813,2.7661383842288365,14.471975260919985,48.23927328952455,39.89060688055663,48.23927328952455,10.680324700425205,548288780000.0,564312780000.0,24.009843229987737,19.14081968930005,39.16907986855265,76.61944941307993,4.393515605593173,4.393515605593173,19.70021923546867,54.40732549170845,40.3138148306901,78.85868921185019,0.010412396182902,0.0130515163925112,0.2209623783004126,0.1494652855694857,1.5449286540686464,2.067806627004452,142.6909090909091,2.4519180241723597,0.0,0.0,0.1007156571827544,0.327491708849712,0.1170680412594652,0.4887841120160023,0.2388549485075929,2.7107765451664023,0.1065107348577413,48.94106824426788,0.0381553942874648,0.0350475465489615,-5.401623502126014,27102000000.0,103197000000.0,-7213000000.0,145755000000.0,12255000000.0,4331000000.0,0.0,34.699249432710765,54.10609037328094,0.0,2.593716044911264,1.6633986928104576,0.0,0.0457470251211987,2.6447622729029763,2023-04-26,2.03,amc,27654600000.0,2025-04-25,2023-03-31,0.0837438423645322,170.3032258064516,32442291.241935484
2022-12-31,META,USD,1326801,2023-02-02,2023-02-01 20:26:31,2022,Q4,32165000000.0,8336000000.0,23829000000.0,0.7408363128,9771000000,3085000000.0,4574000000.0,7659000000.0,-339000000.0,17430000000.0,25766000000.0,32000000.0,32000000.0,2376000000.0,13386000000.0,0.4161666408,11010000000.0,0.3422975284,-250000000.0,6149000000.0,0.191170527,1496000000.0,4653000000.0,0.1446603451,1.76,1.76,2638000000,2640000000,https://www.sec.gov/Archives/edgar/data/1326801/000132680123000013/0001326801-23-000013-index.htm,https://www.sec.gov/Archives/edgar/data/1326801/000132680123000013/meta-20221231.htm,12.19294920394238,1.763836239575436,5.500758150113723,2.0727824109173616,15.44275966641395,47.65466262319939,39.61713419257013,47.65466262319939,10.092115238817286,317456920000.0,329366920000.0,17.05657210401891,9.869638426861496,21.876984356694923,58.05722750548647,2.5252513264340206,2.5252513264340206,10.239916679620706,24.60532795457941,22.69774102405072,60.23535479151426,0.0146571068603576,0.0172243843353611,0.2115214814696968,0.1431725058822896,0.8897355445988346,2.203396729075705,344.0625,3.119303525365434,0.0,0.0,0.0959117052697031,0.3037773977926317,0.1141621842812299,0.623182413341603,0.2811441007306078,3.805976430976431,0.0935177988496813,43.488365923424304,0.0520488765441056,0.0282815880965695,-3.478582259287339,32523000000.0,104510000000.0,-465000000.0,145917000000.0,12346500000.0,4430500000.0,0.0,37.678843463391885,53.87476007677543,0.0,2.3886083469478687,1.6705410821643287,0.0,0.0370128785408032,3.427975739196361,2023-02-01,2.22,amc,31551048476.0,2025-04-25,2022-12-31,-0.2072072072072072,117.42539682539685,44936516.365079366
2022-09-30,META,USD,1326801,2022-10-27,2022-10-26 20:26:36,2022,Q3,27714000000.0,5716000000.0,21998000000.0,0.793750451,9170000000,3384000000.0,3780000000.0,7164000000.0,-34000000.0,16334000000.0,22050000000.0,77000000.0,77000000.0,2175000000.0,7839000000.0,0.2828534315,5664000000.0,0.204373241,-88000000.0,5576000000.0,0.2011979505,1181000000.0,4395000000.0,0.1585841091,1.64,1.64,2682000000,2687000000,https://www.sec.gov/Archives/edgar/data/1326801/000132680122000108/0001326801-22-000108-index.htm,https://www.sec.gov/Archives/edgar/data/1326801/000132680122000108/meta-20220930.htm,10.333333333333334,1.638702460850112,3.613348247576435,0.1178225205070842,15.576435495898584,46.26920208799403,38.38590604026846,46.26920208799403,9.685682326621924,363893760000.0,375485760000.0,20.69930375426621,13.130322580645162,37.54966050975132,1151.5625316455696,2.932404145244734,2.932404145244734,13.548594933968392,47.89970149253731,38.7458218966051,1188.2460759493672,0.0120777009201806,0.0008683853221335,0.2087127500120876,0.1447784721678759,1.478760045924225,2.5704147749812667,73.55844155844156,2.2050056882821387,0.0,0.0,0.1221043515912535,0.3308796997907195,0.1181873064496294,0.967392425962233,0.3382766832647759,4.310344827586207,0.1130836400375261,41.303543973504944,0.028345512638242,0.0278603622164043,-1.7165361670395227,35628000000.0,102951000000.0,3515000000.0,144150000000.0,11376000000.0,3939500000.0,0.0,36.45919030093094,60.94996501049685,0.0,2.4685134051839315,1.4766210281580987,0.0,0.0354167002433639,3.495525727069351,2022-10-26,1.89,amc,27439470981.0,2025-04-25,2022-09-30,-0.1322751322751323,162.08,27711399.03125
2022-06-30,META,USD,1326801,2022-07-28,2022-07-27 20:44:34,2022,Q2,28822000000.0,5192000000.0,23630000000.0,0.8198598293,8690000000,2987000000.0,3595000000.0,6582000000.0,-203000000.0,15272000000.0,20464000000.0,91000000.0,5000000.0,1979000000.0,10337000000.0,0.3586496426,8358000000.0,0.2899868156,-172000000.0,8186000000.0,0.284019152,1499000000.0,6687000000.0,0.2320102699,2.47,2.46,2704000000,2713000000,https://www.sec.gov/Archives/edgar/data/1326801/000132680122000082/0001326801-22-000082-index.htm,https://www.sec.gov/Archives/edgar/data/1326801/000132680122000082/meta-20220630.htm,10.659023668639051,2.473002958579882,4.5107248520710055,1.7104289940828403,14.973742603550296,46.51146449704142,38.67344674556213,46.51146449704142,5.943786982248521,436020000000.0,439406000000.0,16.30103185284881,15.12802720144334,35.74813478724277,94.2745945945946,3.466887180261913,3.466887180261913,15.245506904447993,42.508077778852666,36.02574403541855,95.0067027027027,0.0153364524563093,0.0106073115912114,0.1277521130344208,0.0946347899327949,0.3275611879655606,2.5200072016923976,1671.6,1.8239868401375805,0.0,0.0,0.1036361113038651,0.3015057941849975,0.1248328709675519,0.6208083955070919,0.2627159808479634,3.826174835775644,0.1162653528554576,50.87255900241306,0.0458723555765927,0.0450045428542585,1.8937684911242605,33770000000.0,104573000000.0,11975000000.0,136682000000.0,11457500000.0,3627000000.0,0.0,35.98813406425647,69.47611710323575,0.0,2.500824295010846,1.2954091816367266,0.0,0.0531697504114751,2.8002958579881656,2022-07-27,2.59,amc,28908384447.0,2025-04-25,2022-06-30,-0.0501930501930501,192.91548387096773,32890753.16129032
2022-03-31,META,USD,1326801,2022-04-28,2022-04-27 20:42:59,2022,Q1,27908000000.0,6005000000.0,21903000000.0,0.7848287229,7707000000,2360000000.0,3312000000.0,5672000000.0,254000000.0,13379000000.0,19384000000.0,384000000.0,76000000.0,2156000000.0,10680000000.0,0.3826859682,8524000000.0,0.3054321342,384000000.0,8908000000.0,0.3191916296,1443000000.0,7465000000.0,0.2674860255,2.74,2.72,2725000000,2742000000,https://www.sec.gov/Archives/edgar/data/1326801/000132680122000057/0001326801-22-000057-index.htm,https://www.sec.gov/Archives/edgar/data/1326801/000132680122000057/meta-20220331.htm,10.241467889908256,2.7394495412844035,5.165504587155963,3.168807339449541,16.106422018348624,45.22128440366973,37.576146788990826,45.22128440366973,5.184954128440367,605931000000.0,605098000000.0,20.29239785666444,21.711731403181883,43.04710144927537,70.17151129125651,4.91715356899406,4.91715356899406,21.681883330944533,56.65711610486891,42.98792270531401,70.07504342790968,0.0123198846073232,0.0142507975330524,0.1140406401142597,0.0855752718946765,-0.0779962546816479,2.8106326472541023,112.15789473684212,1.8855994641661085,0.0,0.0,0.0845635660025799,0.2761573742296115,0.1268618543643206,0.3865444728616084,0.1949620180593378,2.523654916512059,0.0895083846925612,52.79519015363334,0.0495055399276278,0.0520626285873696,4.19908256880734,38179000000.0,102395000000.0,18275000000.0,132835000000.0,12714500000.0,3664500000.0,0.0,36.73140318188333,48.64945878434638,0.0,2.4502194907813872,1.8499691928527413,0.0,0.0605787645664946,1.996697247706422,2022-04-27,2.56,amc,28278997754.0,2025-04-25,2022-03-31,0.0625,249.92629032258063,36914243.27419355
2021-12-31,META,USD,1326801,2022-02-03,2022-02-02 21:11:04,2021,Q4,33671000000.0,6348000000.0,27323000000.0,0.8114698108,7046000000,3305000000.0,4387000000.0,7692000000.0,15000000.0,14738000000.0,21086000000.0,117000000.0,102000000.0,2014000000.0,14599000000.0,0.4335778563,12585000000.0,0.373763773,118000000.0,12703000000.0,0.3772682724,2418000000.0,10285000000.0,0.3054557334,3.72,3.68,2797077658,2799000000,https://www.sec.gov/Archives/edgar/data/1326801/000132680122000018/0001326801-22-000018-index.htm,https://www.sec.gov/Archives/edgar/data/1326801/000132680122000018/fb-20211231.htm,12.03792104366378,3.6770520012497983,6.472469560585936,4.552608671260567,17.160052693824777,44.646239850663456,37.55634016794252,44.646239850663456,4.9962860201717,940797070268.3,938069070268.3,22.8681835262105,27.9408710839684,51.966254433732885,73.88071856983666,7.533669153887363,7.533669153887363,27.85985180922159,64.25570725859991,51.81556950222603,73.66648894835087,0.0109322194180163,0.0135353312658259,0.111091536607436,0.0835788344870381,-0.1868621138434139,3.154293825408091,123.38235294117646,1.7602333495381624,0.0,0.0,0.0981556829318998,0.2092601942324255,0.1194732117575472,0.2966195315952276,0.1594844227970657,2.666335650446872,0.0714561492085177,60.77620649399823,0.0698008696518625,0.0703700155997701,6.22766048349738,45531000000.0,105048000000.0,25558000000.0,135326000000.0,13063500000.0,3139000000.0,0.0,37.525170027620206,57.88752362948961,0.0,2.3983901987321032,1.5547391623806024,0.0,0.0823597242130382,1.9198608893253688,2022-02-02,3.84,amc,33370161276.0,2025-04-25,2021-12-31,-0.0442708333333333,331.99546875,22934527.296875
2021-09-30,META,USD,1326801,2021-10-26,2021-10-25 20:44:20,2021,Q3,29010000000.0,5771000000.0,23239000000.0,0.801068597,6316000000,2946000000.0,3554000000.0,6500000000.0,70000000.0,12816000000.0,18587000000.0,120000000.0,120000000.0,1995000000.0,12418000000.0,0.4280592899,10423000000.0,0.3592899,142000000.0,10565000000.0,0.3641847639,1371000000.0,9194000000.0,0.3169251982,3.27,3.22,2855279503,2859000000,https://www.sec.gov/Archives/edgar/data/1326801/000132680121000065/0001326801-21-000065-index.htm,https://www.sec.gov/Archives/edgar/data/1326801/000132680121000065/fb-20210930.htm,10.160126169616538,3.220000000119078,4.935068523132252,3.424533391468821,20.33951490177457,46.70646073698936,39.90152273369225,46.70646073698936,4.4689145096279566,969053310523.17,967197310523.17,26.350155278528657,33.40411273778593,68.77108157853736,99.1054725427664,7.266446539615852,7.266446539615852,33.34013479914409,77.88672173644467,68.6393662992811,98.91565867489976,0.0094876101243969,0.0100902601475259,0.0947810437912417,0.0745348940059557,-0.1494604606216782,4.23428026049854,86.85833333333333,1.5326299760713509,0.0,0.0,0.1015511892450879,0.2177180282661151,0.1145738125423828,0.3060818962458306,0.148672871423647,2.1619047619047618,0.0820062047569803,58.17115333668413,0.0593385215820845,0.0612300622689887,10.827661518781968,57609000000.0,113930000000.0,39196000000.0,141828000000.0,11893000000.0,1584000000.0,0.0,37.50155118924509,34.23150233928262,0.0,2.3999007279947056,2.629157175398633,0.0,0.0689412117576484,1.5105351316634308,2021-10-25,3.19,amc,29545600000.0,2025-04-25,2021-09-30,0.0094043887147336,360.165625,14057897.515625
2021-06-30,META,USD,1326801,2021-07-29,2021-07-28 20:13:08,2021,Q2,29077000000.0,5399000000.0,23678000000.0,0.814320597,6096000000,1956000000.0,3259000000.0,5215000000.0,25000000.0,11311000000.0,16710000000.0,121000000.0,121000000.0,1986000000.0,14353000000.0,0.4936203872,12367000000.0,0.4253189806,146000000.0,12513000000.0,0.4303401314,2119000000.0,10394000000.0,0.3574646628,3.67,3.61,2877000000,2879224376,https://www.sec.gov/Archives/edgar/data/1326801/000132680121000049/0001326801-21-000049-index.htm,https://www.sec.gov/Archives/edgar/data/1326801/000132680121000049/fb-20210630.htm,10.10670837678137,3.612791101842197,4.6041014946124434,3.0010427528675705,22.27320125130344,48.04553354188391,41.1866527632951,48.04553354188391,4.21550225929788,1000361670000.0,996182670000.0,24.06103689628632,34.40388176221756,75.52179299411142,115.86306115357888,7.237093114948599,7.237093114948599,34.26015992021185,69.40588518079844,75.20630152498867,115.37904447533008,0.0103902421611175,0.0086308784701836,0.086864360797818,0.0703772954533465,-0.2911586427924476,5.425373134328358,102.20661157024792,1.274389070617664,0.0,0.0,0.067269663307769,0.2096502390205317,0.1156621280237267,0.3481805828174543,0.1586133370017539,2.323425692695214,0.0876293978058259,62.49412541532225,0.0655206728076799,0.0688910098358917,14.06725755995829,65823000000.0,118494000000.0,48315000000.0,146990000000.0,10987000000.0,925500000.0,0.0,36.2079994497369,16.21967030931654,0.0,2.485638570695845,5.548818088386434,0.0,0.0751951500068727,1.6030587417448732,2021-07-28,3.03,amc,29481700000.0,2025-04-25,2021-06-30,0.1914191419141914,320.80825396825395,17770085.26984127
2021-03-31,META,USD,1326801,2021-04-29,2021-04-28 20:12:05,2021,Q1,26171000000.0,5131000000.0,21040000000.0,0.803943296,5197000000,1622000000.0,2843000000.0,4465000000.0,100000000.0,9662000000.0,14793000000.0,118000000.0,118000000.0,1972000000.0,13350000000.0,0.5101066065,11378000000.0,0.4347560277,125000000.0,11503000000.0,0.4395323068,2006000000.0,9497000000.0,0.36288258,3.34,3.3,2877878787,2882000000,https://www.sec.gov/Archives/edgar/data/1326801/000132680121000033/0001326801-21-000033-index.htm,https://www.sec.gov/Archives/edgar/data/1326801/000132680121000033/fb-20210331.htm,9.093850692468376,3.300000001007686,4.253827525780363,2.76940086427622,22.31469938556519,46.44288724172732,39.6458671280376,46.44288724172732,4.076613668718772,847621639135.1099,839722639135.1099,22.312878781065333,32.38782007317679,69.23882038352474,106.35152310352696,6.341767652536792,6.341767652536792,32.08599744507699,62.90057221985842,68.59358267726759,105.36043151005144,0.0112042915866216,0.0094027802406417,0.0868940646580426,0.0710236480495098,-0.591685393258427,6.080207596131163,96.42372881355932,1.289038643782247,0.0,0.0,0.0619769974399144,0.1985785793435482,0.1196223161267833,0.3489625878124489,0.1632341140957548,2.166328600405679,0.0699247258415803,58.72294593045593,0.0618639849664713,0.0659687973215154,14.614931035314656,64605000000.0,114096000000.0,47456000000.0,142088000000.0,10805500000.0,1104500000.0,0.0,35.338351610561304,15.400506723835507,0.0,2.546808096535617,5.843963553530752,0.0,0.0710550139536275,1.4844266615041422,2021-04-28,2.37,amc,23516800000.0,2025-04-25,2021-03-31,0.3924050632911391,269.2567213114754,20785751.278688524
2020-12-31,META,USD,1326801,2021-01-28,2021-01-27 21:13:48,2020,Q4,28072000000.0,5210000000.0,22862000000.0,0.8144058136,5208000000,1599000000.0,3280000000.0,4879000000.0,273000000.0,10087000000.0,15297000000.0,280000000.0,136000000.0,1863000000.0,14638000000.0,0.5214448561,12775000000.0,0.4550797948,280000000.0,13055000000.0,0.4650541465,1836000000.0,11219000000.0,0.3996508977,3.94,3.88,2890000000,2892924158,https://www.sec.gov/Archives/edgar/data/1326801/000132680121000014/0001326801-21-000014-index.htm,https://www.sec.gov/Archives/edgar/data/1326801/000132680121000014/fb-20201231.htm,9.713494809688582,3.882006920415225,4.858131487889273,3.261937716262976,21.43737024221453,44.391003460207614,37.583737024221456,44.391003460207614,3.733564013840831,789432400000.0001,782510400000.0001,17.59141634726803,28.121701339412944,56.22737891737892,83.74163572716667,6.153499103593422,6.153499103593422,27.875121117127392,53.45746686705835,55.73435897435898,83.00736183303279,0.014211476498811,0.0119414911270426,0.0830462234001091,0.0668733837153832,-0.4728788085804071,5.051064681930446,93.93382352941175,1.2514484356894553,0.0,0.0,0.0569606725562838,0.1855229410088344,0.1234841447186723,0.3285612535612535,0.1643274437161584,2.4761137949543746,0.0635508691935024,62.26828333369885,0.0755264795613986,0.0803405827717823,13.64333910034602,60689000000.0,108617000000.0,44644000000.0,135343000000.0,9679500000.0,1218500000.0,0.0,36.34048161869479,22.99232245681382,0.0,2.4765769739744155,3.91435011269722,0.0,0.0874503078961727,1.5961937716262975,2021-01-27,3.22,amc,22317316770.0,2025-04-25,2020-12-31,0.2049689440993787,274.14046875,18358467.515625
2020-09-30,META,USD,1326801,2020-10-30,2020-10-29 21:29:56,2020,Q3,21470000000.0,4194000000.0,17276000000.0,0.8046576619,4763000000,1790000000.0,2683000000.0,4473000000.0,-53000000.0,9236000000.0,13430000000.0,93000000.0,146000000.0,1698000000.0,9738000000.0,0.4535631113,8040000000.0,0.374476013,93000000.0,8133000000.0,0.3788076386,287000000.0,7846000000.0,0.365440149,2.75,2.71,2891000000,2895202952,https://www.sec.gov/Archives/edgar/data/1326801/000132680120000084/0001326801-20-000084-index.htm,https://www.sec.gov/Archives/edgar/data/1326801/000132680120000084/fb-09302020x10q.htm,7.426496022137669,2.713939813213421,3.3995157384987893,2.123486682808717,19.239017640954685,40.72327914216534,33.88308543756486,40.72327914216534,3.722587340020754,757152899999.9999,756151899999.9999,24.12544290084119,35.26562179785747,77.04038461538461,123.33489167616874,6.431210980965081,6.431210980965081,35.21899860270144,77.64960977613472,76.93853276353275,123.17183580387685,0.0103625040596159,0.0081080056617362,0.0901716625187928,0.0724953392926651,-0.1027931813514068,5.50895847287341,55.06849315068493,1.25261279632934,0.0,0.0,0.0833721471821145,0.2218444340940847,0.1350410073956718,0.3753561253561253,0.171821145784816,2.172555948174322,0.0802049371215649,49.86694188780619,0.0572554537959405,0.0619443874247998,11.39121411276375,53855000000.0,97956000000.0,37093000000.0,125360000000.0,7753500000.0,1013000000.0,0.0,33.635770843036795,23.733905579399146,0.0,2.6757228315054835,3.792043399638336,0.0,0.0666434498984974,1.2760290556900726,2020-10-29,1.91,amc,15131992619.0,2025-04-25,2020-09-30,0.256544502617801,257.88671875,24861947.609375
2020-06-30,META,USD,1326801,2020-07-31,2020-07-31 16:17:44,2020,Q2,18687000000.0,3829000000.0,14858000000.0,0.7950981966,4462000000,1593000000.0,2840000000.0,4433000000.0,6000000.0,8895000000.0,12724000000.0,162000000.0,162000000.0,1704000000.0,7667000000.0,0.410285225,5963000000.0,0.3190988388,168000000.0,6131000000.0,0.3280890459,953000000.0,5178000000.0,0.2770910258,1.82,1.8,2876666666,2879000000,https://www.sec.gov/Archives/edgar/data/1326801/000132680120000076/0001326801-20-000076-index.htm,https://www.sec.gov/Archives/edgar/data/1326801/000132680120000076/fb-06302020x10q.htm,6.496060256430141,1.8000000004171497,1.348088065202338,0.2165701043375597,20.24565469762356,38.39409039128484,31.480533031629324,38.39409039128484,3.71749710399015,653204699848.62,642691699848.62,31.537499992691192,34.95503290247873,168.43855076034552,1048.4826642834992,5.914191420759459,5.914191420759459,34.392449288201426,83.82570755818703,165.72761728948427,1031.6078649255537,0.007927070949122,0.0009537592123026,0.0953579544940107,0.0753949789177541,-1.371201252119473,6.024938096922533,36.80864197530864,0.7489378138277327,0.0,0.0,0.0852464279980735,0.2387756194145662,0.1423713768245627,0.8393501805054152,0.1741852624819393,1.910211267605633,0.090704768020549,39.43298950380757,0.0389544859118781,0.0432209544001402,12.030677870690772,56822000000.0,90559000000.0,38886000000.0,125145000000.0,7386000000.0,874500000.0,0.0,36.03949269545673,21.62444502481065,0.0,2.497260457035948,4.16195652173913,0.0,0.0468822149990493,1.1315179608647783,2020-07-30,1.39,amc,14430516666.0,2025-04-25,2020-06-30,0.2949640287769785,208.77888888888887,25384449.92063492
2020-03-31,META,USD,1326801,2020-04-30,2020-04-30 06:14:44,2020,Q1,17737000000.0,3459000000.0,14278000000.0,0.8049839319,4015000000,1583000000.0,2787000000.0,4370000000.0,-260000000.0,8385000000.0,11844000000.0,228000000.0,228000000.0,1597000000.0,7490000000.0,0.4222811073,5893000000.0,0.3322433331,-32000000.0,5861000000.0,0.3304391949,959000000.0,4902000000.0,0.276371427,1.72,1.71,2866666666,2868000000,https://www.sec.gov/Archives/edgar/data/1326801/000132680120000048/0001326801-20-000048-index.htm,https://www.sec.gov/Archives/edgar/data/1326801/000132680120000048/fb-03312020x10q.htm,6.187325582834262,1.7100000003976743,3.837558140427339,2.596395349441022,21.03104651651885,36.73395349691487,29.879651169739457,36.73395349691487,3.687906977601839,478159999888.8001,464885999888.8001,24.385964906609548,26.95833567620229,43.46513952266158,64.24291278903668,4.540758184767911,4.540758184767911,26.20995658165417,62.06755672747664,42.2585219424416,62.459492125325816,0.0102517985635352,0.0155659193611572,0.09822988680392,0.0747555484892065,-1.772229639519359,4.602097020372951,25.84649122807017,2.244186046511628,0.0,0.0,0.0892484636635282,0.226362970062581,0.1420022981694141,0.3234251431688028,0.2005976207926932,2.2279273638071384,0.075266392287309,37.5943993318484,0.0397042302733382,0.0412897356850457,11.403052328233269,54280000000.0,85655000000.0,36282000000.0,120415000000.0,8403500000.0,1096000000.0,0.0,36.98539775610306,21.569817866435383,0.0,2.4333927836465907,4.172496984318456,0.0,0.0465509382359644,1.241162790986317,2020-04-29,1.75,amc,18255625730.0,2025-04-25,2020-03-31,-0.0228571428571428,195.7832258064516,21213688.612903222
2019-12-31,META,USD,1326801,2020-01-30,2020-01-29 21:12:14,2019,Q4,21082000000.0,3492000000.0,17590000000.0,0.8343610663,3877000000,1829000000.0,3026000000.0,4855000000.0,187000000.0,8732000000.0,12224000000.0,249000000.0,229000000.0,1468000000.0,10326000000.0,0.4898017266,8858000000.0,0.4201688644,311000000.0,9169000000.0,0.4349207855,1820000000.0,7349000000.0,0.3485912153,2.58,2.56,2864207192,2871000000,https://www.sec.gov/Archives/edgar/data/1326801/000132680120000013/0001326801-20-000013-index.htm,https://www.sec.gov/Archives/edgar/data/1326801/000132680120000013/fb-12312019x10k.htm,7.360501034591355,2.565806000531822,3.171209130879104,1.73974844205335,19.15189660622848,35.28166547526775,28.435442878393555,35.28166547526775,3.6844401583361432,587878526158.0,579123526158.0,19.99858913314737,27.885329957214687,64.72294684113179,117.9768264415011,5.817469136877314,5.817469136877314,27.470046777250737,56.08401376699593,63.75905825806451,116.219852730885,0.0125008818539918,0.0084762408869834,0.102163199873335,0.0774052303262955,-0.8478597714507069,4.399455258088088,38.68122270742358,1.235950469451626,0.0,0.0,0.0867564747177687,0.1839009581633621,0.1470204534548944,0.4513927116591434,0.1944787022104164,2.79291553133515,0.0603832653448439,45.13128573580598,0.0596000094254114,0.0645969393585134,10.359411177681311,51172000000.0,81445000000.0,33903000000.0,115564000000.0,8595500000.0,1111500000.0,0.0,40.63276728963096,35.128865979381445,0.0,2.2149611262870352,2.561995597945708,0.0,0.072723494369347,1.4314606888257544,2020-01-29,2.53,amc,20834945312.0,2025-04-25,2019-12-31,0.0118577075098815,193.69046875,13546184.125
2019-09-30,META,USD,1326801,2019-10-31,2019-10-30 21:00:31,2019,Q3,17652000000.0,3155000000.0,14497000000.0,0.821266712,3548000000,1348000000.0,2416000000.0,3764000000.0,-114000000.0,7312000000.0,10467000000.0,258000000.0,258000000.0,1416000000.0,8601000000.0,0.487253569,7185000000.0,0.4070360299,144000000.0,7329000000.0,0.4151937458,1238000000.0,6091000000.0,0.3450600499,2.13,2.12,2873113207,2874000000,https://www.sec.gov/Archives/edgar/data/1326801/000132680119000069/0001326801-19-000069-index.htm,https://www.sec.gov/Archives/edgar/data/1326801/000132680119000069/fb-09302019x10q.htm,6.1438581525409415,2.120000000403744,3.239343294000597,2.0100147762816643,18.19246101150932,32.71677557674462,26.03726153836861,32.71677557674462,3.268231818057979,511643999902.56006,504796999902.56006,20.999999996000657,28.98504418210741,54.97410550151069,88.59636361949092,5.443079180656816,5.443079180656816,28.59715612409699,58.690501093193824,54.23842268212744,87.41073591386322,0.0119047619070291,0.0112871449701351,0.0971499696805285,0.0733977398768667,-0.7960702243925125,4.657788115246098,27.848837209302324,1.527992119520604,0.0,0.0,0.0763652843870383,0.200997054158169,0.1542461701683036,0.3794993016009455,0.2000906412871062,2.494350282485876,0.0707568547473374,39.5043060350125,0.0533792590382041,0.0578843832856586,9.607957644253034,48751000000.0,74808000000.0,31660000000.0,108629000000.0,7593000000.0,757500000.0,0.0,39.12134602311352,24.5324881141046,0.0,2.300534341196403,3.668604651162791,0.0,0.0647985616868264,1.229328517718933,2019-10-30,1.91,amc,15903452830.0,2025-04-25,2019-09-30,0.1099476439790577,190.07421875,14277294.65625
2019-06-30,META,USD,1326801,2019-07-25,2019-07-24 21:12:30,2019,Q2,16886000000.0,3307000000.0,13579000000.0,0.8041572901,3315000000,3224000000.0,2414000000.0,5638000000.0,-13000000.0,8953000000.0,12260000000.0,219000000.0,219000000.0,1502000000.0,8128000000.0,0.4813454933,6626000000.0,0.3923960677,206000000.0,4832000000.0,0.2861542106,2216000000.0,2616000000.0,0.1549212365,0.92,0.91,2874725274,2875000000,https://www.sec.gov/Archives/edgar/data/1326801/000132680119000055/0001326801-19-000055-index.htm,https://www.sec.gov/Archives/edgar/data/1326801/000132680119000055/fb-06302019x10q.htm,5.873952600870339,0.9100000002295872,2.99680810473161,1.7330351686329524,16.90457186970834,30.876689610236475,24.1532645320876,30.876689610236475,2.7929625389309463,554821977882.0,548754977882.0,53.02197800860092,32.8569215848632,64.40185465838654,111.36531069490164,6.250670082715576,6.250670082715576,32.49762986391093,67.51414590083661,63.69761786210098,110.14752667242072,0.0047150259079253,0.008979456832295,0.0879881030170568,0.0667487137411756,-0.7464320866141733,4.465752369211804,30.25570776255708,3.293195718654434,0.0,0.0,0.1909273954755418,0.196316475186545,0.1651881100114524,0.4217063261752757,0.2151486438469738,2.418774966711052,0.077164514982826,25.143592025187885,0.0342573171645649,0.0267818751407686,9.0397333738403,44982000000.0,69434000000.0,29717000000.0,101581000000.0,6994000000.0,629500000.0,0.0,40.04323107900036,17.82582400967644,0.0,2.24757087714628,5.0488549618320615,0.0,0.0294720713818976,1.2637729360986585,2019-07-24,1.88,amc,34885362637.0,2025-04-25,2019-06-30,0.0585106382978724,182.71,17387860.15873016
2019-03-31,META,USD,1326801,2019-04-25,2019-04-24 21:06:00,2019,Q1,15077000000.0,2816000000.0,12261000000.0,0.8132254427,2860000000,4064000000.0,2020000000.0,6084000000.0,-33000000.0,8944000000.0,11760000000.0,198000000.0,198000000.0,1355000000.0,7672000000.0,0.5088545467,6317000000.0,0.4189825562,165000000.0,3482000000.0,0.2309478013,1053000000.0,2429000000.0,0.1611063209,0.85,0.85,2857647058,2869000000,https://www.sec.gov/Archives/edgar/data/1326801/000132680119000037/0001326801-19-000037-index.htm,https://www.sec.gov/Archives/edgar/data/1326801/000132680119000037/fb-03312019x10q.htm,5.276018939354966,0.8500000002449568,3.2572251964924077,1.9145121454673355,15.83225607702041,30.275257316258823,23.45741046373824,30.275257316258823,2.5923425285362867,482085058684.6,478219058684.6,49.61764704452449,31.974866265477218,51.792550352879246,88.11644282299396,5.572206975410328,5.572206975410328,31.718449206380576,62.33303684627216,51.377208711280616,87.40980783853043,0.0050385299362475,0.0113486197123137,0.0833371861852143,0.0658585821679439,-0.5039103232533889,5.379491320145337,31.904040404040405,3.832029641827913,0.0,0.0,0.2695496451548717,0.1896929097300524,0.1779643212729614,0.4122260421143103,0.2544935995224514,2.831734317343173,0.066989454135438,24.062715897011977,0.0439725071059019,0.0269906882681067,9.496711612452737,43392000000.0,67033000000.0,30339000000.0,96967000000.0,7031000000.0,712000000.0,0.0,38.65158851230351,19.303977272727277,0.0,2.3284942084942086,4.662251655629139,0.0,0.0280757316565721,1.3427130510250718,2019-04-24,1.63,amc,28912364705.0,2025-04-25,2019-03-31,0.1595092024539877,159.03245901639343,19967017.770491805
2018-12-31,META,USD,1326801,2019-01-31,2019-01-31 16:58:29,2018,Q4,16914000000.0,2796000000.0,14118000000.0,0.8346931536,2855000000,976000000.0,2467000000.0,3443000000.0,177000000.0,6298000000.0,9094000000.0,196000000.0,187000000.0,1225000000.0,9045000000.0,0.5347641007,7820000000.0,0.4623388909,151000000.0,7971000000.0,0.4712664065,1089000000.0,6882000000.0,0.406881873,2.4,2.38,2886000000,2886000465,https://www.sec.gov/Archives/edgar/data/1326801/000132680119000009/0001326801-19-000009-index.htm,https://www.sec.gov/Archives/edgar/data/1326801/000132680119000009/fb-12312018x10k.htm,5.860706860706861,2.3846153846153846,2.6625086625086625,1.1496881496881497,14.246015246015244,29.15003465003465,22.36036036036036,29.15003465003465,0.238045738045738,378325740000.0,368806740000.0,13.743306451612904,22.36760908123448,49.23552056220719,114.02222423146472,4.497078702437981,4.497078702437981,21.804820858460445,40.77465339966832,47.99671264966163,111.1533273056058,0.0181906734656753,0.0087702200754302,0.0059433951050197,0.0051369511167731,-1.0524046434494196,7.193957531708707,41.81818181818182,1.1165358907294392,0.0,0.0,0.0577036774269835,0.1687950809979898,0.2013171142663406,0.5681936491410724,0.2581293602932482,3.5640816326530613,0.0574080643254109,39.547584938808136,0.0743432359305908,0.088526994172809,11.641458766458769,43463000000.0,64532000000.0,37273000000.0,87741000000.0,6822500000.0,705000000.0,0.0,40.37069882937212,26.394849785407725,0.0,2.229339659944642,3.4097560975609755,0.0,0.0818048902254924,1.5128205128205128,2019-01-30,2.19,amc,15563722689.0,2025-04-25,2018-12-31,0.0867579908675798,144.86873015873016,26974364.126984127
2018-09-30,META,USD,1326801,2018-10-31,2018-10-31 16:13:09,2018,Q3,13727000000.0,2418000000.0,11309000000.0,0.823850805,2657000000,943000000.0,1928000000.0,2871000000.0,-45000000.0,5528000000.0,7946000000.0,176000000.0,176000000.0,1107000000.0,6888000000.0,0.5017848037,5781000000.0,0.4211408174,131000000.0,5912000000.0,0.4306840533,775000000.0,5137000000.0,0.374225978,1.78,1.76,2913000000,2918750000,https://www.sec.gov/Archives/edgar/data/1326801/000132680118000067/0001326801-18-000067-index.htm,https://www.sec.gov/Archives/edgar/data/1326801/000132680118000067/fb-09302018x10q.htm,4.712324064538277,1.763474081702712,2.573292138688637,1.4256779951939582,14.14555441125987,27.58050120151047,20.798832818400275,27.58050120151047,0.0844490216271884,473187720000.0,463620720000.0,23.028407630912984,34.47131346980404,63.125362860192105,113.93877197206838,5.889668168579323,5.889668168579323,33.77436584832811,67.3084668989547,61.84908217716115,111.63513604623164,0.0108561566221541,0.0087766436542351,0.0008712752981006,0.0007571496560377,-1.3889372822299653,8.9979860856829,32.84659090909091,1.4592174420868211,0.0,0.0,0.0686967290740875,0.1935601369563633,0.2136784493575044,0.4459711846318036,0.2435346397610548,3.019873532068654,0.0757630946310191,33.08086649647753,0.0577442545073462,0.0706631635418242,11.548060418812222,43685000000.0,60587000000.0,37037000000.0,84552000000.0,5824000000.0,504500000.0,0.0,39.7188023603118,21.960297766749378,0.0,2.2659293496203365,4.098305084745762,0.0,0.0639391600906126,1.147614143494679,2018-10-30,1.47,amc,11465164772.0,2025-04-25,2018-09-30,0.1972789115646258,181.0285714285714,27019836.01587301
2018-06-30,META,USD,1326801,2018-07-26,2018-07-26 16:25:03,2018,Q2,13231000000.0,2214000000.0,11017000000.0,0.8326657093,2523000000,776000000.0,1855000000.0,2631000000.0,-138000000.0,5154000000.0,7368000000.0,143000000.0,143000000.0,1034000000.0,6897000000.0,0.5212757917,5863000000.0,0.443125992,5000000.0,5868000000.0,0.4435038924,762000000.0,5106000000.0,0.3859118736,1.76,1.74,2930000000,2934482758,https://www.sec.gov/Archives/edgar/data/1326801/000132680118000057/0001326801-18-000057-index.htm,https://www.sec.gov/Archives/edgar/data/1326801/000132680118000057/fb-06302018x10q.htm,4.515699658703071,1.7426621160409557,2.149829351535836,0.969283276450512,14.439931740614334,27.09283276450512,20.32286689419795,27.09283276450512,0.0901023890784983,569357600000.0,557926600000.0,27.87688993341167,43.03209130073313,90.38856961422448,200.4780281690141,7.172376609306896,7.172376609306896,42.16813543949815,80.89409888357257,88.5738371170027,196.4530281690141,0.0089680018322404,0.004988077791532,0.0015242750245647,0.0013401114175277,-1.6573872698274612,10.670877944325484,41.0,1.233646690168429,0.0,0.0,0.0586501398231426,0.1906885345023052,0.219689670066784,0.5491347832989364,0.2614314866601164,3.345261121856866,0.0896379714307308,32.59305445468505,0.0595840889998198,0.0724717905045773,12.147610921501707,45163000000.0,59546000000.0,38924000000.0,83356000000.0,5352500000.0,506000000.0,0.0,38.024336784823525,17.03252032520325,0.0,2.3669051878354206,5.284009546539379,0.0,0.0643218865737824,1.1805460750853245,2018-07-25,1.72,amc,13078919540.0,2025-04-25,2018-06-30,0.0116279069767441,180.7046875,24055328.5625
2018-03-31,META,USD,1326801,2018-04-26,2018-04-26 17:06:41,2018,Q1,11966000000.0,1927000000.0,10039000000.0,0.8389603878,2238000000,757000000.0,1595000000.0,2352000000.0,16000000.0,4590000000.0,6517000000.0,145000000.0,145000000.0,949000000.0,6398000000.0,0.5346815979,5449000000.0,0.4553735584,161000000.0,5610000000.0,0.468828347,622000000.0,4987000000.0,0.4167641651,1.72,1.69,2944409872,2945000000,https://www.sec.gov/Archives/edgar/data/1326801/000132680118000032/0001326801-18-000032-index.htm,https://www.sec.gov/Archives/edgar/data/1326801/000132680118000032/fb-03312018x10q.htm,4.063972245777065,1.6937180001412522,2.669465306017694,1.7144352245263768,14.928628115943228,26.361818963497893,19.568267498323344,26.361818963497893,0.082529270911234,470487253446.88,458503253446.88,23.585685454525763,39.31867403032592,59.85842919171501,93.20270472402537,6.061417849096624,6.061417849096624,38.31716976825004,71.66352820363863,58.33374725787277,90.82869521530904,0.0105996495409052,0.0107293023626408,0.0012625611955681,0.0011018044859182,-1.87308533916849,9.911915060951632,37.57931034482758,1.575781876503609,0.0,0.0,0.0632625773023566,0.1870299181012869,0.2248917870594187,0.3577608142493638,0.2349991642988467,2.9631190727081136,0.0798094601370549,31.69563793546647,0.0577737705420517,0.0723361666328217,12.385249196039918,45326000000.0,57617000000.0,39087000000.0,81540000000.0,5473500000.0,486500000.0,0.0,38.47150259067357,27.69590036325895,0.0,2.33939393939394,3.2495784148397977,0.0,0.064248904921412,0.9550300814913176,2018-04-25,1.35,amc,9558639053.0,2025-04-25,2018-03-31,0.2518518518518517,179.5511475409836,32926406.06557377
2017-12-31,META,USD,1326801,2018-02-01,2018-02-01 16:58:26,2017,Q4,12972000000.0,1611000000.0,11361000000.0,0.8758094357,1949000000,686000000.0,1374000000.0,2060000000.0,-10000000.0,4009000000.0,5620000000.0,132000000.0,126000000.0,853000000.0,8205000000.0,0.6325161887,7352000000.0,0.5667591736,110000000.0,7462000000.0,0.5752389763,3193000000.0,4268000000.0,0.3290163429,1.47,1.44,2953308251,2954000000,https://www.sec.gov/Archives/edgar/data/1326801/000132680118000009/0001326801-18-000009-index.htm,https://www.sec.gov/Archives/edgar/data/1326801/000132680118000009/fb-12312017x10k.htm,4.392362360281098,1.445159000437845,2.5970875195309917,1.8311667934320208,14.1234833803334,25.174141566436845,18.366521673324645,25.174141566436845,0.042664019225672,521140773971.46,513061773971.46,30.526052833379804,40.17428106471323,67.94534210840418,96.3647880864386,7.0095736744113415,7.0095736744113415,39.55147810449122,62.53038073997075,66.89201746694394,94.87089015744452,0.0081897257193576,0.0103772344635159,0.0,0.0,-0.9846435100548446,12.915691489361702,58.34920634920635,1.7970946579194005,0.0,0.0,0.0528831329016342,0.1502466851680542,0.2378614358052151,0.2949152542372881,0.1743755781683626,2.651817116060961,0.0627505396238051,28.61056340616583,0.0520785145654231,0.0662537450131172,12.158568272662167,44803000000.0,54242000000.0,38386000000.0,78629000000.0,5128000000.0,381500000.0,0.0,40.46253469010176,21.22905027932961,0.0,2.2242798353909463,4.239473684210527,0.0,0.0574064858030586,0.7659207260989703,2018-01-31,1.95,amc,17566250000.0,2025-04-25,2017-12-31,0.1333333333333333,176.74142857142857,15654631.047619049
2017-09-30,META,USD,1326801,2017-11-02,2017-11-02 16:37:43,2017,Q3,10328000000.0,1448000000.0,8880000000.0,0.8597986057,2052000000,536000000.0,1170000000.0,1706000000.0,6000000.0,3758000000.0,5206000000.0,108000000.0,108000000.0,773000000.0,5894000000.0,0.5706816421,5122000000.0,0.495933385,114000000.0,5236000000.0,0.50697134,529000000.0,4704000000.0,0.455460883,1.62,1.59,2954116986,2956000000,https://www.sec.gov/Archives/edgar/data/1326801/000132680117000053/0001326801-17-000053-index.htm,https://www.sec.gov/Archives/edgar/data/1326801/000132680117000053/fb-09302017x10q.htm,3.496137779561855,1.592354000296182,2.074393136440264,1.480306981993028,12.96123348582919,24.10466489223863,17.245424010435585,24.10466489223863,0.0365591479659837,504769969397.82,497568969397.82,26.82663527837053,48.87393197112897,82.37107855708551,115.42876043855934,7.08866938262302,7.08866938262302,48.1767011423141,84.41957404102817,81.19598064585836,113.7820648062703,0.009319096390801,0.008663352150717,0.0,0.0,-1.2217509331523584,13.374583963691377,47.42592592592592,1.301890800934778,0.0,0.0,0.0518977536793183,0.1986831913245546,0.2565001645611281,0.2863903394255874,0.1699264136328427,2.2703751617076326,0.0977924089852827,29.387430820956265,0.0608314846903231,0.08008853324253,11.44741395153401,40898000000.0,50945000000.0,36413000000.0,73319000000.0,4160500000.0,353000000.0,0.0,38.55151045701007,23.80524861878453,0.0,2.334538878842676,3.7806788511749354,0.0,0.0660599932591843,0.5940861544472362,2017-11-01,1.28,amc,8314364779.0,2025-04-25,2017-09-30,0.2421875,166.87539682539682,16323175.126984129
2017-06-30,META,USD,1326801,2017-07-27,2017-07-27 16:25:55,2017,Q2,9321000000.0,1237000000.0,8084000000.0,0.8672889175,1919000000,640000000.0,1124000000.0,1764000000.0,-4000000.0,3683000000.0,4920000000.0,91000000.0,91000000.0,728000000.0,5130000000.0,0.550370132,4401000000.0,0.4721596395,87000000.0,4488000000.0,0.481493402,594000000.0,3890000000.0,0.4173371956,1.34,1.32,2947970220,2951000000,https://www.sec.gov/Archives/edgar/data/1326801/000132680117000038/0001326801-17-000038-index.htm,https://www.sec.gov/Archives/edgar/data/1326801/000132680117000038/fb-06302017x10q.htm,3.161836553423528,1.319552000087708,1.8182001852108265,1.32837162785179,12.02590167277877,22.551448976306144,15.660266744485634,22.551448976306144,0.0308686971742882,445084543815.6,438832543815.6,28.60440512953727,47.75072887196652,83.03816115962685,113.65795296618998,6.6949134913072905,6.6949134913072905,47.07998538950756,85.54240620187134,81.8717432491791,112.0614258977528,0.0087399125717824,0.0087983284398714,0.0,0.0,-1.2187134502923975,12.308898944193064,48.362637362637365,1.376476630713919,0.0,0.0,0.0686621607123699,0.2058791975109966,0.2751107078531479,0.2694029850746268,0.1549190001072846,1.983516483516484,0.1107177341486965,25.875678078750227,0.0541418260248745,0.0726722463010013,10.520035036174823,37489000000.0,46166000000.0,33442000000.0,68432000000.0,3656000000.0,246500000.0,0.0,37.62793691663985,23.500404203718677,0.0,2.391839876828329,3.829721362229102,0.0,0.0585129585896722,0.489828557359036,2017-07-26,1.13,amc,7979340909.0,2025-04-25,2017-06-30,0.1681415929203541,148.6863492063492,17365223.984126985
2017-03-31,META,USD,1326801,2017-05-04,2017-05-04 16:20:47,2017,Q1,8032000000.0,1159000000.0,6873000000.0,0.8557021912,1834000000,655000000.0,1057000000.0,1712000000.0,14000000.0,3546000000.0,4705000000.0,67000000.0,67000000.0,671000000.0,3998000000.0,0.4977589641,3327000000.0,0.4142181275,81000000.0,3408000000.0,0.4243027888,344000000.0,3059000000.0,0.3808515936,1.06,1.04,2939198278,2944000000,https://www.sec.gov/Archives/edgar/data/1326801/000132680117000024/0001326801-17-000024-index.htm,https://www.sec.gov/Archives/edgar/data/1326801/000132680117000024/fb-03312017x10q.htm,2.732717986438613,1.040760000064208,1.720877437177105,1.2884465904685043,10.991432678023637,21.15815066492088,14.188222792637331,21.15815066492088,0.0227953318091866,417513115389.9,410409115389.9,34.12169952516346,51.9812145654756,82.54509991892053,110.24904024026937,6.713724760241526,6.713724760241526,51.09675241408118,102.65360565030016,81.14059220836299,108.37314903350938,0.0073267159455417,0.0090703737449384,0.0,0.0,-1.7768884442221111,12.612704918032788,49.656716417910445,1.6507832898172323,0.0,0.0,0.0815488047808764,0.2283366533864541,0.2981342957766976,0.2512850929221036,0.1582420318725099,1.894187779433681,0.1079432270916334,22.2589876222187,0.045468276781352,0.0634278842166376,9.642510412494191,34002000000.0,41702000000.0,30404000000.0,63950000000.0,3704000000.0,236000000.0,0.0,38.26568725099602,13.201035375323556,0.0,2.3519765739385066,6.817647058823529,0.0,0.0491895542548401,0.4324308467086003,2017-05-03,1.12,amc,8649846153.0,2025-04-25,2017-03-31,0.1607142857142856,133.63741935483873,17835561.741935484
2016-12-31,META,USD,1326801,2017-02-03,2017-02-02 21:13:52,2016,Q4,8809000000.0,1047000000.0,7762000000.0,0.8811442843,1563000000,515000000.0,1118000000.0,1633000000.0,-14000000.0,3196000000.0,4243000000.0,66000000.0,56000000.0,614000000.0,5181000000.0,0.5881484845,4567000000.0,0.5184470428,-34000000.0,4533000000.0,0.5145873538,964000000.0,3560000000.0,0.4041321376,1.24,1.21,2930593502,2938000000,https://www.sec.gov/Archives/edgar/data/1326801/000132680117000007/0001326801-17-000007-index.htm,https://www.sec.gov/Archives/edgar/data/1326801/000132680117000007/fb-12312016x10k.htm,3.005875770211136,1.2147710003350711,1.6822530987786242,1.249235009052443,10.048817749681886,20.198638930852308,13.149896078627147,20.198638930852308,0.0191087573086415,337164782405.1,328261782405.1,23.677302135189606,38.27503489670791,68.3904223945436,92.0963623067741,5.695928344175085,5.695928344175085,37.26436399195141,63.35876904171009,66.58454004160242,89.66451308524992,0.0105586353788359,0.0108581921690781,0.0,0.0,-1.7183941324068712,11.965565217391305,81.55357142857143,1.381726457399103,0.0,0.0,0.0584629356340106,0.1774321716426382,0.317990794476686,0.2574036511156186,0.1440572142127369,2.066775244299674,0.0943353388579861,23.496302229018152,0.0579159467245958,0.0803539183820874,9.102848955951858,31526000000.0,38537000000.0,28634000000.0,60774000000.0,3531500000.0,281000000.0,0.0,40.79577704620275,25.959885386819483,0.0,2.206110693714,3.466887417218543,0.0,0.0601412305301213,0.4330180897261813,2017-02-01,1.31,amc,8184248226.0,2025-04-25,2016-12-31,0.0763358778625953,122.81206349206349,21851044.3968254
2016-09-30,META,USD,1326801,2016-11-03,2016-11-03 16:05:28,2016,Q3,7011000000.0,987000000.0,6024000000.0,0.8592212238,1539000000,438000000.0,925000000.0,1363000000.0,-3000000.0,2902000000.0,3889000000.0,50000000.0,50000000.0,591000000.0,3708000000.0,0.5288831836,3117000000.0,0.4445870774,47000000.0,3164000000.0,0.4512908287,537000000.0,2620000000.0,0.3736984738,0.83,0.82,2923190383,2931000000,https://www.sec.gov/Archives/edgar/data/1326801/000132680116000087/0001326801-16-000087-index.htm,https://www.sec.gov/Archives/edgar/data/1326801/000132680116000087/fb-9302016x10q.htm,2.398406905267928,0.8962810001143877,1.223663029545483,0.8490723062152329,8.942284482057287,18.512307756179425,11.401241668630654,18.512307756179425,0.0171045992388241,374957630427.41,368919630427.41,35.7783998499437,53.48133367956212,104.82461012787532,151.0707616548791,6.928903823845699,6.928903823845699,52.62011559369705,99.49288846478156,103.1366034183422,148.63804610290492,0.0069874561480812,0.006619414564709,0.0,0.0,-1.628371089536138,11.68709055876686,62.34,1.503572929802438,0.0,0.0,0.0624732563115104,0.2195121951219512,0.3483426617957569,0.3061224489795918,0.1561831407787762,1.8527918781725887,0.1168164313222079,19.32162437472613,0.0453402639839401,0.0673747010569084,7.828261933632668,27733000000.0,33328000000.0,24769000000.0,56419000000.0,2935500000.0,195000000.0,0.0,39.40949935815148,23.708206686930097,0.0,2.28371335504886,3.796153846153846,0.0,0.0484154116233946,0.3745907233302498,2016-11-02,0.97,amc,6239146788.0,2025-04-25,2016-09-30,0.1237113402061856,124.139375,18943161.0
2016-06-30,META,USD,1326801,2016-07-28,2016-07-28 16:19:58,2016,Q2,6436000000.0,916000000.0,5520000000.0,0.8576755749,1463000000,412000000.0,899000000.0,1311000000.0,-12000000.0,2774000000.0,3690000000.0,32000000.0,32000000.0,585000000.0,3319000000.0,0.515692977,2734000000.0,0.4247980112,20000000.0,2754000000.0,0.4279055314,471000000.0,2276000000.0,0.3536357986,0.72,0.71,2912046224,2921000000,https://www.sec.gov/Archives/edgar/data/1326801/000132680116000082/0001326801-16-000082-index.htm,https://www.sec.gov/Archives/edgar/data/1326801/000132680116000082/fb-6302016x10q.htm,2.2101297523909085,0.7815810000686307,1.098196853347751,0.7565127166745139,7.998842809577599,17.301579756791664,10.116941055809283,17.301579756791664,0.0109888365563252,332788642478.72003,327680642478.72003,36.55411275029877,51.70737142304537,104.06148920535334,151.06157171072175,6.6051771922815234,6.6051771922815234,50.91371076425109,98.72872626656223,102.46424092517825,148.74291533305495,0.0068391757093859,0.006619817261765,0.0,0.0,-1.5390177764386863,12.216191768430576,85.4375,1.5562043795620435,0.0,0.0,0.0640149160969546,0.2273151025481665,0.3753565725972838,0.3111319574734209,0.1545991298943443,1.7008547008547008,0.125077688004972,17.442998171309576,0.0423408399212156,0.0653703650515552,6.880986240828298,24799000000.0,29461000000.0,21654000000.0,52825000000.0,2574500000.0,139500000.0,0.0,39.16873834679926,12.77292576419214,0.0,2.2977508032845413,7.046153846153846,0.0,0.0451739674096421,0.3416841366732371,2016-07-27,0.82,amc,5440742268.0,2025-04-25,2016-06-30,0.1829268292682927,115.22671875,25833278.765625
2016-03-31,META,USD,1326801,2016-04-28,2016-04-28 16:15:04,2016,Q1,5382000000.0,838000000.0,4544000000.0,0.8442958008,1343000000,366000000.0,826000000.0,1192000000.0,29000000.0,2535000000.0,3373000000.0,27000000.0,27000000.0,552000000.0,2562000000.0,0.4760312152,2010000000.0,0.3734671126,56000000.0,2066000000.0,0.3838721665,328000000.0,1732000000.0,0.3218134522,0.53,0.52,2894975245,2905000000,https://www.sec.gov/Archives/edgar/data/1326801/000132680116000067/0001326801-16-000067-index.htm,https://www.sec.gov/Archives/edgar/data/1326801/000132680116000067/fb-3312016x10q.htm,1.8590832544407472,0.5982780001284606,1.0304060475653567,0.6393837056800118,7.123031547718813,16.28684047693817,8.999731533110225,16.28684047693817,0.0093265046209402,330316675454.5,323860675454.5,47.67850396283198,61.37433583324043,110.7330457440496,178.4530931682874,7.005655895111347,7.005655895111347,60.17478176412114,126.40931906889148,108.56878158045592,174.96524875985955,0.0052434531124317,0.005603713459071,0.0,0.0,-2.519906323185012,13.163073521282476,74.44444444444444,1.9754966887417216,0.0,0.0,0.0680044593088071,0.2495354886659234,0.4051080172827652,0.3794837412001341,0.2103307320698625,2.050724637681159,0.1387959866220735,14.80679954789222,0.0336388534968796,0.055908841473256,6.03010337658345,22003000000.0,26054000000.0,18887000000.0,49566000000.0,2453500000.0,172500000.0,0.0,39.26421404682274,16.002386634844868,0.0,2.292163543441226,5.624161073825503,0.0,0.0367338282078473,0.3910223418853448,2016-04-27,0.62,amc,4333558441.0,2025-04-25,2016-03-31,0.2419354838709677,105.5122950819672,35875718.55737705
2015-12-31,META,USD,1326801,2016-01-28,2016-01-28 16:17:07,2015,Q4,5841000000.0,824000000.0,5017000000.0,0.8589282657,1314000000,371000000.0,772000000.0,1143000000.0,49000000.0,2457000000.0,3281000000.0,37000000.0,14000000.0,543000000.0,3103000000.0,0.5312446499,2560000000.0,0.4382811162,-3000000.0,2557000000.0,0.4377675056,996000000.0,1554000000.0,0.2660503338,0.55,0.54,2865097070,2878000000,https://www.sec.gov/Archives/edgar/data/1326801/000132680116000043/0001326801-16-000043-index.htm,https://www.sec.gov/Archives/edgar/data/1326801/000132680116000043/fb-12312015x10k.htm,2.038674382505302,0.542390000070748,0.9867030438867468,0.7451754505476493,6.433987941637175,15.433333991717076,8.008803694738342,15.433333991717076,0.0446756242014515,299861059346.2,295068059346.2,48.24019616251609,51.33728117551789,106.07041363501943,140.45014489283372,6.781425196666516,6.781425196666516,50.5167025074816,95.09122118794716,104.37497677615848,138.20518002163934,0.0051824001535519,0.0071199641749249,0.0025781356008865,0.0023073653530876,-1.544634224943603,11.247792207792209,182.8571428571429,1.8098591549295773,0.0,0.0,0.0635165211436397,0.2249614791987673,0.4305462788673669,0.2447824548991864,0.1184728642355761,1.274401473296501,0.1277178565314158,13.7238819420503,0.0327706320632707,0.0552336946863337,5.292752611694235,19727000000.0,22946000000.0,16463000000.0,46686000000.0,2284500000.0,172500000.0,0.0,39.42989214175655,21.40776699029126,0.0,2.28253223915592,4.204081632653061,0.0,0.0351440589805056,0.2415275933390976,2016-01-27,0.68,amc,5027696202.0,2025-04-25,2015-12-31,0.1617647058823529,102.72625,24370392.296875
2015-09-30,META,USD,1326801,2015-11-05,2015-11-05 16:47:45,2015,Q3,4501000000.0,720000000.0,3781000000.0,0.8400355477,1271000000,345000000.0,706000000.0,1051000000.0,-34000000.0,2322000000.0,3042000000.0,7000000.0,7000000.0,486000000.0,1945000000.0,0.4321261942,1459000000.0,0.3241501888,-27000000.0,1432000000.0,0.3181515219,536000000.0,891000000.0,0.1979560098,0.32,0.31,2847027396,2863000000,https://www.sec.gov/Archives/edgar/data/1326801/000132680115000032/0001326801-15-000032-index.htm,https://www.sec.gov/Archives/edgar/data/1326801/000132680115000032/fb-9302015x10q.htm,1.5809472035020768,0.3129580000711732,0.769925854271618,0.4959558878793451,5.561590317763138,14.548507702523,7.010469947722274,14.548507702523,0.046715391705349,255947762900.4,251765762900.4,71.8147482885522,56.864644056965126,116.76449037427008,181.26612103427763,6.179327930960889,6.179327930960889,55.935517196267504,129.44255161974294,114.85664365894162,178.30436466033996,0.0034811790886671,0.0055167506994365,0.0030420086914534,0.0027114850760722,-2.15012853470437,10.680245535714286,208.42857142857144,2.446428571428572,0.0,0.0,0.0766496334147967,0.2823816929571206,0.4618347715681422,0.3558394160583941,0.1732948233725838,1.6049382716049383,0.1681848478115974,10.121468133553416,0.0204254229818007,0.0356285988483685,4.317661297278223,17347000000.0,19959000000.0,14090000000.0,44143000000.0,1912500000.0,144000000.0,0.0,40.1910686514108,18.625,0.0,2.239303482587065,4.832214765100671,0.0,0.0215113471752776,0.2739699663922728,2015-11-04,0.52,amc,4106175438.0,2025-04-25,2015-09-30,0.096153846153846,91.76453125,33377129.875
2015-06-30,META,USD,1326801,2015-07-31,2015-07-30 18:43:25,2015,Q2,4042000000.0,668000000.0,3374000000.0,0.8347352796,1170000000,305000000.0,626000000.0,931000000.0,-5000000.0,2101000000.0,2769000000.0,5000000.0,5000000.0,459000000.0,1732000000.0,0.4285007422,1273000000.0,0.3149430975,0.0,1273000000.0,0.3149430975,554000000.0,715000000.0,0.1768926274,0.26,0.25,2834152528,2850000000,https://www.sec.gov/Archives/edgar/data/1326801/000132680115000028/0001326801-15-000028-index.htm,https://www.sec.gov/Archives/edgar/data/1326801/000132680115000028/fb-6302015x10q.htm,1.426175888582945,0.2522800000833265,0.6633376225967186,0.4696289232320385,4.983853148499282,13.920210578024331,6.28829952655251,13.920210578024331,0.054337230787178,243085262326.56,238111262326.56,84.99484696732866,60.13984718618506,129.30067145029787,182.6335554669872,6.161544720839501,6.161544720839501,58.90926826485898,137.47763413773671,126.6549267694468,178.89651564730278,0.0029413547870272,0.0054754450650814,0.0037767413565852,0.0033763879447088,-2.871824480369515,9.011695906432749,254.6,2.6147426981919333,0.0,0.0,0.0754576942107867,0.2894606630381,0.4901427600271923,0.2920212765957446,0.1358238495794161,1.196078431372549,0.1887679366650173,8.889054580220428,0.0170024593265228,0.0317777777777777,3.813573861399459,15070000000.0,17822000000.0,12273000000.0,41655000000.0,1661500000.0,134000000.0,0.0,40.41316180108857,18.72754491017964,0.0,2.226997245179063,4.805755395683454,0.0,0.0181232890601236,0.19370869936468,2015-07-29,0.47,amc,3799480000.0,2025-04-25,2015-06-30,0.0638297872340426,81.65968253968255,23840522.53968254
2015-03-31,META,USD,1326801,2015-04-23,2015-04-23 16:23:16,2015,Q1,3543000000.0,654000000.0,2889000000.0,0.8154106689,1062000000,274000000.0,620000000.0,894000000.0,-3000000.0,1956000000.0,2610000000.0,2000000.0,2000000.0,457000000.0,1390000000.0,0.3923228902,933000000.0,0.2633361558,-1000000.0,932000000.0,0.2630539091,420000000.0,509000000.0,0.143663562,0.18,0.18,2819397900,2836000000,https://www.sec.gov/Archives/edgar/data/1326801/000132680115000015/0001326801-15-000015-index.htm,https://www.sec.gov/Archives/edgar/data/1326801/000132680115000015/fb-3312015x10q.htm,1.2566512871418398,0.1805350000438036,0.6029656190068099,0.4249134185706813,4.402713075724431,13.301066869631988,5.576367918838274,13.301066869631988,0.0666809037489884,231810895338.0,228577895338.0,113.85603896758349,65.42785643183743,136.3593501988235,193.4982431869783,6.1814590367723525,6.1814590367723525,64.51535290375388,164.44452902014388,134.45758549294118,190.79957874624372,0.0021957552912162,0.0051680055773617,0.0049598677368603,0.0044278334563287,-2.3258992805755394,8.593356242840779,466.5,3.3203125,0.0,0.0,0.0773355913068021,0.2997459779847586,0.5184612088461447,0.2952941176470588,0.1416878351679368,1.0984682713347922,0.1958791984194185,7.35047157858338,0.0127076252348682,0.0251631402017006,3.205648979166793,13258000000.0,15722000000.0,10498000000.0,39656000000.0,1593000000.0,152500000.0,0.0,38.3065198983912,17.75229357798165,0.0,2.34946949602122,5.069767441860465,0.0,0.0135729713874296,0.1780522004361285,2015-04-22,0.4,amc,3374285714.0,2025-04-25,2015-03-31,0.0499999999999999,78.34081967213115,26175572.442622952
2014-12-31,META,USD,1326801,2015-01-29,2015-01-29 16:35:58,2014,Q4,3851000000.0,653000000.0,3198000000.0,0.8304336536,1111000000,330000000.0,624000000.0,954000000.0,68000000.0,2065000000.0,2718000000.0,0.0,0.0,433000000.0,1532000000.0,0.3978187484,1099000000.0,0.2853804207,15000000.0,1114000000.0,0.2892755129,413000000.0,696000000.0,0.1807322773,0.25,0.25,2795921810,2816000000,https://www.sec.gov/Archives/edgar/data/1326801/000132680115000006/0001326801-15-000006-index.htm,https://www.sec.gov/Archives/edgar/data/1326801/000132680115000006/fb-12312014x10k.htm,1.377363267537156,0.2489340000534564,0.5661817846043413,0.3812696035301502,4.005476819825659,12.91023227863443,5.073818570055076,12.91023227863443,0.083335663810999,218137819616.2,214055819616.2,78.35410187363506,56.64446107925214,137.80026507656348,204.6321009532833,6.043268495572916,6.043268495572916,55.58447665962088,139.72311985391644,135.2216169401137,200.8028326606004,0.003190643425448,0.0048868188096661,0.0064550088652482,0.0057983276926139,-2.664490861618799,9.599719101123595,0.0,2.2582025677603426,0.0,0.0,0.0856920280446637,0.2884964944170345,0.5452418873183357,0.326595072646873,0.1342508439366398,1.1939953810623556,0.2194235263567904,8.503552473034059,0.0177898091601749,0.0380868994199409,2.9934671170221314,12246000000.0,14186000000.0,9582000000.0,38123000000.0,1520500000.0,148000000.0,0.0,39.2157881069852,24.25727411944869,0.0,2.294994040524434,3.710227272727273,0.0,0.019281914893617,0.184912181074191,2015-01-28,0.49,amc,3494425925.0,2025-04-25,2014-12-31,0.1020408163265307,76.44453125,32958687.40625
2014-09-30,META,USD,1326801,2014-10-30,2014-10-30 06:02:31,2014,Q3,3203000000.0,565000000.0,2638000000.0,0.8236028723,608000000,259000000.0,374000000.0,633000000.0,-65000000.0,1241000000.0,1806000000.0,4000000.0,4000000.0,289000000.0,1686000000.0,0.5263815173,1397000000.0,0.436153606,-61000000.0,1336000000.0,0.4171089603,530000000.0,802000000.0,0.2503902591,0.31,0.3,2630879704,2644000000,https://www.sec.gov/Archives/edgar/data/1326801/000132680114000068/0001326801-14-000068-index.htm,https://www.sec.gov/Archives/edgar/data/1326801/000132680114000068/fb-9302014x10q.htm,1.2174634952446308,0.3048410000581311,0.474366044978239,0.2911573641452973,5.416439215496719,8.072584986576794,6.579168167090015,8.072584986576794,0.1071884813171982,207944731804.16,199223731804.16,64.82067699630923,64.92186444088667,166.62238125333334,271.4683182821932,9.791163565503345,9.791163565503345,62.19910452830472,118.16354199534996,159.63440048410257,260.0832007887206,0.0038567940290755,0.0036836711050771,0.0130897447970618,0.0114933024640317,-5.172597864768683,13.059157212317666,349.25,1.5483870967741935,0.0,0.0,0.0808616921635966,0.1898220418357789,0.1624359186373408,0.3862179487179487,0.1504839213237589,1.6678200692041525,0.1102091788947861,7.441050652169512,0.0364801496863434,0.0395873438965398,4.683699517414347,14881000000.0,17309000000.0,13165000000.0,22513000000.0,1276500000.0,133000000.0,0.0,38.29847018420231,19.11504424778761,0.0,2.3499633162142333,4.708333333333333,0.0,0.0377625011771353,0.1832086808329416,2014-10-28,0.4,amc,2979534883.0,2025-04-25,2014-09-30,0.0749999999999999,73.3565625,36569093.265625
2014-06-30,META,USD,1326801,2014-07-24,2014-07-24 16:25:39,2014,Q2,2910000000.0,473000000.0,2437000000.0,0.8374570447,492000000,197000000.0,358000000.0,555000000.0,-4000000.0,1047000000.0,1520000000.0,0.0,0.0,257000000.0,1647000000.0,0.5659793814,1390000000.0,0.4776632302,-4000000.0,1386000000.0,0.4762886598,595000000.0,788000000.0,0.270790378,0.31,0.3,2605087855,2615000000,https://www.sec.gov/Archives/edgar/data/1326801/000132680114000032/0001326801-14-000032-index.htm,https://www.sec.gov/Archives/edgar/data/1326801/000132680114000032/fb-6302014x10q.htm,1.1170448606617147,0.3024850000692203,0.5147619100162747,0.3347295939852285,5.3572089606168,7.042372856941518,6.400551892327639,7.042372856941518,0.1251397335311749,175296361762.95,171238361762.95,55.61432797047907,60.23929957489691,130.72062771286355,201.02793780154812,9.55501808366674,9.55501808366674,58.844797856683854,103.96986142255616,127.69452778743477,196.37426807677755,0.0044952444652878,0.0049744329615875,0.0177695410443693,0.0156964707015263,-2.463873709775349,12.814662273476111,0.0,1.695322376738306,0.0,0.0,0.0676975945017182,0.1690721649484536,0.0805045981992392,0.3497390007457122,0.1611683848797251,1.8249027237354083,0.1079037800687285,6.923133211753706,0.040211011165999,0.0412630256061161,4.769704782182864,14343000000.0,16674000000.0,13134000000.0,19349000000.0,1098000000.0,115500000.0,0.0,36.80412371134021,27.78012684989429,0.0,2.4453781512605044,3.23972602739726,0.0,0.0429521421563283,0.1800323160310461,2014-07-23,0.32,amc,2217142857.0,2025-04-25,2014-06-30,0.3124999999999999,61.51349206349206,61405608.26984127
2014-03-31,META,USD,1326801,2014-04-25,2014-04-25 16:02:52,2014,Q1,2502000000.0,462000000.0,2040000000.0,0.8153477218,455000000,187000000.0,323000000.0,510000000.0,0.0,965000000.0,1427000000.0,0.0,0.0,264000000.0,1339000000.0,0.5351718625,1075000000.0,0.429656275,0.0,1075000000.0,0.429656275,433000000.0,639000000.0,0.2553956835,0.25,0.25,2596811489,2609000000,https://www.sec.gov/Archives/edgar/data/1326801/000132680114000023/0001326801-14-000023-index.htm,https://www.sec.gov/Archives/edgar/data/1326801/000132680114000023/fb-3312014x10q.htm,0.9634892677417602,0.2460710000347661,0.494837613528442,0.3550508013021194,4.863271767510268,6.4452117802533335,5.797494374841008,6.4452117802533335,0.1509543536989488,156431924097.36002,153825924097.36002,61.20184823840376,62.52275143779377,121.7369059123424,169.66586127696314,9.34647332839577,9.34647332839577,61.481184691191054,114.88119798159822,119.70889034814007,166.8393970687202,0.0040848439580804,0.0058939376046168,0.0234211626934337,0.0206012192558335,-1.9462285287528005,13.558341369334618,0.0,2.001557632398754,0.0,0.0,0.074740207833733,0.1818545163868904,0.0883960479293672,0.2824902723735408,0.145083932853717,1.375,0.1095123900879296,5.973654110723422,0.0352902374670184,0.036838464199239,4.271584613279567,13023000000.0,15055000000.0,11769000000.0,17779000000.0,1057500000.0,86000000.0,0.0,36.18705035971223,16.558441558441558,0.0,2.4870775347912524,5.435294117647059,0.0,0.0381788851048575,0.1397868122263225,2014-04-23,0.24,amc,1766117647.0,2025-04-25,2014-03-31,0.4166666666666668,63.36868852459016,60243242.78688525
2013-12-31,META,USD,1326801,2014-01-31,2014-01-31 16:10:34,2013,Q4,2585000000.0,491000000.0,2094000000.0,0.8100580271,408000000,261000000.0,292000000.0,553000000.0,4000000.0,961000000.0,1452000000.0,0.0,7000000.0,274000000.0,1415000000.0,0.5473887814,1141000000.0,0.4413926499,-2000000.0,1130000000.0,0.4371373308,607000000.0,520000000.0,0.2011605416,0.21,0.2,2543334507,2558000000,https://www.sec.gov/Archives/edgar/data/1326801/000132680114000007/0001326801-14-000007-index.htm,https://www.sec.gov/Archives/edgar/data/1326801/000132680114000007/fb-12312013x10k.htm,1.016382230841175,0.2044560000144723,0.484010261572722,0.2941020923285102,4.501570661857103,6.082566000430552,5.405502092690319,6.082566000430552,0.1899081692442118,138993230807.55,136146230807.55,66.82366865747596,53.76914151162475,112.91082925064988,185.81982728282085,8.984694945542985,8.984694945542985,52.667787546441,96.21641753183744,110.59807539199836,182.01367755020053,0.003741189387273,0.0053815570416927,0.0307692307692307,0.0265996088292819,-2.0120141342756184,11.88181818181818,163.0,2.353728489483748,0.0,0.0,0.1009671179883945,0.1578336557059961,0.0962279966471081,0.3923639317627945,0.1868471953578336,1.7627737226277371,0.1056092843326885,5.289743384240989,0.0310021809582293,0.0321523526865763,3.875129273351223,11970000000.0,13748000000.0,10645000000.0,16574000000.0,990500000.0,61500000.0,0.0,38.61121856866537,15.947046843177189,0.0,2.3309287646528403,5.64367816091954,0.0,0.0336134453781512,0.1899081692442118,2014-01-29,0.27,amc,2251451612.0,2025-04-25,2013-12-31,0.148148148148148,50.20796875,76681830.703125
2013-09-30,META,USD,1326801,2013-11-01,2013-10-31 18:07:03,2013,Q3,2016000000.0,507000000.0,1509000000.0,0.7485119048,369000000,171000000.0,233000000.0,404000000.0,11000000.0,773000000.0,1280000000.0,6000000.0,21000000.0,274000000.0,1053000000.0,0.5223214286,779000000.0,0.3864087302,-10000000.0,726000000.0,0.3601190476,301000000.0,422000000.0,0.2093253968,0.17,0.17,2510156617,2528000000,https://www.sec.gov/Archives/edgar/data/1326801/000132680113000031/0001326801-13-000031-index.htm,https://www.sec.gov/Archives/edgar/data/1326801/000132680113000031/fb-9302013x10q.htm,0.8031371374784619,0.1681170000078923,0.3784624407760609,0.265322090059849,3.716102786904312,5.198082028680045,4.55708616846038,5.198082028680045,0.2374353838974024,126085166871.91,123560166871.91,74.69500407103672,62.54224547217758,132.72122828622105,189.3170673752402,9.663179557933017,9.663179557933017,61.28976531344742,117.341089147113,130.06333354937894,185.52577608394893,0.0033469440574933,0.0052821439390772,0.0440680564071122,0.0385053237795486,-2.3979107312440644,10.720528455284551,37.095238095238095,2.235294117647059,0.0,0.0,0.0848214285714285,0.1830357142857142,0.10774794080225,0.2989473684210526,0.1408730158730158,1.0364963503649636,0.1185515873015873,4.434234321759973,0.0320310578632365,0.0316721705193635,3.2256951399618585,9565000000.0,11439000000.0,8664000000.0,13859000000.0,827000000.0,45500000.0,0.0,38.92857142857143,6.390532544378699,0.0,2.311926605504587,14.083333333333334,0.0,0.0323421213979153,0.1131403507162119,2013-10-30,0.19,amc,1532160000.0,2025-04-25,2013-09-30,0.3157894736842105,37.21484375,68240106.9375
2013-06-30,META,USD,1326801,2013-07-25,2013-07-25 16:42:31,2013,Q2,1813000000.0,465000000.0,1348000000.0,0.7435190292,344000000,173000000.0,269000000.0,442000000.0,-3000000.0,786000000.0,1251000000.0,9000000.0,0.0,230000000.0,849000000.0,0.4682846111,619000000.0,0.3414230557,-17000000.0,545000000.0,0.3006067292,212000000.0,331000000.0,0.1825703254,0.14,0.13,2486982786,2502000000,https://www.sec.gov/Archives/edgar/data/1326801/000132680113000019/0001326801-13-000019-index.htm,https://www.sec.gov/Archives/edgar/data/1326801/000132680113000019/fb-6302013x10q.htm,0.7289957977216172,0.1330930000252925,0.5315678127898389,0.4238067130714752,4.122264157883078,4.965454553813707,4.309639801423217,4.965454553813707,0.871336951827217,61702042920.66,60868042920.66,46.60275145064954,34.033117992642026,46.67325485677761,58.54083768563567,4.996521412313547,4.996521412313547,33.57310696120243,71.69380791597173,46.04239252697428,57.74956633838709,0.005364490125969,0.0170820924252912,0.1754797959348935,0.1378148053930297,-0.9823321554770318,10.575,0.0,3.96996996996997,0.0,0.0,0.0954219525648097,0.1897407611693326,0.1037267870770796,0.2027231467473525,0.1478212906784335,1.1652173913043478,0.1235521235521235,3.856100746708664,0.0252817298729333,0.0234868374370254,3.00102599905973,10341000000.0,10718000000.0,8046000000.0,14549000000.0,720500000.0,65000000.0,0.0,38.81963596249311,10.64516129032258,0.0,2.3184143222506397,8.454545454545455,0.0,0.026803789780549,0.1077610997183637,2013-07-24,0.14,amc,1335894736.0,2025-04-25,2013-06-30,0.357142857142857,25.61578125,39204108.375
2013-03-31,META,USD,1326801,2013-05-02,2013-05-02 16:36:18,2013,Q1,1458000000.0,413000000.0,1045000000.0,0.7167352538,293000000,176000000.0,203000000.0,379000000.0,-5000000.0,672000000.0,1085000000.0,10000000.0,0.0,241000000.0,596000000.0,0.4087791495,373000000.0,0.255829904,-20000000.0,353000000.0,0.2421124829,134000000.0,217000000.0,0.1488340192,0.09,0.09,2476179608,2499000000,https://www.sec.gov/Archives/edgar/data/1326801/000132680113000011/0001326801-13-000011-index.htm,https://www.sec.gov/Archives/edgar/data/1326801/000132680113000011/fb-3312013x10q.htm,0.5888102766412896,0.0876350000213716,0.2903666590569871,0.158308387135381,3.8252475585365535,4.77509788134884,4.1689221438738215,4.77509788134884,0.911888617733904,63216865392.240005,63149865392.240005,72.83049008322581,43.35861823884774,87.92331765262865,161.2675137557143,5.346487262537212,5.346487262537212,43.312664878079566,105.95614998697988,87.83013267349097,161.09659538836735,0.0034326282812914,0.0062008768952362,0.1909675236806495,0.1489151223372683,-0.1124161073825503,10.38758231420508,0.0,3.2831050228310503,0.0,0.0,0.120713305898491,0.200960219478738,0.0989909648486447,0.454798331015299,0.2242798353909465,1.3568464730290457,0.1165980795610425,3.068465140101201,0.0160276999592278,0.0158834724052115,2.6764011700075354,9979000000.0,10323000000.0,7703000000.0,14013000000.0,689000000.0,70000000.0,0.0,40.67901234567901,16.343825665859566,0.0,2.212443095599393,5.506666666666667,0.0,0.0183525033829499,0.1320582719216061,2013-05-01,0.13,amc,1579500000.0,2025-04-25,2013-03-31,-0.0769230769230769,28.446166666666667,56011585.6
2012-12-31,META,USD,1326801,2013-02-01,2013-02-01 16:43:01,2012,Q4,1585000000.0,398000000.0,1187000000.0,0.7488958991,297000000,174000000.0,193000000.0,367000000.0,-2000000.0,664000000.0,1062000000.0,0.0,16000000.0,224000000.0,745000000.0,0.4700315457,523000000.0,0.3299684543,-18000000.0,505000000.0,0.3186119874,441000000.0,43000000.0,0.0271293375,0.03,0.03,2660726440,2506000000,https://www.sec.gov/Archives/edgar/data/1326801/000132680113000003/0001326801-13-000003-index.htm,https://www.sec.gov/Archives/edgar/data/1326801/000132680113000003/fb-12312012x10k.htm,0.5957019767879632,0.0161610000011876,0.2559451395536927,0.1815293721063635,3.617808977010053,4.417966395673506,3.8963043491235423,4.417966395673506,0.8914858605306302,70828537832.8,70800537832.8,411.7938246093024,44.68677465791799,104.00666348428784,146.6429354716356,6.025396668039133,6.025396668039133,44.66910904277603,95.03427897020134,103.9655474784141,146.58496445714286,0.0006070999249131,0.006819285203094,0.2004253509145044,0.1559954975832616,-0.0375838926174496,10.710076045627376,32.6875,10.640625,0.0,0.0,0.1097791798107255,0.1873817034700315,0.0919022710719724,0.2907488986784141,0.1249211356466876,0.8839285714285714,0.1160883280757097,1.267466759259921,0.0045977516730585,0.0031352533722201,2.5621762153045693,10215000000.0,10367000000.0,7919000000.0,13994000000.0,960500000.0,62000000.0,0.0,40.82649842271293,14.698492462311558,0.0,2.2044506258692627,6.123076923076923,0.0,0.0036580178647384,0.0744157674473291,2013-01-30,0.15,amc,1398529411.0,2025-04-25,2012-12-31,0.1333333333333334,23.48790322580645,61619200.77419355
2012-09-30,META,USD,1326801,2012-10-24,2012-10-24 16:20:35,2012,Q3,1262000000.0,322000000.0,940000000.0,0.7448494453,244000000,151000000.0,168000000.0,319000000.0,0.0,563000000.0,885000000.0,0.0,11000000.0,176000000.0,559000000.0,0.4429477021,377000000.0,0.2987321712,-5000000.0,372000000.0,0.294770206,431000000.0,-59000000.0,-0.0467511886,-0.0244,-0.0244,2420000019,2420000019,https://www.sec.gov/Archives/edgar/data/1326801/000132680112000006/0001326801-12-000006-index.htm,https://www.sec.gov/Archives/edgar/data/1326801/000132680112000006/fb-9302012x10q.htm,0.521487599211461,-0.0243801650978416,0.1033057843128884,0.0326446278428727,4.319008230553242,5.857024747403525,5.269008223094564,5.857024747403525,0.3772727243106687,53215800417.81,51639800417.81,-225.49067973648303,42.16782917417591,212.86320167124,673.6177268077215,3.754465952999153,3.754465952999153,40.91901776371632,92.37889162398926,206.55920167124,653.6683597191139,-0.0011086932741174,0.0014845215026317,0.0636376463948073,0.0562414266117969,-2.819320214669052,11.375,34.27272727272727,-4.237288135593221,0.0,0.0,0.1196513470681458,0.1933438985736925,0.0887267739119591,0.684,0.135499207606973,0.9715909090909092,0.1418383518225039,,-0.0039003920908472,-0.0040369483407458,3.921280960948621,11205000000.0,12751000000.0,10421000000.0,14917000000.0,1173500000.0,51000000.0,0.0,85.72107765451665,16.490683229813662,0.0,1.0499168053244592,5.457627118644068,0.0,-0.0041625511499929,0.0706611564700157,2012-10-23,0.11,amc,1156833333.0,2025-04-25,2012-09-30,0.0909090909090908,23.18888888888889,43346665.809523806
2012-06-30,META,USD,1326801,2012-07-31,2012-07-31 16:39:19,2012,Q2,1184000000.0,367000000.0,817000000.0,0.6900337838,705000000,463000000.0,392000000.0,855000000.0,0.0,1560000000.0,1927000000.0,0.0,10000000.0,139000000.0,-616000000.0,-0.5202702703,-743000000.0,-0.6275337838,-22000000.0,-765000000.0,-0.6461148649,-608000000.0,-157000000.0,-0.1326013514,-0.0836,-0.0836,1879000015,1879000015,https://www.sec.gov/Archives/edgar/data/1326801/000119312512325997/0001193125-12-325997-index.htm,https://www.sec.gov/Archives/edgar/data/1326801/000119312512325997/d371464d10q.htm,0.630122400504611,-0.0835550818236688,0.1287919095625978,-0.0910058534512571,5.42203295299069,7.083022827969483,6.652474667489559,7.083022827969483,0.3810537489538019,58436900466.5,57044900466.5,-93.05238927786624,49.35549025886824,241.4747953161157,-341.7362600380117,4.390780709782853,4.390780709782853,48.17981458319257,-92.60535790016232,235.72272920041323,-333.59590916081874,-0.0026866585795391,-0.0029262332299439,0.0530468104290329,0.0472936763129689,2.25974025974026,11.573500967117988,-74.3,-1.5414012738853504,0.0,0.0,0.3910472972972973,0.5954391891891891,0.0541934619506966,1.706611570247934,0.3488175675675675,2.971223021582734,0.9341216216216216,,-0.0107338425538688,-0.0111197676889298,5.017429443713975,10933000000.0,12500000000.0,10348000000.0,13847000000.0,813500000.0,86000000.0,0.0,87.03547297297297,10.544959128065395,0.0,1.034061135371179,8.534883720930232,0.0,-0.0117965286648132,0.219797763013855,2012-07-31,,amc,,2025-04-25,2012-06-30,,30.23933333333333,64236396.0
2012-03-31,META,USD,1326801,2012-03-31,2012-03-31 00:00:00,2012,Q1,1058000000.0,277000000.0,781000000.0,0.7381852552,153000000,88000000.0,159000000.0,247000000.0,0.0,400000000.0,677000000.0,0.0,13000000.0,110000000.0,491000000.0,0.4640831758,381000000.0,0.3601134216,1000000.0,382000000.0,0.3610586011,177000000.0,205000000.0,0.1937618147,0.0641,0.0641,2138085037,2138085037,,,0.4948353230536171,0.0958801901946989,0.2062593359798158,-0.0056124989382262,1.828739237372064,2.617763046437708,2.5293661881606444,2.617763046437708,0.3362822280487247,81738990964.51,81162990964.51,99.68169629818291,77.25802548630435,185.34918586056688,-6811.582580375833,14.604071996517778,14.604071996517778,76.71360204585065,165.30140725969449,184.0430634115873,-6763.582580375833,0.0025079830027386,-0.0001468087611359,0.1261390030373414,0.0982739420935412,-1.1731160896130346,4.83060635226179,29.307692307692307,2.151219512195122,0.0,0.0,0.0831758034026465,0.1446124763705104,0.0263084632516703,1.0272108843537415,0.4281663516068053,4.118181818181818,0.0973534971644612,2.37640725097463,0.0317144952358213,0.0293066476054324,1.2555627833057044,3980000000.0,5408000000.0,3432000000.0,6024000000.0,514500000.0,96000000.0,0.0,41.00189035916824,41.91335740072202,0.0,2.195020746887967,2.147286821705426,0.0,0.0366267643380382,0.2118718349180421,2012-07-26,0.12,amc,1184000000.0,2025-04-25,2012-03-31,0.0,,
2011-12-31,META,USD,1326801,2011-12-31,2011-12-31 00:00:00,2011,Q4,1131000000.0,247000000.0,884000000.0,0.7816091954,124000000,58000000.0,155000000.0,213000000.0,0.0,337000000.0,584000000.0,0.0,16000000.0,103000000.0,650000000.0,0.5747126437,547000000.0,0.483642794,-28000000.0,519000000.0,0.4588859416,217000000.0,302000000.0,0.267020336,0.0835,0.0835,2456000019,2556000020,,,0.4605048824309475,0.1229641684298374,0.2076547215205864,0.1323289892042952,1.591205199416572,1.994706824959516,1.9287459134176823,1.994706824959516,0.2821661215956204,93892880726.37,93057880726.37,77.72589464103477,83.01757800740053,184.10368769876467,288.9011714657538,19.165723765333738,19.165723765333738,82.27929330359858,143.16597034826154,182.4664327968039,286.3319406965231,0.0032164312955751,0.003461391294907,0.1381914676464584,0.1069341336281788,-1.2846153846153847,5.121245828698554,34.1875,1.6887417218543046,0.0,0.0,0.0512820512820512,0.1096374889478337,0.02558837466435,0.3627450980392157,0.1635720601237842,1.796116504854369,0.0671971706454465,2.3492004990699566,0.0557332990554347,0.0489544496676933,1.1751832156642992,3705000000.0,4737000000.0,3172000000.0,5342000000.0,,,,43.52785145888594,22.95546558704453,0.0,2.0676416819012795,3.920634920634921,0.0,0.0616452337211675,0.0753257323162911,2011-12-31,,amc,,2025-04-25,2011-12-31,,,
2011-09-30,META,USD,1326801,2011-09-30,2011-09-30 00:00:00,2011,Q3,954000000.0,236000000.0,718000000.0,0.7526205451,108000000,82000000.0,114000000.0,196000000.0,0.0,304000000.0,540000000.0,0.0,10000000.0,97000000.0,511000000.0,0.535639413,414000000.0,0.4339622642,-35000000.0,379000000.0,0.3972746331,152000000.0,227000000.0,0.2379454927,0.0611,0.0587,2456000019,2556000020,,,0.3884364790796852,0.0924267093826924,0.2300488581551595,0.1746742657496697,,,,,,93892880726.37,,103.40625630657487,98.420210405,166.18208978118582,218.8645238376923,0.0,0.0,,,,,0.0024176486890581,0.0045690365092772,0.0,0.0,,0.0,41.4,2.488986784140969,0.0,0.0,0.0859538784067086,0.1132075471698113,0.0,0.2407079646017699,0.1425576519916142,1.402061855670103,0.0733752620545073,,0.0,0.0,,,,,,,,,,,,0.0,0.0,0.0,0.0,0.0553745924054897,2011-09-30,,amc,,2025-04-25,2011-09-30,,,
2011-06-30,META,USD,1326801,2011-06-30,2011-06-30 00:00:00,2011,Q2,895000000.0,210000000.0,685000000.0,0.7653631285,99000000,83000000.0,96000000.0,179000000.0,0.0,278000000.0,488000000.0,0.0,9000000.0,72000000.0,479000000.0,0.5351955307,407000000.0,0.4547486034,-8000000.0,399000000.0,0.4458100559,159000000.0,240000000.0,0.2681564246,0.0647,0.0622,2456000019,2556000020,,,0.3644136779625977,0.0977198689508642,0.0525244295610895,-0.0012214983618858,,,,,,93892880726.37,,97.80508408996874,104.90824662164243,727.8517885765116,-31297.62690879,0.0,0.0,,,,,0.0025561043408544,-3.195130426068016e-05,0.0,0.0,,0.0,45.22222222222222,0.5375,0.0,0.0,0.0927374301675977,0.1106145251396648,0.0,1.0232558139534884,0.147486033519553,1.8333333333333333,0.0715083798882681,,0.0,0.0,,,,,,,,,,,,0.0,0.0,0.0,0.0,0.0537459279229753,2011-06-30,,amc,,2025-04-25,2011-06-30,,,
2011-03-31,META,USD,1326801,2011-03-31,2011-03-31 00:00:00,2011,Q1,731000000.0,167000000.0,564000000.0,0.7715458276,57000000,51000000.0,68000000.0,119000000.0,0.0,176000000.0,343000000.0,0.0,7000000.0,51000000.0,439000000.0,0.6005471956,388000000.0,0.5307797538,10000000.0,398000000.0,0.5444596443,165000000.0,233000000.0,0.3187414501,0.0623,0.0599,2456000019,2556000020,,,0.2976384341795072,0.094869706106464,0.1404723116168673,0.0781758951606913,,,,,,93892880726.37,,100.7434342557618,128.44443327820792,272.1532774677391,489.02542044984375,0.0,0.0,,,,,0.0024815512975794,0.0020448834726835,0.0,0.0,,0.0,55.42857142857143,1.48068669527897,0.0,0.0,0.0697674418604651,0.0779753761969904,0.0,0.4434782608695652,0.2093023255813953,3.0,0.0095759233926128,,0.0,0.0,,,,,,,,,,,,0.0,0.0,0.0,0.0,0.0622964164561759,2011-03-31,,amc,,2025-04-25,2011-03-31,,,
