date,symbol,reportedCurrency,cik,fillingDate,acceptedDate,calendarYear,period,revenue,costOfRevenue,grossProfit,grossProfitRatio,researchAndDevelopmentExpenses,generalAndAdministrativeExpenses,sellingAndMarketingExpenses,sellingGeneralAndAdministrativeExpenses,otherExpenses,operatingExpenses,costAndExpenses,interestIncome,interestExpense,depreciationAndAmortization,ebitda,ebitdaratio,operatingIncome,operatingIncomeRatio,totalOtherIncomeExpensesNet,incomeBeforeTax,incomeBeforeTaxRatio,incomeTaxExpense,netIncome,netIncomeRatio,eps,epsdiluted,weightedAverageShsOut,weightedAverageShsOutDil,link,finalLink,revenuePerShare,netIncomePerShare,operatingCashFlowPerShare,freeCashFlowPerShare,cashPerShare,bookValuePerShare,tangibleBookValuePerShare,shareholdersEquityPerShare,interestDebtPerShare,marketCap,enterpriseValue,peRatio,priceToSalesRatio,pocfratio,pfcfRatio,pbRatio,ptbRatio,evToSales,enterpriseValueOverEBITDA,evToOperatingCashFlow,evToFreeCashFlow,earningsYield,freeCashFlowYield,debtToEquity,debtToAssets,netDebtToEBITDA,currentRatio,interestCoverage,incomeQuality,dividendYield,payoutRatio,salesGeneralAndAdministrativeToRevenue,researchAndDdevelopementToRevenue,intangiblesToTotalAssets,capexToOperatingCashFlow,capexToRevenue,capexToDepreciation,stockBasedCompensationToRevenue,grahamNumber,roic,returnOnTangibleAssets,grahamNetNet,workingCapital,tangibleAssetValue,netCurrentAssetValue,investedCapital,averageReceivables,averagePayables,averageInventory,daysSalesOutstanding,daysPayablesOutstanding,daysOfInventoryOnHand,receivablesTurnover,payablesTurnover,inventoryTurnover,roe,capexPerShare,report_date,epsEstimated,time,revenueEstimated,updatedFromDate,fiscalDateEnding,surprise(%),QuarterAvgPrice,QuarterAvgVolume
2025-02-28,MKC,USD,63754,2025-03-25,2025-03-25 16:49:35,2025,Q1,1605500000.0,1001500000.0,604000000.0,0.3762067892,0,0.0,0.0,378800000.0,0.0,378800000.0,1380300000.0,0.0,48500000.0,53800000.0,292400000.0,0.1821239489,225200000.0,0.1402678293,-38700000.0,186500000.0,0.116163189,41600000.0,162300000.0,0.1010900031,0.6,0.6,268300000,269500000,https://www.sec.gov/Archives/edgar/data/63754/000006375425000024/0000063754-25-000024-index.htm,https://www.sec.gov/Archives/edgar/data/63754/000006375425000024/mkc-20250228.htm,5.983973164368244,0.6049198658218412,0.4304882594111069,0.2922102124487514,0.3831531867312709,20.31196421915766,-11.421915765933656,20.21244875139769,13.421915765933656,22164263000.0,25614063000.0,34.14088570548368,13.805208969168485,191.89838095238096,282.7074362244898,4.087085192697768,4.087085192697768,15.953947679850511,87.59939466484268,221.76677922077923,326.70998724489795,0.0073225985452347,0.0035372256681848,0.6550986538816154,0.2753996185987379,11.798221614227089,0.6488603758986428,4.643298969072165,0.711645101663586,0.0054457032927284,0.7436845348120764,0.0,0.0,0.6600257368331292,0.3212121212121212,0.0231080660230457,0.6895910780669146,0.0124571784490812,16.586305049621284,0.0158918538024527,0.0370074790222546,-23.61843086097652,-1089200000.0,-3064500000.0,-5437400000.0,8817900000.0,552150000.0,1200000000.0,1242750000.0,28.97601993148552,104.41437843235148,111.93609585621569,3.1060166376475142,0.8619502538944832,0.8040301862556197,0.029928084086299,0.1382780469623555,2025-03-25,0.643,bmo,1611935301.0,2025-05-11,2025-02-28,-0.0668740279937792,78.36608333333334,2187753.466666667
2024-11-30,MKC,USD,63754,2025-01-23,2025-01-23 16:37:26,2024,Q4,1798000000.0,1075800000.0,722200000.0,0.4016685206,0,0.0,0.0,414400000.0,1600000.0,416000000.0,1491800000.0,0.0,52700000.0,51300000.0,368200000.0,0.2047830923,306200000.0,0.1703003337,-42000000.0,264200000.0,0.1469410456,67200000.0,215200000.0,0.1196885428,0.8,0.8,268400000,269700000,https://www.sec.gov/Archives/edgar/data/63754/000006375425000005/0000063754-25-000005-index.htm,https://www.sec.gov/Archives/edgar/data/63754/000006375425000005/mkc-20241130.htm,6.698956780923994,0.8017883755588674,1.709016393442623,1.3900894187779431,0.6933681073025335,19.80923994038748,-12.700074515648286,19.71311475409836,16.994038748137108,21045244000.0,25367644000.0,24.448471189591075,11.704807563959957,45.88019184652278,56.40644331278477,3.9775550935550936,3.9775550935550936,14.108812013348164,68.89637153720804,55.303344233703946,67.99154114178505,0.0102255882611767,0.0177284710977929,0.8521073521073521,0.3449423502138436,11.739272134709395,0.7419869571250174,5.810246679316888,2.1315055762081783,0.0053551291683764,0.5236988847583643,0.0,0.0,0.6675822284109776,0.1866143448877261,0.0476084538375973,1.668615984405458,0.0041713014460511,18.85813593008642,0.0208779589926253,0.0495304732093537,-24.243293591654247,-743800000.0,-3408700000.0,-5614500000.0,9605700000.0,624150000.0,1232950000.0,1241250000.0,29.40266963292548,103.57780256553262,103.72838817624093,3.060946544092612,0.8689120426459899,0.8676506169852407,0.0406728406728406,0.3189269746646795,2025-01-23,0.77,bmo,1772888508.0,2025-04-25,2024-11-30,0.0389610389610389,78.55921875,1758409.71875
2024-08-31,MKC,USD,63754,2024-10-01,2024-10-01 16:07:34,2024,Q3,1679800000.0,1029900000.0,649900000.0,0.3868912966,0,0.0,0.0,361500000.0,1900000.0,363400000.0,1393300000.0,0.0,53500000.0,54600000.0,354300000.0,0.2109179664,286500000.0,0.1705560186,-40300000.0,246200000.0,0.1465650673,41000000.0,223100000.0,0.1328134302,0.83,0.83,268600000,269700000,https://www.sec.gov/Archives/edgar/data/63754/000006375424000064/0000063754-24-000064-index.htm,https://www.sec.gov/Archives/edgar/data/63754/000006375424000064/mkc-20240831.htm,6.253909158600149,0.8306031273268801,0.6020104244229337,0.3823529411764705,0.7475800446760983,20.294117647058822,-11.76247207743857,20.184288905435597,17.280342516753535,21496058000.0,25883258000.0,24.08791797400269,12.79679604714847,132.9378973407545,209.3092307692308,3.964965046573826,3.964965046573826,15.408535539945232,73.05463731301157,160.0696227581942,252.0278286270691,0.0103786470989239,0.0047776201571469,0.8462602600756248,0.34744678111913,12.38272650296359,0.7137677702509303,5.355140186915888,0.7247870909905871,0.0052474737461166,0.5056028686687584,0.0,0.0,0.6520609773644632,0.3648732220160791,0.035123228955828,1.0805860805860803,0.0052387188951065,19.42203654290124,0.0211214709302507,0.0485580585482642,-23.9617460908414,-900000000.0,-3159400000.0,-5509600000.0,9109900000.0,629700000.0,1219050000.0,1200400000.0,35.40957256816288,107.2939120302942,108.5872414797553,2.5416855802693297,0.8388173969701905,0.8288266537904394,0.0411509729779581,0.2196574832464631,2024-10-01,0.68,bmo,1667556645.0,2025-04-25,2024-08-31,0.2205882352941175,77.94515625,1786931.25
2024-05-31,MKC,USD,63754,2024-06-27,2024-06-27 16:28:20,2024,Q2,1643200000.0,1023600000.0,619600000.0,0.3770691334,0,0.0,0.0,383700000.0,1800000.0,385500000.0,1409100000.0,0.0,52900000.0,57100000.0,303600000.0,0.1847614411,234100000.0,0.1424659202,-40500000.0,193600000.0,0.11781889,26200000.0,184200000.0,0.1120983447,0.69,0.68,268600000,269700000,https://www.sec.gov/Archives/edgar/data/63754/000006375424000057/0000063754-24-000057-index.htm,https://www.sec.gov/Archives/edgar/data/63754/000006375424000057/mkc-20240531.htm,6.117647058823529,0.6857781087118392,0.607222635889799,0.3529411764705882,0.6191362620997766,19.933730454207,-12.069620253164556,19.83395383469844,16.819434102755025,19398292000.0,23696792000.0,26.32775787187839,11.805192307692309,118.93496014714898,204.6233333333333,3.641230619063708,3.641230619063708,14.421124634858812,78.05267457180501,145.28995708154503,249.9661603375527,0.00949568137236,0.0048870281981527,0.838082366632879,0.3437740614124241,14.158432147562582,0.6934289448111784,4.425330812854442,0.8854505971769815,0.0058149449446373,0.6123778501628665,0.0,0.0,0.6618697834857864,0.4187614960147149,0.0415652385589094,1.1961471103327497,0.0118062317429406,17.49394339059499,0.0181667260413243,0.0419446658317203,-23.97291511541325,-914900000.0,-3241900000.0,-5564000000.0,9047300000.0,583000000.0,1171800000.0,1143900000.0,32.78055014605648,106.415592028136,101.83470105509964,2.745530492898914,0.8457407254399736,0.8837851839060611,0.0345759657619101,0.2542814594192107,2024-06-27,0.59,bmo,1628810898.0,2025-04-25,2024-05-31,0.1694915254237287,72.78714285714285,1847447.619047619
2024-02-29,MKC,USD,63754,2024-03-26,2024-03-26 16:19:24,2024,Q1,1602700000.0,1003400000.0,599300000.0,0.3739314906,0,0.0,0.0,361600000.0,4200000.0,365800000.0,1369200000.0,0.0,50300000.0,45800000.0,290400000.0,0.1811942347,233500000.0,0.1456916453,-39200000.0,194300000.0,0.1212329194,49600000.0,166000000.0,0.1035752168,0.62,0.62,268400000,269600000,https://www.sec.gov/Archives/edgar/data/63754/000006375424000033/0000063754-24-000033-index.htm,https://www.sec.gov/Archives/edgar/data/63754/000006375424000033/mkc-20240229.htm,5.971311475409836,0.6184798807749627,0.5156482861400894,0.2846497764530551,0.6631892697466468,19.587928464977644,-12.455290611028316,19.4951564828614,16.79321907600596,18482024000.0,22761024000.0,27.834373493975903,11.531805078929306,133.54063583815028,241.91130890052355,3.532159388437649,3.532159388437649,14.201674673987648,78.37818181818182,164.45826589595376,297.9191623036649,0.0089817002726541,0.0041337463905468,0.8517916865742953,0.3457692337530352,14.734848484848484,0.6793328401371982,4.642147117296223,0.8337349397590361,0.006097816992338,0.6789156626506024,0.0,0.0,0.667209719086741,0.4479768786127168,0.0386847195357833,1.3537117903930131,0.0073001809446558,16.470903019786455,0.0157452062061429,0.0386973448026668,-24.084482116244413,-953600000.0,-3343000000.0,-5612500000.0,9001300000.0,577500000.0,1126300000.0,1128050000.0,31.86809758532477,101.65138529001396,101.31951365357784,2.8241409691629955,0.8853789817347569,0.8882790368271954,0.0317247969421882,0.2309985096870342,2024-03-26,0.58,bmo,1549440350.0,2025-04-25,2024-02-29,0.0862068965517242,67.95459016393441,2168768.8524590163
2023-11-30,MKC,USD,63754,2024-01-25,2024-01-25 16:25:07,2023,Q4,1752800000.0,1051500000.0,701300000.0,0.4001026928,0,0.0,0.0,398000000.0,6100000.0,404100000.0,1455600000.0,10200000.0,52700000.0,48900000.0,359300000.0,0.2049863076,297200000.0,0.1695572798,-39500000.0,257700000.0,0.1470219078,57100000.0,219300000.0,0.1251141031,0.82,0.81,268400000,269600000,https://www.sec.gov/Archives/edgar/data/63754/000006375424000027/0000063754-24-000027-index.htm,https://www.sec.gov/Archives/edgar/data/63754/000006375424000027/mkc-20231130.htm,6.5305514157973175,0.8170640834575261,2.150521609538003,1.864754098360656,0.620715350223547,18.94001490312965,-13.76005961251863,18.855067064083457,17.30253353204173,17400372000.0,21825072000.0,19.83626538987688,9.927186216339573,30.146174636174635,34.76597802197802,3.43833303693165,3.43833303693165,12.451547238703789,60.7433119955469,37.811975051975054,43.60653746253746,0.0126031788285905,0.0287637528668927,0.9072460331574684,0.3569579313186599,12.31477873643195,0.6459066120236213,5.639468690702088,2.632010943912449,0.0060171127375897,0.4774281805745554,0.0,0.0,0.6823585206378331,0.1328828828828828,0.0437585577361935,1.5685071574642129,0.0070173436786855,18.618014314314635,0.0213520908105586,0.0536763266105345,-24.621181073025337,-1097300000.0,-3693200000.0,-5777200000.0,9224100000.0,606000000.0,1109600000.0,1176000000.0,30.166020082154265,95.80313837375178,96.4194008559201,2.983489361702128,0.9394264272313052,0.933422103861518,0.0433339261367004,0.2857675111773472,2024-01-25,0.79,bmo,1794330000.0,2025-04-25,2023-11-30,0.0759493670886075,65.42793650793651,2231587.301587302
2023-08-31,MKC,USD,63754,2023-10-03,2023-10-03 16:42:46,2023,Q3,1684700000.0,1061900000.0,622800000.0,0.3696800617,0,369000000.0,0.0,369000000.0,8800000.0,377800000.0,1439700000.0,9400000.0,52700000.0,53800000.0,305900000.0,0.1815753547,245000000.0,0.1454264854,-45600000.0,199400000.0,0.1183593518,42700000.0,170100000.0,0.1009675313,0.63,0.63,268400000,270100000,https://www.sec.gov/Archives/edgar/data/63754/000006375423000045/0000063754-23-000045-index.htm,https://www.sec.gov/Archives/edgar/data/63754/000006375423000045/mkc-20230831.htm,6.276825633383011,0.6337555886736215,0.9906855439642324,0.7350968703427719,0.5763785394932935,18.890089418777944,-13.214232488822653,18.81259314456036,17.994783904619972,22030272000.0,26652672000.0,32.378412698412696,13.076673591737402,82.85171869123731,111.65875316776484,4.363034876121443,4.363034876121443,15.820426188638926,87.1287087283426,100.23569763068822,135.08703497212366,0.007721193819123,0.0089558585568076,0.9460915374408334,0.367749285994719,15.110820529584831,0.6709239987385682,4.648956356736243,1.5631981187536743,0.0047480121897723,0.6149323927101705,0.2190300943788211,0.0,0.6633359250506154,0.257991726212862,0.0407194159197483,1.275092936802974,0.0074790763934231,16.378589254364496,0.0171739204984388,0.0388951135298287,-24.90378166915052,-1043500000.0,-3546700000.0,-5792500000.0,8859000000.0,590850000.0,1099950000.0,1250850000.0,33.36202291209118,93.2206422450325,103.86571240229776,2.697678142514011,0.9654514046731522,0.8665034679722562,0.0336878379181272,0.2555886736214605,2023-10-03,0.65,bmo,1812370000.0,2025-04-25,2023-08-31,0.0,83.53888888888889,1171430.1587301588
2023-05-31,MKC,USD,63754,2023-06-29,2023-06-29 16:29:25,2023,Q2,1659200000.0,1043700000.0,615500000.0,0.3709619094,0,0.0,0.0,380500000.0,13200000.0,393700000.0,1437400000.0,0.0,52200000.0,48800000.0,283100000.0,0.1706243973,221800000.0,0.1336788814,-39700000.0,182100000.0,0.1097516876,40300000.0,152100000.0,0.0916706847,0.57,0.56,268400000,269800000,https://www.sec.gov/Archives/edgar/data/63754/000006375423000032/0000063754-23-000032-index.htm,https://www.sec.gov/Archives/edgar/data/63754/000006375423000032/mkc-20230531.htm,6.181818181818182,0.5666915052160953,1.0834575260804769,0.870715350223547,0.4746646795827123,18.46833084947839,-13.60059612518629,18.394187779433683,18.314828614008945,23009932000.0,27746032000.0,37.82040105193952,13.868088235294117,79.12631361760661,98.45927257167308,4.660711363176017,4.660711363176017,16.722536162005785,98.0078841398799,95.41276478679504,118.72499786050491,0.0066101890261996,0.0101564837305907,0.9851124164472352,0.3767760028509009,16.72942423172024,0.8459651803305054,4.24904214559387,1.9119000657462195,0.0045458630646974,0.6877054569362262,0.0,0.0,0.6668086952479819,0.1963548830811554,0.034414175506268,1.1700819672131149,0.0160920925747348,15.314573911767264,0.0154664738179149,0.0353646911111627,-25.215722801788377,-383100000.0,-3650400000.0,-5847300000.0,9473800000.0,564100000.0,1112150000.0,1310400000.0,30.22420443587271,94.85484334578902,110.04886461626904,2.977745872218234,0.9488181818181818,0.8178185237423601,0.03080818310715,0.2127421758569299,2023-06-29,0.57,bmo,1697670000.0,2025-04-25,2023-05-31,0.0526315789473684,88.37096774193549,1506220.9677419355
2023-02-28,MKC,USD,63754,2023-03-28,2023-03-28 16:26:37,2023,Q1,1565500000.0,1002600000.0,562900000.0,0.359565634,0,0.0,0.0,336100000.0,27800000.0,363900000.0,1366500000.0,0.0,50600000.0,47800000.0,257900000.0,0.1647396998,199000000.0,0.1271159374,-39500000.0,159500000.0,0.101884382,34400000.0,139100000.0,0.0888534015,0.52,0.52,268200000,269800000,https://www.sec.gov/Archives/edgar/data/63754/000006375423000012/0000063754-23-000012-index.htm,https://www.sec.gov/Archives/edgar/data/63754/000006375423000012/mkc-20230228.htm,5.837061894108874,0.5186428038777032,0.3855331841909023,0.1562266964951528,1.3303504847129008,18.224086502609996,-13.884041759880686,18.15846383296048,19.59880686055183,19932624000.0,24781624000.0,35.82427030913012,12.732433088470138,192.7719922630561,475.7189498806683,4.092857230857682,4.092857230857682,15.8298460555733,96.09005040713456,239.6675435203095,591.4468735083532,0.006978509201799,0.0021020814921306,1.068930822775713,0.3942175170763475,18.8018611865064,0.7260764829870521,3.932806324110672,0.7433501078360891,0.0052476783789229,0.7519769949676491,0.0,0.0,0.6521120147818317,0.5947775628626693,0.0392845736186521,1.286610878661088,0.007537527946343,14.55676898971286,0.0136072741790126,0.0302786242925555,-25.57923191648024,-909700000.0,-3723700000.0,-5906400000.0,8926900000.0,572350000.0,1147650000.0,1342350000.0,32.826572979878634,100.9245960502693,120.70017953321364,2.7416812609457093,0.8917548696967001,0.7456492637215528,0.0285620418471899,0.2293064876957494,2023-03-28,0.51,bmo,1541810000.0,2025-04-25,2023-02-28,0.1568627450980391,76.25548387096775,1493250.0
2022-11-30,MKC,USD,63754,2023-01-26,2023-01-26 16:59:17,2022,Q4,1695700000.0,1071300000.0,624400000.0,0.3682255116,0,0.0,0.0,354000000.0,6100000.0,360100000.0,1431400000.0,6100000.0,44400000.0,52400000.0,325100000.0,0.1917202335,264300000.0,0.1558648346,-36000000.0,228300000.0,0.1346346642,53200000.0,185700000.0,0.1095122958,0.69,0.69,268250000,270200000,https://www.sec.gov/Archives/edgar/data/63754/000006375423000005/0000063754-23-000005-index.htm,https://www.sec.gov/Archives/edgar/data/63754/000006375423000005/mkc-20221130.htm,6.321342031686859,0.692264678471575,1.4963653308480895,1.1414725069897484,1.245107176141659,17.517986952469712,-15.143336439888165,17.448275862068964,20.01901211556384,22849535000.0,27841235000.0,30.76135568120625,13.47498673114348,56.92460139511709,74.62290986283475,4.881857707509882,4.881857707509882,16.418726779501092,85.63898800369117,69.36032635774788,90.925,0.0081270800477996,0.0134007103426831,1.1378485204572162,0.4057707106339858,15.354352506920948,0.6953443654585713,5.952702702702703,2.161550888529887,0.0043414450228418,0.5341949380721593,0.0,0.0,0.6675403241167551,0.2371699053313403,0.0561420062511057,1.816793893129771,0.0066049419118947,16.48555623233916,0.0180995230368178,0.0425575799243726,-26.062907735321527,-1045700000.0,-4062200000.0,-6039000000.0,9132600000.0,569750000.0,1157250000.0,1359800000.0,30.44937194079141,98.3758050966116,112.5819098291795,2.955725989192958,0.9148590947907772,0.7994179538840385,0.0396752483709005,0.3548928238583411,2023-01-26,0.86,bmo,1766764570.0,2025-04-25,2022-11-30,-0.1511627906976744,80.6152380952381,1253020.634920635
2022-08-31,MKC,USD,63754,2022-10-06,2022-10-06 16:26:48,2022,Q3,1595600000.0,1028900000.0,566700000.0,0.3551642016,0,325700000.0,0.0,325700000.0,5800000.0,331500000.0,1360400000.0,4800000.0,37900000.0,50000000.0,362600000.0,0.2272499373,235200000.0,0.1474053648,39500000.0,274700000.0,0.1721609426,59300000.0,222900000.0,0.1396966658,0.83,0.82,268300000,270200000,https://www.sec.gov/Archives/edgar/data/63754/000006375422000044/0000063754-22-000044-index.htm,https://www.sec.gov/Archives/edgar/data/63754/000006375422000044/mkc-20220831.htm,5.947074170704435,0.8307864330972792,0.3566902720834886,0.1136787178531494,1.2817741334327246,17.16995900111815,-14.907193440178904,17.1051062243757,20.12560566530004,22555981000.0,27573881000.0,25.298318752803947,14.136363123589872,235.69468129571572,739.5403606557377,4.9149066306408375,4.9149066306408375,17.281198922035596,76.04490071704357,288.1283281086729,904.0616721311476,0.009882079613385,0.0013521912436439,1.1683263242760331,0.4143265589985318,13.838665195808051,0.7683097694561203,6.205804749340369,0.4293405114401076,0.0044023800161917,0.4454912516823687,0.2041238405615442,0.0,0.6650413414728382,0.6812957157784744,0.0408623715216846,1.304,0.0076460265730759,17.881289920688918,0.0163824383952476,0.051422243753893,-25.629146477823333,-727600000.0,-3999600000.0,-5921500000.0,9017800000.0,529450000.0,1134950000.0,1362050000.0,31.914013537227376,100.02429779376033,120.66770337253378,2.8200777659950518,0.8997813729777,0.7458499456324755,0.0485694986163467,0.2430115542303391,2022-10-06,0.76,bmo,1599328002.0,2025-04-25,2022-08-31,-0.0921052631578948,83.8534375,1157404.6875
2022-05-31,MKC,USD,63754,2022-06-29,2022-06-29 16:53:38,2022,Q2,1536800000.0,1013800000.0,523000000.0,0.3403175429,0,0.0,0.0,349200000.0,16600000.0,365800000.0,1379600000.0,0.0,33700000.0,49200000.0,212700000.0,0.1384044768,157200000.0,0.1022904737,-27400000.0,129800000.0,0.0844612181,21700000.0,118500000.0,0.0771082769,0.44,0.44,268300000,270500000,https://www.sec.gov/Archives/edgar/data/63754/000006375422000038/0000063754-22-000038-index.htm,https://www.sec.gov/Archives/edgar/data/63754/000006375422000038/mkc-20220531.htm,5.727916511367872,0.4416697726425643,0.5087588520313082,0.2929556466641819,1.2143123369362654,17.20126723816623,-15.29929183749534,17.138278046962355,20.09616101379053,24876776000.0,29909076000.0,52.48264978902954,16.187386777719937,182.24744322344324,316.4984223918575,5.410111782871558,5.410111782871558,19.461918271733477,140.61624823695345,219.1141098901099,380.5225954198473,0.0047634789974392,0.0031595734109596,1.1652603192553608,0.4135006443945392,23.65914433474377,0.7420044685604852,4.664688427299703,1.1518987341772151,0.0039876549919491,0.8371308016877637,0.0,0.0,0.6729408314618881,0.4241758241758241,0.0376756897449245,1.1768292682926829,0.0167881311816762,13.05039600130799,0.011624145222781,0.0279613025011798,-25.996552366753637,-808300000.0,-4104800000.0,-6018100000.0,9047700000.0,504900000.0,1099500000.0,1294400000.0,28.87753774076002,99.9960544486092,119.3667390017755,3.116609207057392,0.9000355113636364,0.7539788784768704,0.0257709538515071,0.2158032053671263,2022-06-29,0.65,bmo,1606126441.0,2025-04-25,2022-05-31,-0.2615384615384616,94.74209677419356,1257841.935483871
2022-02-28,MKC,USD,63754,2022-03-29,2022-03-29 16:29:10,2022,Q1,1522400000.0,962000000.0,560400000.0,0.3681029953,0,0.0,0.0,333300000.0,20200000.0,353500000.0,1315500000.0,0.0,33100000.0,49000000.0,262100000.0,0.1721623752,206900000.0,0.135903836,-26900000.0,180000000.0,0.1182343668,34400000.0,154900000.0,0.1017472412,0.58,0.57,267800000,270500000,https://www.sec.gov/Archives/edgar/data/63754/000006375422000015/0000063754-22-000015-index.htm,https://www.sec.gov/Archives/edgar/data/63754/000006375422000015/mkc-20220228.htm,5.684839432412248,0.5784167289021658,0.066840926064227,-0.0963405526512322,1.263629574309186,17.230022404779685,-15.544809559372666,17.16840926064227,20.18334578043316,25486526000.0,30520126000.0,41.13383795997418,16.741018129269573,1423.8282681564249,-987.8498449612404,5.543320790830197,5.543320790830197,20.047376510772462,116.44458603586418,1705.034972067039,-1182.950620155039,0.006077721224148,-0.0010122995970498,1.168410292102573,0.4151211671612265,19.20488363220145,0.7277277602626191,6.250755287009064,0.1155584247901872,0.00388440543054,0.6391220142027114,0.0,0.0,0.6782501854599406,2.441340782122905,0.0287046768260641,0.8918367346938776,0.0072911192853389,14.947780447690986,0.0148478575456111,0.0372024881715781,-26.05890589992532,-837700000.0,-4162900000.0,-6087600000.0,9075300000.0,533100000.0,1068400000.0,1213250000.0,30.54584866001051,100.34719334719335,116.40124740124742,2.946390555448036,0.8968860712287898,0.7731875904195467,0.0336907584226896,0.1631814787154593,2022-03-29,0.62,bmo,1468368809.0,2025-04-25,2022-02-28,0.0161290322580645,97.75645161290322,1607225.8064516129
2021-11-30,MKC,USD,63754,2022-01-27,2022-01-27 16:20:45,2021,Q4,1730300000.0,1027400000.0,702900000.0,0.4062301335,0,0.0,0.0,398900000.0,27800000.0,426700000.0,1454100000.0,0.0,33300000.0,47200000.0,328700000.0,0.1899670577,276200000.0,0.1596254985,-28000000.0,248200000.0,0.1434433335,57200000.0,197400000.0,0.1140842628,0.74,0.73,267400000,270000000,https://www.sec.gov/Archives/edgar/data/63754/000006375422000005/0000063754-22-000005-index.htm,https://www.sec.gov/Archives/edgar/data/63754/000006375422000005/mkc-20211130.htm,6.470830216903515,0.7382198952879581,1.7030665669409124,1.3735976065818998,1.3152580403889305,16.55011219147345,-16.843305908750935,16.495886312640238,20.277112939416604,22948268000.0,27985368000.0,29.063156028368795,13.26259492573542,50.39145366710584,62.47826844541247,5.202509181591476,5.202509181591476,16.173708605444144,85.13954365682994,61.45227931488801,76.19212632725292,0.0086019563655087,0.0160055652130261,1.221673090002267,0.4175486990345426,15.324307879525405,0.6811216576710714,8.294294294294295,2.3069908814589666,0.0039610832503786,0.4604863221884498,0.0,0.0,0.6918904678516636,0.1934563021519543,0.0509160261226376,1.8665254237288136,0.0071663873316765,16.55281873259008,0.0193375856946073,0.0496428930691077,-26.646690351533284,-1028000000.0,-4503900000.0,-6284500000.0,9178500000.0,545250000.0,1043650000.0,1192350000.0,28.581748829682716,93.22367140354292,103.56920381545648,3.1488626023657877,0.9654200338282278,0.8689841833713947,0.0447517569712083,0.3294689603590127,2022-01-27,0.8,bmo,1469190000.0,2025-04-25,2021-11-30,0.0499999999999999,85.16453125,1337275.0
2021-08-31,MKC,USD,63754,2021-09-30,2021-09-30 17:07:35,2021,Q3,1549400000.0,949800000.0,599600000.0,0.3869885117,0,325800000.0,0.0,325800000.0,8600000.0,334400000.0,1284200000.0,2400000.0,33900000.0,47200000.0,315900000.0,0.203885375,265200000.0,0.1711630309,-30400000.0,234800000.0,0.1515425326,31500000.0,212400000.0,0.1370853234,0.79,0.79,267400000,270000000,https://www.sec.gov/Archives/edgar/data/63754/000006375421000150/0000063754-21-000150-index.htm,https://www.sec.gov/Archives/edgar/data/63754/000006375421000150/mkc-20210831.htm,5.794315632011967,0.7943156320119671,0.5392670157068062,0.2509349289454001,1.169035153328347,16.466342557965593,-16.659311892296184,16.404263275991024,20.773373223635005,23073946000.0,28282246000.0,27.15859934086629,14.89218148960888,160.01349514563108,343.8740089418778,5.260217941411148,5.260217941411148,18.25367626177875,89.52911047799937,196.132080443828,421.4939791356185,0.0092051875305593,0.0029080418234488,1.2586116493787758,0.4284949240942535,16.487179487179485,0.6835479075064056,7.823008849557522,0.6789077212806026,0.0039351743303897,0.4274952919020716,0.2102749451400542,0.0,0.6874825370215144,0.5346740638002774,0.0497611978830515,1.6334745762711864,0.0074867690718987,17.122460743555205,0.0203944964414612,0.0527492177022798,-26.782909498878084,-1000400000.0,-4454700000.0,-6320400000.0,8970900000.0,520700000.0,1031800000.0,1175100000.0,31.42506776816832,96.9456727732154,113.93556538218571,2.863955637707948,0.9283549995112892,0.7899201596806387,0.0484212926023025,0.2883320867614061,2021-09-30,0.72,bmo,1533050000.0,2025-04-25,2021-08-31,0.1111111111111112,85.85125000000001,1062596.875
2021-05-31,MKC,USD,63754,2021-07-01,2021-07-01 17:29:32,2021,Q2,1556700000.0,942100000.0,614600000.0,0.394809533,0,0.0,0.0,356600000.0,20600000.0,377200000.0,1319300000.0,0.0,35600000.0,43800000.0,285100000.0,0.1831438299,237400000.0,0.1525020877,-31700000.0,205700000.0,0.1321384981,45400000.0,183700000.0,0.1180060384,0.69,0.68,267300000,270000000,https://www.sec.gov/Archives/edgar/data/63754/000006375421000120/0000063754-21-000120-index.htm,https://www.sec.gov/Archives/edgar/data/63754/000006375421000120/mkc-20210531.htm,5.823793490460157,0.6872427983539094,0.9760568649457538,0.735877291432847,1.091657313879536,16.23943135054246,-17.143658810325476,16.181444070332958,20.563037785260008,23770989000.0,28940089000.0,32.35028443113773,15.270115629215647,91.11149482560369,120.848952719878,5.495801216100618,5.495801216100618,18.59066551037451,101.50855489302,110.92406669221924,147.1280579562786,0.0077279073243439,0.0082747924371173,1.2625482625482625,0.4262831271222825,18.130831287267625,0.8620023517554174,6.668539325842697,1.4202504082743603,0.0038197821722941,0.4942841589548176,0.0,0.0,0.6965614144646969,0.246071291682637,0.041241086914627,1.4657534246575343,0.0182437206912057,15.818124741789564,0.0165858458390999,0.0472576661864581,-27.04339693228582,-328600000.0,-4582500000.0,-6417100000.0,9707500000.0,508150000.0,1003950000.0,1110600000.0,28.93042975525149,99.4002759791954,109.65078017195628,3.1109112709832134,0.9054300816914944,0.8207875936574316,0.0424710424710424,0.2401795735129068,2021-07-01,0.62,bmo,1467770000.0,2025-04-25,2021-05-31,0.1129032258064515,89.18650793650794,1315919.0476190476
2021-02-28,MKC,USD,63754,2021-03-30,2021-03-30 17:14:59,2021,Q1,1481500000.0,904000000.0,577500000.0,0.3898076274,0,0.0,0.0,321300000.0,19900000.0,341200000.0,1245200000.0,0.0,33800000.0,48100000.0,289000000.0,0.1950725616,236300000.0,0.1595005062,-29200000.0,207100000.0,0.1397907526,58600000.0,161800000.0,0.1092136348,0.61,0.6,267100000,269900000,https://www.sec.gov/Archives/edgar/data/63754/000006375421000071/0000063754-21-000071-index.htm,https://www.sec.gov/Archives/edgar/data/63754/000006375421000071/mkc-20210228.htm,5.546611755896668,0.605765630849869,-0.1205540995881692,-0.3025084238113066,0.958816922500936,15.592287532759268,-17.72070385623362,15.535380007487833,21.090228378884312,22583305000.0,27926605000.0,34.89385815822002,15.243540330745866,-701.3448757763975,-279.496349009901,5.442415953729364,5.442415953729364,18.85022274721566,96.63185121107266,-867.2858695652174,-345.6262995049505,0.0071645846345342,-0.0035778642674311,1.3494155922400288,0.4414155189947261,18.48892733564014,0.8064942030779387,6.991124260355029,-0.1990111248454882,0.0040206692510241,0.5611866501854141,0.0,0.0,0.7014450024043957,-1.5093167701863357,0.0328045899426257,1.0103950103950103,0.0095848801889976,14.551391122205017,0.0152350121610742,0.0427228559357836,-27.482871583676527,-469000000.0,-4733200000.0,-6565700000.0,9499700000.0,522200000.0,999850000.0,1053000000.0,31.340533243334452,96.31194690265488,106.8650442477876,2.8716805582477223,0.9344635104403556,0.8421837152971865,0.0389926497168333,0.1819543242231374,2021-03-30,0.59,bmo,1374740000.0,2025-04-25,2021-02-28,0.2203389830508474,88.95868852459017,1392121.31147541
2020-11-30,MKC,USD,63754,2021-01-28,2021-01-28 17:10:50,2020,Q4,1557900000.0,897200000.0,660700000.0,0.4240965402,0,0.0,0.0,370500000.0,15300000.0,385800000.0,1283000000.0,0.0,32400000.0,41100000.0,321100000.0,0.2061107902,274900000.0,0.1764554849,-27300000.0,247600000.0,0.1589318955,57500000.0,200700000.0,0.1288272675,0.75,0.74,267000000,269700000,https://www.sec.gov/Archives/edgar/data/63754/000006375421000020/0000063754-21-000020-index.htm,https://www.sec.gov/Archives/edgar/data/63754/000006375421000020/mkc-20201130.htm,5.834831460674157,0.751685393258427,1.552808988764045,1.254307116104869,1.5865168539325842,14.756554307116104,-16.485767790262173,14.704494382022473,18.87752808988764,24961830000.0,29546130000.0,31.09346038863976,16.022742152898132,60.20701881331403,74.53517467900866,6.3579200733552375,6.3579200733552375,18.96535721163104,92.01535347243848,71.26418234442836,88.22373842938191,0.0080402758932337,0.0134164842882112,1.2755406128218842,0.4142286409092037,14.276860791030831,0.6839323814213031,8.484567901234568,2.0657698056801195,0.0033130583775308,0.4120577977080219,0.0,0.0,0.6899840359975847,0.1922334780511336,0.0511586109506386,1.939172749391728,0.0052634957314333,15.770096922653332,0.0207047555689002,0.0535485592315901,-25.518445692883898,-962900000.0,-4401700000.0,-6066100000.0,8544000000.0,512500000.0,967550000.0,987350000.0,30.5314846909301,103.55216228265716,103.58225590726708,2.947776726584673,0.8691271917078369,0.8688746852605075,0.0511194314969053,0.298501872659176,2021-01-28,0.81,bmo,1596366666.0,2025-04-25,2020-11-30,-0.0246913580246913,94.3803125,953220.3125
2020-08-31,MKC,USD,63754,2020-09-29,2020-09-29 16:47:31,2020,Q3,1430300000.0,840000000.0,590300000.0,0.4127106201,0,0.0,0.0,317200000.0,100000.0,317300000.0,1157300000.0,0.0,33500000.0,42400000.0,319300000.0,0.2232398797,273000000.0,0.1908690485,-29600000.0,243400000.0,0.1701740894,46900000.0,206100000.0,0.1440956443,0.77,0.76,266700000,269600000,https://www.sec.gov/Archives/edgar/data/63754/000006375420000160/0000063754-20-000160-index.htm,https://www.sec.gov/Archives/edgar/data/63754/000006375420000160/mkc-20200831.htm,5.362954630671166,0.7727784026996626,1.0168728908886389,0.7975253093363329,0.8286464191976003,14.79565054368204,-13.016122984626922,14.74578177727784,15.757405324334458,27496770000.0,31444770000.0,33.35367540029112,19.224477382367336,101.38926991150444,129.27489421720733,6.991830040430239,6.991830040430239,21.984737467664125,98.48033197619792,115.94679203539825,147.83624823695345,0.0074954258263788,0.0077354540187811,1.0600859460421592,0.3838610770944782,12.364547447541495,0.9007422574865626,8.149253731343284,1.3158660844250365,0.0030003524050279,0.4002911208151383,0.0,0.0,0.6829578203983169,0.2157079646017699,0.0409005103824372,1.3797169811320755,0.007480948052856,16.012260552122477,0.0236003369549772,0.059855371300787,-21.93578927634045,-193900000.0,-3471400000.0,-5155100000.0,8184400000.0,495400000.0,880000000.0,886700000.0,31.241697545969377,96.72857142857144,100.9392857142857,2.8807653575025176,0.9304386353566682,0.8916250928776138,0.0524067434586925,0.2193475815523059,2020-09-29,0.76,bmo,1420951633.0,2025-04-25,2020-08-31,0.0131578947368421,97.87609375,1060578.125
2020-05-31,MKC,USD,63754,2020-06-25,2020-06-25 17:03:12,2020,Q2,1401100000.0,821600000.0,579500000.0,0.4136035972,0,0.0,0.0,319200000.0,2900000.0,322100000.0,1143700000.0,0.0,34400000.0,39600000.0,300100000.0,0.2141888516,257400000.0,0.1837127971,-31300000.0,226100000.0,0.1613732068,40400000.0,195900000.0,0.1398187139,0.74,0.73,266200000,268500000,https://www.sec.gov/Archives/edgar/data/63754/000006375420000119/0000063754-20-000119-index.htm,https://www.sec.gov/Archives/edgar/data/63754/000006375420000119/mkc-20200531.htm,5.263335837716003,0.7359128474830954,1.167167543200601,0.9845980465815176,0.6949661908339594,13.75770097670924,-13.734034560480842,13.711119459053345,16.723891810668672,23502798000.0,27735298000.0,29.993361408882087,16.774532867033045,75.64466688123592,89.6711102632583,6.439299158881066,6.439299158881066,19.79537363500107,92.42018660446516,89.267132281944,105.81952689813048,0.0083351777945757,0.0111518637057596,1.2103071317022385,0.4176870491012755,14.103632122625791,1.0211085129242243,7.482558139534884,1.5860132720775906,0.0035102203575931,0.4211332312404288,0.0,0.0,0.6919658475241346,0.1564209848728677,0.0346870316180144,1.2272727272727273,0.0147741060595246,15.067489892947949,0.0229755530058129,0.0601326048253422,-22.32315927873779,33400000.0,-3656000000.0,-5298100000.0,8405400000.0,452100000.0,823300000.0,833450000.0,31.751480979230603,93.89970788704969,91.06256085686466,2.8345134533683995,0.9584694353709752,0.9883315289305906,0.0536727033617359,0.1825694966190834,2020-06-25,0.58,bmo,1105629931.0,2025-04-25,2020-05-31,0.2758620689655173,82.36460317460318,1551476.1904761903
2020-02-29,MKC,USD,63754,2020-03-31,2020-03-31 16:36:17,2020,Q1,1212000000.0,742100000.0,469900000.0,0.3877062706,0,0.0,0.0,274700000.0,1000000.0,275700000.0,1017800000.0,0.0,35300000.0,41900000.0,241600000.0,0.199339934,194200000.0,0.1602310231,-29800000.0,164400000.0,0.1356435644,30100000.0,144700000.0,0.1193894389,0.54,0.54,266000000,268700000,https://www.sec.gov/Archives/edgar/data/63754/000006375420000065/0000063754-20-000065-index.htm,https://www.sec.gov/Archives/edgar/data/63754/000006375420000065/mkc-20200229.htm,4.556390977443609,0.543984962406015,0.1684210526315789,0.0236842105263157,0.6421052631578947,13.438345864661654,-14.14436090225564,13.3906015037594,16.8312030075188,19444600000.0,23715600000.0,33.594678645473394,16.043399339933995,434.03125,3086.4444444444443,5.459052752744321,5.459052752744321,19.567326732673266,98.16059602649008,529.3660714285714,3764.380952380952,0.0074416547524762,0.0003239974080207,1.2470310789185548,0.4233632299817951,17.67798013245033,0.735572283342984,5.501416430594901,0.3096060815480304,0.0042376803842712,0.5694540428472702,0.0,0.0,0.6993146963790425,0.859375,0.0317656765676567,0.918854415274463,0.0052805280528052,12.80220417550708,0.0171818998045032,0.0458680698640124,-22.63562030075188,-548000000.0,-3762400000.0,-5392700000.0,7725000000.0,456400000.0,818150000.0,818400000.0,30.43811881188119,95.73642366257916,101.339442123703,2.9568187362771408,0.9400810742335952,0.8881043561512686,0.0406243858614784,0.1447368421052631,2020-03-31,0.52,bmo,1155888888.0,2025-04-25,2020-02-29,0.0384615384615384,77.59677419354838,2160145.1612903224
2019-11-30,MKC,USD,63754,2020-01-28,2020-01-28 17:23:28,2019,Q4,1484800000.0,854800000.0,630000000.0,0.424299569,0,0.0,0.0,326900000.0,3900000.0,330800000.0,1185600000.0,0.0,38500000.0,40800000.0,347400000.0,0.2339709052,299200000.0,0.2015086207,-31100000.0,268100000.0,0.1805630388,66400000.0,213400000.0,0.1437230603,0.8,0.8,266000000,268600000,https://www.sec.gov/Archives/edgar/data/63754/000006375420000022/0000063754-20-000022-index.htm,https://www.sec.gov/Archives/edgar/data/63754/000006375420000022/mkc-11302019x10kxq42019.htm,5.581954887218045,0.8022556390977443,1.7,1.449624060150376,0.5842105263157895,12.995112781954887,-14.931954887218046,12.94812030075188,16.401127819548872,22511580000.0,26680380000.0,26.37251640112465,15.161355064655172,49.78235294117647,58.38065352697095,6.536083851112014,6.536083851112014,17.969005926724137,76.80017271157168,59.00128261831048,69.19185684647303,0.0094795656280012,0.0171289620719647,1.255502003367981,0.4173092326844944,12.0,0.7195506869662087,7.771428571428571,2.119025304592315,0.0033671559259723,0.3552014995313964,0.0,0.0,0.7169010142731685,0.1472799646174259,0.0448545258620689,1.6323529411764706,0.0044450431034482,15.288011867387103,0.0252745310441706,0.0727458667121186,-22.451973684210525,-604200000.0,-3971900000.0,-5355200000.0,7777000000.0,498750000.0,815000000.0,824050000.0,30.48289331896552,89.16822648572766,84.35657463734206,2.952475641280573,1.0093281379147478,1.0668996505242136,0.0619592358167353,0.2503759398496241,2020-01-28,0.81,bmo,1484800000.0,2025-04-25,2019-11-30,0.0,82.751875,1303465.625
2019-08-31,MKC,USD,63754,2019-10-01,2019-10-01 16:29:36,2019,Q3,1329200000.0,789300000.0,539900000.0,0.4061841709,0,0.0,0.0,278700000.0,7700000.0,286400000.0,1075700000.0,0.0,41300000.0,39000000.0,299400000.0,0.2252482696,253500000.0,0.1907162203,-34400000.0,219100000.0,0.1648359916,36800000.0,191900000.0,0.1443725549,0.73,0.72,265600000,268400000,https://www.sec.gov/Archives/edgar/data/63754/000006375419000170/0000063754-19-000170-index.htm,https://www.sec.gov/Archives/edgar/data/63754/000006375419000170/mkc-8312019xq3.htm,5.004518072289157,0.7225150602409639,0.6792168674698795,0.4796686746987952,0.6133283132530121,13.104668674698797,-14.55647590361446,13.059864457831326,17.64796686746988,21630464000.0,26113564000.0,28.17934340802501,16.273295215167018,119.90279379157428,169.7838618524333,6.235899328278605,6.235899328278605,19.646075835088777,87.21965263861055,144.75368070953436,204.97302982731551,0.0088717468104244,0.0058898412905058,1.3394066941505465,0.4481960254678757,14.973613894455578,0.7828014184397163,6.138014527845036,0.9400729546638874,0.0034950706559045,0.3939551849921834,0.0,0.0,0.7087401119043025,0.2937915742793791,0.0398736081853746,1.358974358974359,0.0058681913933192,14.57082176812614,0.0230806129728307,0.0635598834128245,-22.31965361445783,-441000000.0,-3866200000.0,-5296000000.0,7875600000.0,461800000.0,744850000.0,831700000.0,33.48931688233524,89.29304446978335,96.56784492588368,2.6874241811564903,1.007917251947389,0.9319872476089268,0.0553233199757834,0.1995481927710843,2019-10-01,0.64,bmo,1174430136.0,2025-04-25,2019-08-31,0.1406249999999999,80.353125,1547140.625
2019-05-31,MKC,USD,63754,2019-06-28,2019-06-27 17:44:13,2019,Q2,1301900000.0,793400000.0,508500000.0,0.3905829941,0,0.0,0.0,293300000.0,7100000.0,300400000.0,1093800000.0,0.0,42400000.0,38700000.0,253100000.0,0.1944081727,208100000.0,0.1598433059,-36100000.0,172000000.0,0.1321146017,32100000.0,149400000.0,0.1147553576,0.56,0.56,264600000,267800000,https://www.sec.gov/Archives/edgar/data/63754/000006375419000127/0000063754-19-000127-index.htm,https://www.sec.gov/Archives/edgar/data/63754/000006375419000127/mkc-5312019xq2.htm,4.920256991685563,0.564625850340136,0.7959183673469388,0.6874527588813303,0.526832955404384,12.7838246409675,-15.075207860922148,12.739606953892668,17.812169312169313,20644092000.0,25175392000.0,34.545,15.856895306859206,98.0251282051282,113.49143485431556,6.124207778338129,6.124207778338129,19.33742376526615,99.46816278150928,119.54127255460588,138.40237493128092,0.0072369373281227,0.0088112376170383,1.3855943516568276,0.4562700870397687,17.9032003160806,0.791946669533896,4.908018867924528,1.4096385542168677,0.0036572206711731,0.5053547523427041,0.0,0.0,0.7201051119989841,0.1362773029439696,0.0220447038943083,0.7416020671834626,0.0123665412090022,12.721831892859104,0.0186622342894153,0.0521429568616501,-22.617913832199548,-387000000.0,-3988900000.0,-5381000000.0,7946500000.0,432350000.0,690200000.0,811900000.0,29.65665565711652,80.15376859087472,92.62036803629948,3.034731934731935,1.1228417775261816,0.9717085119412124,0.0443205078762348,0.1084656084656084,2019-06-27,0.54,bmo,1212113793.0,2025-04-25,2019-05-31,0.0740740740740739,77.09777777777778,1792695.238095238
2019-02-28,MKC,USD,63754,2019-03-26,2019-03-26 17:24:43,2019,Q1,1231500000.0,764600000.0,466900000.0,0.3791311409,0,0.0,0.0,267900000.0,2100000.0,270000000.0,1034600000.0,0.0,43000000.0,40300000.0,243300000.0,0.1975639464,196900000.0,0.1598863175,-36900000.0,160000000.0,0.1299228583,22100000.0,148000000.0,0.1201786439,0.56,0.56,264400000,267600000,https://www.sec.gov/Archives/edgar/data/63754/000006375419000066/0000063754-19-000066-index.htm,https://www.sec.gov/Archives/edgar/data/63754/000006375419000066/mkc-2282019xq1.htm,4.657715582450832,0.5597579425113465,0.3918305597579425,0.2957639939485628,0.3869137670196672,12.642586989409985,-15.374432677760968,12.598335854765509,18.026475037821484,17976556000.0,22597456000.0,30.36580405405405,14.59728461226147,173.51888030888028,229.8792327365729,5.396744521164815,5.396744521164815,18.34953796183516,92.87898068228525,218.12216216216217,288.97002557544755,0.008232945175928,0.0043501102213349,1.4179525667967576,0.4617956765318394,18.99260172626387,0.7807118254879449,4.579069767441861,0.7,0.0041887889982931,0.5087837837837837,0.0,0.0,0.7242640229177055,0.2451737451737451,0.0206252537555826,0.630272952853598,0.0054405196914332,12.596444638684185,0.0186733260893485,0.0524785476207361,-22.891357791225417,-401100000.0,-4065000000.0,-5457200000.0,7983100000.0,476900000.0,691900000.0,796800000.0,31.84165651644336,79.31205859272822,95.02615746795708,2.8264861142988296,1.134758088453547,0.9471076427598166,0.0444311017712398,0.0960665658093797,2019-03-26,0.52,bmo,1132540178.0,2025-04-25,2019-02-28,0.0769230769230769,67.44,2795275.409836065
2018-11-30,MKC,USD,63754,2019-01-25,2019-01-24 20:24:46,2018,Q4,1499200000.0,817700000.0,681500000.0,0.4545757737,0,0.0,0.0,383800000.0,2800000.0,386600000.0,1204300000.0,0.0,43900000.0,39100000.0,341900000.0,0.2280549626,294900000.0,0.1967049093,-36000000.0,258900000.0,0.1726921025,55800000.0,214000000.0,0.1427427962,0.81,0.8,264197531,267500000,https://www.sec.gov/Archives/edgar/data/63754/000006375419000017/0000063754-19-000017-index.htm,https://www.sec.gov/Archives/edgar/data/63754/000006375419000017/mkc-11302018x10kxq42018.htm,5.674542053157945,0.8099999995836449,1.6358971954208006,1.4220420553438102,0.3656355138307481,12.04477569474334,-16.134140178622637,12.002004666727942,17.94225700012314,19814814825.0,24414614825.0,23.148148160046727,13.216925576974386,45.84640172373901,52.7410562283737,6.248956077138983,6.248956077138983,16.285095267475988,71.40864236618894,56.48915970615456,64.98433544051105,0.0107999999944486,0.0189605607379174,1.4810936957961462,0.4578994578994579,13.453641415618602,0.7393215766598391,6.71753986332574,2.019626168224299,0.0034570093440174,0.3200934579439252,0.0,0.0,0.7258687258687259,0.1307265155020823,0.0376867662753468,1.4450127877237853,0.0026680896478121,14.78974424858936,0.025998631149977,0.0761132451273296,-23.45167638981456,-521800000.0,-4262600000.0,-5594300000.0,7864500000.0,514900000.0,678150000.0,796300000.0,31.102588046958378,78.1460193224899,86.5439647792589,2.893649874541594,1.1516901408450704,1.0399338674806051,0.0674887255984105,0.2138551400769903,2019-01-24,0.85,bmo,1494269461.0,2025-04-25,2018-11-30,-0.0117647058823529,71.7247619047619,2392304.761904762
2018-08-31,MKC,USD,63754,2018-09-27,2018-09-27 17:19:55,2018,Q3,1318200000.0,795700000.0,522500000.0,0.3963738431,0,0.0,0.0,283700000.0,8900000.0,292600000.0,1088300000.0,0.0,44700000.0,37500000.0,272200000.0,0.2064937035,229900000.0,0.174404491,-39900000.0,190000000.0,0.144135943,24900000.0,173500000.0,0.1316188742,0.66,0.65,263200000,266400000,https://www.sec.gov/Archives/edgar/data/63754/000006375418000087/0000063754-18-000087-index.htm,https://www.sec.gov/Archives/edgar/data/63754/000006375418000087/mkc-8312018xq3.htm,5.008358662613982,0.65919452887538,0.5854863221884499,0.385258358662614,0.2773556231003039,11.82370820668693,-16.42515197568389,11.784574468085106,19.11018237082067,16434208000.0,21346308000.0,23.680414985590776,12.467158246093158,106.64638546398442,162.07305719921104,5.298451816745656,5.298451816745656,16.193527537551205,78.42141072740633,138.52243997404284,210.5158579881657,0.0105572474195288,0.0061700569933154,1.6072153980075443,0.4850262697022767,18.04592211609111,0.7946741415557113,5.143176733780761,0.8881844380403459,0.0041620502795145,0.394236311239193,0.0,0.0,0.7233994940649932,0.3419857235561324,0.0399787589136701,1.405333333333333,0.0041723562433621,13.220716993640677,0.0218610886170142,0.0610292307151148,-23.95925151975684,-380900000.0,-4323100000.0,-5691800000.0,8015200000.0,492800000.0,635200000.0,801950000.0,34.936276741010474,73.10167148422772,91.1989443257509,2.576118819620872,1.2311619990716385,0.9868535284633512,0.0559370667698359,0.2002279635258358,2018-09-27,0.64,bmo,1307901562.0,2025-04-25,2018-08-31,0.0,61.70333333333333,1545038.0952380951
2018-05-31,MKC,USD,63754,2018-06-28,2018-06-28 16:44:16,2018,Q2,1301300000.0,795900000.0,505400000.0,0.3883808499,0,0.0,0.0,300600000.0,16200000.0,316800000.0,1112700000.0,0.0,44200000.0,37500000.0,230700000.0,0.1772842542,188600000.0,0.1449319911,-39600000.0,149000000.0,0.1145008837,33100000.0,123300000.0,0.0947514024,0.47,0.47,262800000,265800000,https://www.sec.gov/Archives/edgar/data/63754/000006375418000044/0000063754-18-000044-index.htm,https://www.sec.gov/Archives/edgar/data/63754/000006375418000044/mkc-5312018xq2.htm,4.951674277016743,0.4691780821917808,0.971841704718417,0.863013698630137,0.7709284627092846,11.568873668188736,-16.856925418569254,11.523972602739724,19.78462709284627,13271400000.0,18224000000.0,26.90875912408759,10.19857066010912,51.96319498825372,58.51587301587302,4.382169390787519,4.382169390787519,14.004457081380158,78.99436497615952,71.35473766640564,80.35273368606703,0.0092906550929065,0.0170893801708938,1.70222882615156,0.4964656484138754,21.467706978760297,0.8470244219418422,4.266968325791855,2.0713706407137065,0.005146405051464,0.5539334955393349,0.0,0.0,0.7194187099135191,0.1119812059514487,0.0219780219780219,0.7626666666666667,0.0090678552217013,11.029637152333756,0.0158836471043118,0.0423202333962587,-24.302416286149164,-282500000.0,-4430000000.0,-5779300000.0,8135500000.0,487950000.0,604250000.0,812650000.0,32.77568585260893,70.57293629852997,90.1922352054278,2.7459379615952733,1.275276398013139,0.9978686058174524,0.0407132243684992,0.10882800608828,2018-06-28,0.46,bmo,1186479411.0,2025-04-25,2018-05-31,0.108695652173913,52.4959375,2016096.875
2018-02-28,MKC,USD,63754,2018-03-27,2018-03-27 17:23:18,2018,Q1,1215400000.0,755000000.0,460400000.0,0.3788053316,0,0.0,0.0,268400000.0,10900000.0,279300000.0,1034300000.0,0.0,41800000.0,36600000.0,221800000.0,0.1824913609,181100000.0,0.149004443,-37700000.0,143400000.0,0.1179858483,-271100000.0,422600000.0,0.3477044594,1.61,1.59,262400000,265800000,https://www.sec.gov/Archives/edgar/data/63754/000006375418000014/0000063754-18-000014-index.htm,https://www.sec.gov/Archives/edgar/data/63754/000006375418000014/mkc-2282018xq1.htm,4.631859756097561,1.610518292682927,-0.078125,-0.1974085365853658,0.6844512195121951,11.708841463414634,-16.999618902439025,11.66234756097561,19.72827743902439,14009536000.0,18964836000.0,8.28770468528159,11.52668751028468,-683.392,-270.45436293436296,4.577980524148749,4.577980524148749,15.60378147112062,85.50422001803426,-925.1139512195122,-366.1165250965251,0.0301651674973389,-0.0036974814868957,1.6779622246911967,0.4955032326546367,22.341298467087466,0.8581351856799359,4.332535885167464,-0.0485092285849503,0.0048681126912411,0.1613819214387127,0.0,0.0,0.7269227057801795,-1.526829268292683,0.0257528385716636,0.855191256830601,0.0035379298996215,20.55734763674512,0.0566050795510548,0.1493338987243365,-24.08784298780488,-265500000.0,-4460700000.0,-5684600000.0,8090700000.0,528550000.0,612150000.0,810500000.0,37.17294717788383,69.6635761589404,98.66622516556292,2.4211155378486056,1.2919233401779604,0.912166243808143,0.1380955493105025,0.1192835365853658,2018-03-27,0.46,bmo,1106014000.0,2025-04-25,2018-02-28,0.0869565217391303,52.57688524590164,2218190.1639344264
2017-11-30,MKC,USD,63754,2018-01-25,2018-01-25 16:59:25,2017,Q4,1490900000.0,822700000.0,668200000.0,0.4481856597,0,0.0,0.0,375800000.0,25500000.0,401300000.0,1224000000.0,0.0,44800000.0,35600000.0,303500000.0,0.2035683144,266900000.0,0.1790193843,-43800000.0,223100000.0,0.1496411563,57700000.0,175700000.0,0.1178482796,0.67,0.66,262200000,265200000,https://www.sec.gov/Archives/edgar/data/63754/000006375418000008/0000063754-18-000008-index.htm,https://www.sec.gov/Archives/edgar/data/63754/000006375418000008/mkc-11302017x10kxq42017.htm,5.686117467581998,0.6700991609458429,1.9538520213577424,1.67162471395881,0.7124332570556827,9.80511060259344,-19.032418001525556,9.763157894736842,19.34363081617086,13395798000.0,18236098000.0,19.06061183836084,8.985041250251525,26.148346671871952,30.563080082135524,5.232938005390836,5.232938005390836,12.231603729291033,60.08599011532125,35.596521569392934,41.60642938626511,0.0131160532578947,0.0327192153838091,1.9637876479549985,0.4840358951645516,15.94827018121911,0.8303805268833769,5.957589285714286,2.9157655093910075,0.0045984569191025,0.350597609561753,0.0,0.0,0.7280325059215468,0.1444466133125122,0.0496344489905426,2.0786516853932584,0.0036890468844322,12.132657913767746,0.0219329034774549,0.0622034978404021,-25.992086193745237,-330300000.0,-4990300000.0,-6197900000.0,8040000000.0,555650000.0,578400000.0,814550000.0,33.509289690790794,70.0024310198128,86.78376078765041,2.6858223743469645,1.2856696358806063,1.037060380688264,0.0686354935739677,0.2822273073989321,2018-01-25,0.76,bmo,1471537662.0,2025-04-25,2017-11-30,0.0131578947368421,49.82174603174603,1932574.603174603
2017-08-31,MKC,USD,63754,2017-09-28,2017-09-28 17:27:17,2017,Q3,1185200000.0,700800000.0,484400000.0,0.4087073912,0,0.0,0.0,286500000.0,29200000.0,315700000.0,1016500000.0,0.0,21500000.0,31500000.0,186000000.0,0.1569355383,168700000.0,0.1423388458,-35700000.0,133000000.0,0.1122173473,33000000.0,108200000.0,0.0912926088,0.43,0.43,252600000,255600000,https://www.sec.gov/Archives/edgar/data/63754/000006375417000057/0000063754-17-000057-index.htm,https://www.sec.gov/Archives/edgar/data/63754/000006375417000057/mkc-8312017xq3.htm,4.692003167062549,0.4283452098178939,0.4980205859065716,0.3309580364212193,0.6575613618368963,10.028899445764054,-20.037608867775138,9.982581155977831,21.371733966745843,12016182000.0,17227082000.0,27.76382162661737,10.138526830914614,95.51813990461048,143.73423444976078,4.765300602791878,4.765300602791878,14.535168747890651,92.61872043010752,136.9402384737679,206.06557416267944,0.0090045240659637,0.0069572847681568,2.132376269035533,0.5179305894025064,28.015591397849462,0.9471802560258332,7.846511627906977,1.1626617375231054,0.0048767570264831,0.5415896487985212,0.0,0.0,0.7315564888216766,0.3354531001589825,0.0356058049274384,1.3396825396825396,0.0033749578130273,9.808659105356003,0.0136064561222842,0.0388245003408805,-27.107086302454476,-91600000.0,-5061500000.0,-6205800000.0,8268600000.0,492950000.0,485000000.0,807800000.0,42.23590955113061,66.38270547945206,107.33732876712328,2.130888169723121,1.355774811375508,0.8384781048097631,0.0429092639593908,0.1670625494853523,2017-09-28,0.53,bmo,1111125000.0,2025-04-25,2017-08-31,0.0566037735849057,48.20253968253969,2322355.5555555555
2017-05-31,MKC,USD,63754,2017-06-30,2017-06-29 17:50:17,2017,Q2,1114300000.0,669700000.0,444600000.0,0.3989948847,0,0.0,0.0,307300000.0,4700000.0,312000000.0,981700000.0,0.0,14900000.0,29800000.0,163600000.0,0.1468186305,132600000.0,0.1189984744,-13700000.0,118900000.0,0.1067037602,27300000.0,100000000.0,0.0897424392,0.4,0.4,249400000,252800000,https://www.sec.gov/Archives/edgar/data/63754/000006375417000042/0000063754-17-000042-index.htm,https://www.sec.gov/Archives/edgar/data/63754/000006375417000042/mkc-5312017xq2.htm,4.467923015236567,0.4009623095429029,0.532878909382518,0.3861267040898155,0.5212510024057738,7.255012028869286,-2.3031275060144347,7.209703287890938,6.920609462710505,12988752000.0,14569852000.0,32.47188,11.656422866373507,97.73327313769752,134.8780062305296,7.2235982425894,7.2235982425894,13.075340572556762,89.0577750611247,109.63018811136192,151.2964901349948,0.0076989690772446,0.0074141072213866,0.9516155942383628,0.3512037930255947,9.66442542787286,0.7915510158765404,8.899328859060402,1.329,0.0045038969101881,0.585,0.0,0.0,0.4892756716816157,0.2753950338600451,0.032845732747016,1.2281879194630871,0.0092434712375482,8.06495095039119,0.0256830711439822,0.0401880802154081,-8.903468323977545,-375500000.0,-574400000.0,-1636800000.0,2712100000.0,417050000.0,450750000.0,773500000.0,34.706093511621646,60.891443930117966,104.79617739286248,2.5932045613218526,1.478040167733392,0.8588099512695563,0.0556142594961348,0.1467522052927025,2017-06-29,0.38,bmo,1032765853.0,2025-04-25,2017-05-31,0.0789473684210525,50.60063492063493,1204723.8095238097
2017-02-28,MKC,USD,63754,2017-03-28,2017-03-28 16:40:22,2017,Q1,1043700000.0,630700000.0,413000000.0,0.3957075788,0,0.0,0.0,275200000.0,3600000.0,278800000.0,909500000.0,0.0,14500000.0,28300000.0,162600000.0,0.1557918942,134200000.0,0.1285810099,-14400000.0,119800000.0,0.1147839417,33300000.0,93500000.0,0.0895851298,0.38,0.37,250200000,253800000,https://www.sec.gov/Archives/edgar/data/63754/000006375417000020/0000063754-17-000020-index.htm,https://www.sec.gov/Archives/edgar/data/63754/000006375417000020/mkc-2282017xq1.htm,4.171462829736211,0.3737010391686651,0.1770583533173461,0.0587529976019184,0.5023980815347722,6.920863309352518,-2.397681854516387,6.871302957633893,6.824940047961631,12312342000.0,13879742000.0,32.920700534759355,11.79682092555332,277.9309706546276,837.5742857142857,7.161669381107492,7.161669381107492,13.298593465555236,85.36126691266912,313.312460496614,944.2001360544218,0.0075940060794282,0.0011939239504555,0.984818520241973,0.3563595798867631,9.63960639606396,0.7967671421997239,9.255172413793105,0.4737967914438503,0.004783817733458,0.6299465240641712,0.0,0.0,0.4907284628822799,0.6681715575620768,0.0283606400306601,1.0459363957597174,0.0039283318961387,7.601038991709385,0.0248308251240215,0.038642750867912,-8.820543565147881,-353300000.0,-599900000.0,-1634400000.0,2661000000.0,434800000.0,449600000.0,761750000.0,34.8720896809428,63.98604724908832,109.47835738068812,2.580860534124629,1.406556645851918,0.8220802919708029,0.0543857608189855,0.1183053557154276,2017-03-28,0.37,bmo,1016234210.0,2025-04-25,2017-02-28,0.027027027027027,48.41854838709677,1604806.4516129033
2016-11-30,MKC,USD,63754,2017-01-25,2017-01-25 16:49:00,2016,Q4,1227000000.0,687000000.0,540000000.0,0.4400977995,0,0.0,0.0,315000000.0,5900000.0,320900000.0,1007900000.0,0.0,14300000.0,26400000.0,247700000.0,0.2018744906,219100000.0,0.1785656072,-12100000.0,207000000.0,0.1687041565,61500000.0,157400000.0,0.1282803586,0.63,0.62,251600000,254400000,https://www.sec.gov/Archives/edgar/data/63754/000006375417000014/0000063754-17-000014-index.htm,https://www.sec.gov/Archives/edgar/data/63754/000006375417000014/mkc-11302016x10kxq42016.htm,4.876788553259141,0.6255961844197139,1.334260731319555,1.0723370429252783,0.4705882352941176,6.510731319554849,-2.218600953895072,6.465023847376789,5.8088235294117645,11472960000.0,12801760000.0,18.22261753494282,9.35041564792176,34.17622877569258,42.52394366197183,7.053338251567688,7.053338251567688,10.433382233088835,51.68251917642309,38.13452487339887,47.44907338769459,0.0137192145706077,0.0235161632220455,0.8897085946145333,0.3121723937099592,5.364553895841744,0.9993674000140578,15.321678321678322,2.1327827191867854,0.004724151395978,0.3443456162642948,0.0,0.0,0.4737591406199443,0.1963062257968424,0.0537082314588427,2.496212121212121,0.0047269763651181,9.539450751997256,0.0427032698712755,0.0645187735694376,-8.554650238473767,-900000.0,-558200000.0,-1576000000.0,2864800000.0,455250000.0,405900000.0,758300000.0,34.122249388753055,59.056768558951966,99.07860262008734,2.6375752364574376,1.5239574090505768,0.9083696945656484,0.0967662609123324,0.2619236883942766,2017-01-25,0.64,bmo,1227000000.0,2025-04-25,2016-11-30,0.0,46.65269841269841,1377041.2698412698
2016-08-31,MKC,USD,63754,2016-10-04,2016-10-03 19:02:40,2016,Q3,1091000000.0,637100000.0,453900000.0,0.41604033,0,0.0,0.0,281800000.0,4300000.0,286100000.0,923200000.0,0.0,14100000.0,29300000.0,197300000.0,0.1808432631,167800000.0,0.1538038497,-13900000.0,153900000.0,0.1410632447,34300000.0,127700000.0,0.1170485793,0.51,0.5,252800000,255800000,https://www.sec.gov/Archives/edgar/data/63754/000006375416000095/0000063754-16-000095-index.htm,https://www.sec.gov/Archives/edgar/data/63754/000006375416000095/mkc-8312016xq3.htm,4.315664556962025,0.5051424050632911,0.4339398734177215,0.303006329113924,0.5308544303797469,7.019778481012659,-1.868275316455696,6.951740506329114,6.455300632911392,12887744000.0,14371344000.0,25.2305090054816,11.81278093492209,117.48171376481312,168.24731070496082,7.333415272561739,7.333415272561739,13.172634280476627,72.84006082108465,131.00587055606198,187.61545691906005,0.0099086387811551,0.005943631406707,0.9205644702401274,0.3430085868758613,7.519513431322858,1.0945422010140171,11.900709219858156,0.8590446358653093,0.0042133052922218,0.4252153484729835,0.0,0.0,0.476391391921976,0.3017319963536919,0.0303391384051329,1.129692832764505,0.0036663611365719,8.888837138327895,0.0331373448038866,0.051708778749595,-8.28154667721519,126800000.0,-472300000.0,-1473900000.0,3014800000.0,422450000.0,363600000.0,749950000.0,36.734188817598536,50.996703814157904,107.40386124627216,2.4500336851560744,1.764819944598338,0.8379587005129554,0.0726641629680209,0.1309335443037974,2016-09-30,0.47,bmo,995669902.0,2025-04-25,2016-08-31,0.1063829787234043,50.67296875,1196787.5
2016-05-31,MKC,USD,63754,2016-07-01,2016-06-30 17:43:32,2016,Q2,1063300000.0,630500000.0,432800000.0,0.4070347033,0,0.0,0.0,303900000.0,3900000.0,307800000.0,938300000.0,0.0,13700000.0,26600000.0,152300000.0,0.1432333302,125000000.0,0.1175585442,-13000000.0,112000000.0,0.1053324556,25900000.0,93800000.0,0.0882159315,0.37,0.37,253800000,256600000,https://www.sec.gov/Archives/edgar/data/63754/000006375416000089/0000063754-16-000089-index.htm,https://www.sec.gov/Archives/edgar/data/63754/000006375416000089/mkc-5312016xq2.htm,4.189519306540583,0.3695823483057525,0.5311268715524035,0.4034672970843184,0.5181245074862096,6.987785657998424,-1.86682427107959,6.92080378250591,6.235618597320725,12319452000.0,13756852000.0,32.83436034115139,11.58605473525816,91.39059347181008,120.3071484375,7.013636208368915,7.013636208368915,12.93788394620521,90.32732764281025,102.05379821958456,134.3442578125,0.0076139750372013,0.0083120580363477,0.8931966979789354,0.3378119415197123,9.43795141168746,1.1034862674116628,9.124087591240876,1.4371002132196162,0.004440132564338,0.5831556503198294,0.0,0.0,0.4838834700600736,0.2403560830860534,0.0304711746449731,1.218045112781955,0.0120379949214708,7.586214837934135,0.0247199212821238,0.0391322486441385,-8.155240346729709,131500000.0,-473800000.0,-1468600000.0,3015900000.0,385400000.0,351450000.0,720900000.0,33.82300385592025,52.27279936558287,105.57335448057096,2.660910910910911,1.7217367558711087,0.8524878312601406,0.0534016510105323,0.1276595744680851,2016-06-30,0.37,bmo,1049122666.0,2025-04-25,2016-05-31,0.027027027027027,48.803125,1524250.0
2016-02-29,MKC,USD,63754,2016-03-29,2016-03-29 16:05:51,2016,Q1,1030200000.0,625200000.0,405000000.0,0.393127548,0,0.0,0.0,274300000.0,1600000.0,275900000.0,901100000.0,0.0,13900000.0,26400000.0,156600000.0,0.1520093186,129100000.0,0.1253154727,-12800000.0,116300000.0,0.1128907008,31300000.0,93400000.0,0.0906620074,0.37,0.37,254200000,256600000,https://www.sec.gov/Archives/edgar/data/63754/000006375416000071/0000063754-16-000071-index.htm,https://www.sec.gov/Archives/edgar/data/63754/000006375416000071/mkc-2292016xq1.htm,4.052714398111723,0.3674272226593233,0.3064516129032258,0.2183320220298977,0.4398111723052714,6.793469708890638,-1.6018882769472855,6.7277734067663255,5.745082612116444,11853346000.0,13188046000.0,31.72737152034261,11.505868763346925,152.16105263157894,213.5738018018018,6.930970646707988,6.930970646707988,12.801442438361484,84.21485312899107,169.2945571245186,237.6224504504505,0.0078796316246906,0.0046822222180977,0.8458075078938135,0.3287425285788959,8.522988505747126,1.1959348104742722,9.287769784172662,0.8340471092077087,0.0046062942902366,0.5845824411134903,0.0,0.0,0.4850117042794482,0.2875481386392811,0.0217433508056688,0.8484848484848485,0.0029120559114735,7.457832104198352,0.0255144847567955,0.0412180052956752,-7.599921321793863,214000000.0,-407200000.0,-1367000000.0,2957200000.0,413200000.0,374300000.0,706500000.0,32.4286546301689,48.46928982725528,101.08445297504798,2.775323275862069,1.8568458568458568,0.8903446311592139,0.0546134954976026,0.088119590873328,2016-03-29,0.34,bmo,960591891.0,2025-04-25,2016-02-29,0.0882352941176469,44.93934426229509,1885878.68852459
2015-11-30,MKC,USD,63754,2016-01-28,2016-01-28 16:22:09,2015,Q4,1201900000.0,680200000.0,521700000.0,0.434062734,0,0.0,0.0,307100000.0,2400000.0,309500000.0,989700000.0,0.0,13800000.0,27200000.0,239900000.0,0.1996006323,212200000.0,0.1765537898,-13300000.0,198900000.0,0.1654879774,59400000.0,149200000.0,0.1241367834,0.59,0.58,255600000,258000000,https://www.sec.gov/Archives/edgar/data/63754/000006375416000063/0000063754-16-000063-index.htm,https://www.sec.gov/Archives/edgar/data/63754/000006375416000063/mkc-11302015x10kxq42015.htm,4.702269170579029,0.5837245696400626,1.069640062597809,0.8411580594679187,0.4405320813771518,6.599765258215962,-1.7390453834115809,6.534428794992175,5.509389671361502,10980576000.0,12262376000.0,18.39908847184987,9.136014643481154,40.16304316020483,51.07244651162791,6.574407855346665,6.574407855346665,10.20249271986022,51.11453105460608,44.8514118507681,57.03430697674418,0.013587629647115,0.0195800293172234,0.8348700754400671,0.3117649689218799,5.343059608170071,1.0959147424511546,15.376811594202898,1.8324396782841823,0.0046627790746132,0.3431635388739946,0.0,0.0,0.4765460805795287,0.2136064374542794,0.0485897329228721,2.147058823529412,0.0014144271570014,9.264010973358673,0.0416069483641717,0.0637280027336408,-7.732003129890454,118800000.0,-444500000.0,-1428300000.0,2868600000.0,439050000.0,374000000.0,719000000.0,34.08603045178467,54.50014701558365,94.0488091737724,2.640377855887522,1.6513716921582908,0.9569499155880696,0.0893306190875344,0.2284820031298904,2016-01-28,0.59,bmo,1191714406.0,2025-04-25,2015-11-30,0.0,42.16515625,1323575.0
2015-08-31,MKC,USD,63754,2015-10-05,2015-10-05 17:15:51,2015,Q3,1059900000.0,638000000.0,421900000.0,0.3980564204,0,0.0,0.0,271500000.0,11700000.0,283200000.0,921200000.0,0.0,13600000.0,26200000.0,165100000.0,0.1557694122,138700000.0,0.130861402,-13400000.0,125300000.0,0.1182186999,37400000.0,97600000.0,0.0920841589,0.38,0.38,256000000,258400000,https://www.sec.gov/Archives/edgar/data/63754/000006375415000050/0000063754-15-000050-index.htm,https://www.sec.gov/Archives/edgar/data/63754/000006375415000050/mkc-8312015xq3.htm,4.140234375,0.38125,0.510546875,0.40390625,0.4234375,6.88359375,-1.626171875,6.817578125,5.88125,10147840000.0,11531440000.0,25.993442622950823,9.574337201622797,77.64223412394799,98.14158607350096,5.814381481693692,5.814381481693692,10.879743372016229,69.84518473652332,88.2283091048202,111.52263056092843,0.0096178102926337,0.01018936049445,0.854867358047327,0.3322421894136771,8.38037552998183,0.9785704115050547,10.198529411764708,1.339139344262295,0.0050454086781029,0.5245901639344263,0.0,0.0,0.4851136793818336,0.2088752869166029,0.025757146900651,1.0419847328244274,0.0029248042268138,7.647354925300356,0.0258029433911901,0.0422108814116425,-7.57548828125,-30100000.0,-416300000.0,-1354000000.0,2737500000.0,406750000.0,336950000.0,732850000.0,35.90999150863289,47.41222570532915,102.58307210031349,2.5062662567982974,1.898244570068432,0.8773377337733773,0.0559216180599323,0.106640625,2015-10-01,0.43,bmo,1084838823.0,2025-04-25,2015-08-31,0.0,40.6265625,1625331.25
2015-05-31,MKC,USD,63754,2015-07-01,2015-07-01 17:29:46,2015,Q2,1024100000.0,620100000.0,404000000.0,0.3944927253,0,0.0,0.0,281200000.0,19000000.0,300200000.0,920300000.0,0.0,13000000.0,27600000.0,132000000.0,0.1288936627,103800000.0,0.1013572893,-12400000.0,91400000.0,0.0892490968,14500000.0,84300000.0,0.0823161801,0.33,0.33,255800000,258000000,https://www.sec.gov/Archives/edgar/data/63754/000006375415000042/0000063754-15-000042-index.htm,https://www.sec.gov/Archives/edgar/data/63754/000006375415000042/mkc-5312015xq2.htm,4.003518373729476,0.3295543393275997,0.3518373729476153,0.2455043002345582,0.3498827208756841,6.783815480844409,-1.3647380766223611,6.7056293979671615,5.643080531665364,10017128000.0,11358128000.0,29.706785290628705,9.781396348012889,111.3014222222222,159.5084076433121,5.8398694105987285,5.8398694105987285,11.090838785274876,86.04642424242424,126.20142222222222,180.8619108280255,0.008415585784668,0.0062692620080326,0.8339649040984084,0.3267175223826055,10.159090909090908,1.0150134448760084,7.984615384615385,1.0676156583629892,0.0051112454587782,0.6073546856465006,0.0,0.0,0.4760643157317741,0.3022222222222222,0.0265599062591543,0.9855072463768116,0.0099599648471828,7.051386990196535,0.0238470926648221,0.0367480383609415,-7.394057857701329,20100000.0,-349100000.0,-1284200000.0,2694600000.0,387350000.0,336200000.0,723450000.0,34.32672590567328,49.02757619738752,107.1843251088534,2.621863799283154,1.8357015985790408,0.8396750169262017,0.0491459219961522,0.106333072713057,2015-07-01,0.34,bmo,928517333.0,2025-04-25,2015-05-31,0.1176470588235293,38.910158730158734,1077225.396825397
2015-02-28,MKC,USD,63754,2015-03-31,2015-03-31 16:28:56,2015,Q1,1010400000.0,620700000.0,389700000.0,0.3856888361,0,0.0,0.0,267600000.0,28400000.0,296000000.0,916700000.0,0.0,12900000.0,24900000.0,118400000.0,0.1171813143,93700000.0,0.0927355503,-13100000.0,80600000.0,0.079770388,20000000.0,70500000.0,0.0697743468,0.28,0.28,256400000,258600000,https://www.sec.gov/Archives/edgar/data/63754/000006375415000030/0000063754-15-000030-index.htm,https://www.sec.gov/Archives/edgar/data/63754/000006375415000030/mkc-2282015xq1.htm,3.940717628705148,0.2749609984399376,0.3740249609984399,0.313572542901716,0.3190327613104524,6.645475819032761,-1.0546021840873634,6.567472698907956,5.21021840873635,9663716000.0,10904916000.0,34.26849645390071,9.564247822644496,100.76867570385818,120.19547263681592,5.738889482748382,5.738889482748382,10.792672209026128,92.10233108108108,113.7113242961418,135.63328358208955,0.0072953302849545,0.0083197809207141,0.7856761090326029,0.3151876116736152,10.483108108108109,1.0685503685503686,7.263565891472868,1.3602836879432625,0.0053085169307541,0.7276595744680852,0.0,0.0,0.4703513996426444,0.1616266944734098,0.0153404592240696,0.6224899598393574,0.0036619160728424,6.374203804136809,0.0201704640113967,0.0317110471392587,-6.9014235569422775,83700000.0,-270400000.0,-1188900000.0,2638600000.0,438850000.0,353350000.0,711100000.0,34.21318289786223,48.51619139681005,102.71628806186564,2.630564957042437,1.855050806933652,0.8761998870694523,0.0418670942455015,0.0604524180967238,2015-03-24,0.32,bmo,923794285.0,2025-04-25,2015-02-28,0.0937499999999999,37.10491803278688,1457613.1147540985
2014-11-30,MKC,USD,63754,2015-01-29,2015-01-29 15:39:34,2014,Q4,1173600000.0,667500000.0,506100000.0,0.4312372188,0,0.0,0.0,303800000.0,2900000.0,306700000.0,974200000.0,0.0,12400000.0,24600000.0,224300000.0,0.1911213361,199400000.0,0.1699045671,-12100000.0,187300000.0,0.1595944104,48600000.0,148000000.0,0.1261077028,0.57,0.57,257600000,259600000,https://www.sec.gov/Archives/edgar/data/63754/000006375415000013/0000063754-15-000013-index.htm,https://www.sec.gov/Archives/edgar/data/63754/000006375415000013/mkc-11302014x10kxq42014.htm,4.555900621118012,0.5745341614906833,0.8843167701863354,0.671972049689441,0.3000776397515527,7.024068322981367,-0.9456521739130436,6.957298136645963,5.03610248447205,9520896000.0,10728496000.0,16.082594594594593,8.112556237218813,41.79497805092186,55.002287694974,5.312407097422163,5.312407097422163,9.141526925698704,47.831012037449845,47.096119402985074,61.97860196418255,0.0155447554515877,0.0181810619504718,0.7169400736524941,0.2910767279070294,5.383860900579581,1.262210338680927,16.080645161290324,1.5391891891891891,0.0050100326691941,0.3222972972972973,0.0,0.0,0.4650794010375371,0.2401229148375768,0.0466087252897068,2.2235772357723578,0.0026414451261077,9.48351847425406,0.0414415343436205,0.0626773387540761,-6.9895186335403725,294200000.0,-243600000.0,-1188700000.0,2949900000.0,485200000.0,355450000.0,709700000.0,37.85276073619632,50.17078651685393,96.24269662921348,2.3776337115072934,1.793872614888471,0.9351358924068368,0.0825800691887066,0.2123447204968944,2015-01-28,0.57,bmo,1153365517.0,2025-04-25,2014-11-30,0.0175438596491228,35.77515625,1345618.75
2014-08-31,MKC,USD,63754,2014-10-02,2014-10-02 13:04:18,2014,Q3,1042800000.0,622700000.0,420100000.0,0.4028576908,0,0.0,0.0,260500000.0,2300000.0,262800000.0,885500000.0,0.0,12400000.0,24600000.0,182200000.0,0.1747219026,157300000.0,0.1508438819,-12100000.0,145200000.0,0.1392405063,31100000.0,122900000.0,0.1178557729,0.48,0.47,259200000,261200000,https://www.sec.gov/Archives/edgar/data/63754/000006375414000047/0000063754-14-000047-index.htm,https://www.sec.gov/Archives/edgar/data/63754/000006375414000047/mkc-8312014x10q.htm,4.023148148148148,0.4741512345679012,0.3614969135802469,0.2434413580246913,0.3618827160493827,7.6003086419753085,-0.5231481481481481,7.532793209876544,5.32445987654321,9033120000.0,10307020000.0,18.37493897477624,8.662370540851553,96.40469583778015,143.15562599049127,4.626437900128041,4.626437900128041,9.883985423858842,56.569813391877055,110.00021344717184,163.34421553090334,0.0136054873620631,0.0069854048213684,0.7004865556978233,0.3058294760850607,6.991767288693743,1.3073496659242765,12.685483870967742,0.7624084621643613,0.0053137786279823,0.3905614320585842,0.0,0.0,0.470830258715145,0.3265741728922092,0.0293440736478711,1.2439024390243902,0.0028768699654775,8.964534120893987,0.0329806914094115,0.0519332347348404,-6.55054012345679,331200000.0,-135600000.0,-1093300000.0,3015600000.0,446950000.0,337300000.0,696450000.0,41.15074798619103,48.96740003211819,101.98169262887426,2.1870805369127515,1.837957497048406,0.8825113378684807,0.0629449423815621,0.1180555555555555,2014-10-02,0.41,bmo,889124210.0,2025-04-25,2014-08-31,0.0975609756097561,34.41015625,994803.125
2014-05-31,MKC,USD,63754,2014-06-27,2014-06-27 09:53:33,2014,Q2,1033400000.0,620900000.0,412500000.0,0.3991677956,0,0.0,0.0,290800000.0,0.0,290800000.0,911700000.0,0.0,12500000.0,26700000.0,148700000.0,0.1438939423,121700000.0,0.1177665957,-12200000.0,109500000.0,0.1059609057,31200000.0,84500000.0,0.0817689181,0.33,0.32,260400000,262400000,https://www.sec.gov/Archives/edgar/data/63754/000006375414000038/0000063754-14-000038-index.htm,https://www.sec.gov/Archives/edgar/data/63754/000006375414000038/mkc-5312014x10q.htm,3.968509984639017,0.3245007680491551,0.4047619047619047,0.2937788018433179,0.3125960061443932,7.603302611367128,-0.6109831029185868,7.535330261136712,5.137096774193548,9416064000.0,10659864000.0,27.8581775147929,9.11173214631314,89.33647058823529,123.08580392156864,4.798727958414025,4.798727958414025,10.31533191407006,71.68704774714189,101.13722960151804,139.3446274509804,0.0089740256650761,0.0081244137677908,0.6753643869126491,0.3005465720182342,8.364492266308003,1.3210011966493818,9.736,1.2473372781065089,0.0051082915324279,0.5692307692307692,0.0,0.0,0.485111015353911,0.2741935483870967,0.0279659376814399,1.0823970037453183,0.0091929552932068,7.417375566058748,0.0234256199672772,0.0372197506937409,-6.4958717357910905,321900000.0,-159100000.0,-1104700000.0,3035900000.0,422550000.0,341900000.0,685100000.0,36.32572092123089,48.67450475116766,99.62473828313738,2.477583313354112,1.849017272185825,0.903390077113342,0.0430639078585261,0.1109831029185867,2014-06-26,0.31,bmo,1001106250.0,2025-04-25,2014-05-31,0.032258064516129,35.69603174603174,970088.8888888888
2014-02-28,MKC,USD,63754,2014-03-26,2014-03-26 14:38:21,2014,Q1,993400000.0,601900000.0,391500000.0,0.394101067,0,0.0,0.0,266900000.0,0.0,266900000.0,868800000.0,0.0,12400000.0,26800000.0,151600000.0,0.1526072076,124600000.0,0.1254278236,-12200000.0,112400000.0,0.1131467687,35000000.0,82500000.0,0.0830481176,0.32,0.31,262200000,264400000,https://www.sec.gov/Archives/edgar/data/63754/000006375414000013/0000063754-14-000013-index.htm,https://www.sec.gov/Archives/edgar/data/63754/000006375414000013/mkc-2282014x10q.htm,3.7887109077040426,0.3146453089244851,0.2925247902364607,0.2219679633867277,0.3409610983981693,7.579710144927536,-0.5892448512585813,7.51906941266209,5.0,8705040000.0,9914240000.0,26.378909090909097,8.762874974833904,113.49465449804434,149.57113402061856,4.41544002028912,4.41544002028912,9.980108717535735,65.39736147757256,129.25997392438072,170.34776632302405,0.0094772683410989,0.0066857820297207,0.6586862794826275,0.2931575501726979,7.976253298153035,1.3240786483549056,10.048387096774194,0.9296969696969696,0.0055829726227564,0.5890909090909091,0.0,0.0,0.4835316161365329,0.241199478487614,0.0186229112140124,0.6902985074626866,0.0026172740084558,7.29598507117877,0.0231919849755807,0.0360608444794125,-6.447177726926011,328000000.0,-154500000.0,-1102200000.0,3040900000.0,461750000.0,367650000.0,679900000.0,38.775921079122206,52.0352217976408,102.11164645289917,2.321028037383177,1.7295977011494252,0.8813881973934691,0.0418463099163073,0.070556826849733,2014-03-25,0.29,bmo,929309677.0,2025-04-25,2014-02-28,0.0689655172413793,33.65786885245902,1696862.2950819673
2013-11-30,MKC,USD,63754,2014-01-29,2014-01-29 12:37:52,2013,Q4,1170000000.0,667800000.0,502200000.0,0.4292307692,0,0.0,0.0,303100000.0,25000000.0,328100000.0,995900000.0,0.0,11900000.0,29100000.0,203700000.0,0.1741025641,174100000.0,0.1488034188,-11400000.0,162700000.0,0.1390598291,39600000.0,130000000.0,0.1111111111,0.5,0.5,262200000,262200000,https://www.sec.gov/Archives/edgar/data/63754/000006375414000008/0000063754-14-000008-index.htm,https://www.sec.gov/Archives/edgar/data/63754/000006375414000008/mkc-11302013x10k.htm,4.462242562929061,0.4958047292143402,0.9069412662090008,0.7318840579710145,0.2402745995423341,7.428299008390542,-0.7025171624713958,7.370327993897788,4.748283752860412,9045900000.0,10216000000.0,17.39596153846154,7.731538461538461,38.03994953742641,47.13861386138614,4.680931435963777,4.680931435963777,8.73162393162393,50.15218458517428,42.96047098402018,53.23606044815008,0.0143711515714301,0.0212140306658265,0.6380853816300129,0.2771198058296065,5.744231713303878,1.288872166306086,14.630252100840336,1.8292307692307688,0.0049635746581324,0.3453846153846154,0.0,0.0,0.4791109513000876,0.1930193439865433,0.0392307692307692,1.577319587628866,0.0022222222222222,9.067550837618484,0.0365832540005495,0.056087669341617,-6.593916857360793,307100000.0,-184200000.0,-1131800000.0,3015600000.0,478950000.0,356000000.0,658850000.0,38.11538461538461,52.19676549865229,91.22641509433964,2.361251261352169,1.7242447714949651,0.9865563598759048,0.0672703751617076,0.1750572082379862,2014-01-29,0.6,bmo,1160250000.0,2025-04-25,2013-11-30,0.0,34.11703125,1079712.5
2013-08-31,MKC,USD,63754,2013-09-27,2013-09-27 09:11:04,2013,Q3,1016400000.0,608800000.0,407600000.0,0.4010232192,0,0.0,0.0,259200000.0,0.0,259200000.0,868000000.0,0.0,14000000.0,25200000.0,173900000.0,0.1710940575,148400000.0,0.1460055096,-13700000.0,134700000.0,0.1325265643,35300000.0,104400000.0,0.1027154664,0.4,0.39,264200000,267000000,https://www.sec.gov/Archives/edgar/data/63754/000006375413000029/0000063754-13-000029-index.htm,https://www.sec.gov/Archives/edgar/data/63754/000006375413000029/mkc-2013831x10q.htm,3.847085541256624,0.3951551854655564,0.3584405753217259,0.2850113550340651,0.5556396669190008,6.803557910673732,-1.1597274791824377,6.750189250567752,5.271006813020439,8935244000.0,10167044000.0,21.396657088122605,8.791070444706808,94.35315733896516,118.66193891102256,5.01022989794774,5.01022989794774,10.002994883903977,58.46488786659,107.36054910242872,135.02050464807436,0.0116840681687036,0.0084273020412201,0.7730178311091174,0.316701125660464,7.08338125359402,1.3002940339561797,10.6,0.907088122605364,0.0050250446434367,0.4300766283524904,0.0,0.0,0.4833218470020675,0.204857444561774,0.0190869736324281,0.7698412698412699,0.0035419126328217,7.746991442992781,0.0299313213205553,0.0464185674269707,-6.591597274791824,316600000.0,-306400000.0,-1184600000.0,2970200000.0,431150000.0,323400000.0,626100000.0,40.94451003541912,48.00098554533509,94.73061760841,2.1980968858131487,1.8749615029257776,0.9500624219725344,0.0585398676684983,0.0734292202876608,2013-09-26,0.39,bmo,1016400000.0,2025-04-25,2013-08-31,0.0,35.0559375,937806.25
2013-05-31,MKC,USD,63754,2013-06-28,2013-06-28 09:01:09,2013,Q2,1002600000.0,608200000.0,394400000.0,0.3933772192,0,0.0,0.0,278400000.0,0.0,278400000.0,886600000.0,0.0,13500000.0,25500000.0,142300000.0,0.1419309795,116000000.0,0.1156991821,-12700000.0,103300000.0,0.1030321165,30600000.0,78600000.0,0.07839617,0.3,0.3,264200000,267200000,https://www.sec.gov/Archives/edgar/data/63754/000006375413000024/0000063754-13-000024-index.htm,https://www.sec.gov/Archives/edgar/data/63754/000006375413000024/mkc-2013531x10q.htm,3.794852384557154,0.2975018925056775,0.382664647993944,0.2986373959121877,0.2728993186979561,6.562074186222558,-1.4148372445117334,6.497728993186979,5.07115821347464,9125468000.0,10379668000.0,29.025025445292624,9.101803311390386,90.26180019782392,115.65865652724968,5.315703384400303,5.315703384400303,10.35275084779573,72.94215038650738,102.66733926805144,131.55472750316858,0.00861325687625,0.0086461319024953,0.7725869400594163,0.3151254514350884,8.813773717498243,0.9929049094764312,8.592592592592593,1.286259541984733,0.0049312539367843,0.5725190839694656,0.0,0.0,0.5007365519863144,0.2195845697329377,0.0221424296828246,0.8705882352941177,0.0096748454019549,6.595032231187204,0.0230974530273228,0.0374054156950459,-6.803084784254353,-8700000.0,-373800000.0,-1257600000.0,2653100000.0,401900000.0,331150000.0,608950000.0,35.89766606822262,47.6635975008221,90.4735284445906,2.507126781695424,1.888233467867122,0.9947661105659142,0.0457855187277916,0.0840272520817562,2013-06-27,0.3,bmo,1002600000.0,2025-04-25,2013-05-31,0.0333333333333333,35.986875,1270303.125
2013-02-28,MKC,USD,63754,2013-04-02,2013-04-02 09:39:29,2013,Q1,934400000.0,572700000.0,361700000.0,0.3870933219,0,0.0,0.0,249700000.0,0.0,249700000.0,822400000.0,0.0,13900000.0,26200000.0,138800000.0,0.1485445205,112000000.0,0.1198630137,-13300000.0,98700000.0,0.1056292808,28100000.0,76000000.0,0.0813356164,0.28,0.28,265000000,268000000,https://www.sec.gov/Archives/edgar/data/63754/000006375413000008/0000063754-13-000008-index.htm,https://www.sec.gov/Archives/edgar/data/63754/000006375413000008/mkc-2013228x10q.htm,3.5260377358490564,0.2867924528301886,0.1192452830188679,0.0724528301886792,0.2588679245283019,6.508679245283019,-1.0924528301886791,6.442264150943396,4.693207547169811,8914600000.0,10075800000.0,29.32434210526316,9.540453767123289,282.10759493670884,464.3020833333333,5.221766635426429,5.221766635426429,10.783176369863014,72.5922190201729,318.8544303797468,524.78125,0.0085253404527404,0.0021537702196396,0.720360824742268,0.3009715865984679,8.36599423631124,1.086060062752129,8.057553956834532,0.4157894736842105,0.0050591165055078,0.593421052631579,0.0,0.0,0.492963950955679,0.3924050632911392,0.0132705479452054,0.4732824427480916,0.0029965753424657,6.447545005399622,0.0233948940478054,0.0366830775171348,-6.364245283018868,96000000.0,-289500000.0,-1149800000.0,2642800000.0,434900000.0,358000000.0,610750000.0,38.90303938356165,53.46254583551598,95.31168150864328,2.3134439217628127,1.68342151675485,0.9442704039571312,0.0445173383317713,0.0467924528301886,2013-04-02,0.28,bmo,918007017.0,2025-04-25,2013-02-28,0.0,33.345166666666664,1500240.0
2012-11-30,MKC,USD,63754,2013-01-25,2013-01-25 08:41:19,2012,Q4,1145800000.0,663400000.0,482400000.0,0.4210158841,0,0.0,0.0,282100000.0,0.0,282100000.0,945500000.0,0.0,13900000.0,26000000.0,226900000.0,0.198027579,200300000.0,0.1748123582,-13300000.0,187000000.0,0.1632047478,46000000.0,146900000.0,0.128207366,0.56,0.56,265000000,268200000,https://www.sec.gov/Archives/edgar/data/63754/000006375413000002/0000063754-13-000002-index.htm,https://www.sec.gov/Archives/edgar/data/63754/000006375413000002/mkc-11302012x10k.htm,4.32377358490566,0.5543396226415095,0.749811320754717,0.5683018867924529,0.2981132075471698,6.415849056603774,-1.2022641509433962,6.350566037735849,4.4743396226415095,8554200000.0,9647000000.0,14.557862491490807,7.465700820387502,43.0508303975843,56.800796812749006,5.08301146829877,5.08301146829877,8.419444929307035,42.5165271044513,48.55057876195269,64.05710491367861,0.0171728507633677,0.0176053868275233,0.6962980569255451,0.28131752052624,4.816218598501543,1.0823509599191647,14.410071942446043,1.3380471380471382,0.0048046573612962,0.2797821647379169,0.0,0.0,0.4846593364382772,0.2420734776044288,0.0419794030371792,1.85,0.0072438470937336,8.899906379882077,0.0448102131040794,0.0684338022919966,-6.525566037735849,97800000.0,-318600000.0,-1179800000.0,2663900000.0,438550000.0,346650000.0,621800000.0,36.59539186594519,50.9828157974073,83.43382574615616,2.4593260356299638,1.765300691857371,1.0786991869918698,0.0872897973735813,0.1815094339622641,2013-01-24,0.57,bmo,1176767567.0,2025-04-25,2012-11-30,-0.0175438596491226,31.64016129032258,1089709.677419355
2012-08-31,MKC,USD,63754,2012-09-28,2012-09-28 09:27:19,2012,Q3,977700000.0,586000000.0,391700000.0,0.4006341414,0,0.0,0.0,247500000.0,0.0,247500000.0,833500000.0,0.0,13200000.0,26200000.0,171300000.0,0.1752071187,144200000.0,0.1474890048,-12300000.0,131900000.0,0.1349084586,33000000.0,104400000.0,0.1067812212,0.4,0.39,265400000,268600000,https://www.sec.gov/Archives/edgar/data/63754/000006375412000005/0000063754-12-000005-index.htm,https://www.sec.gov/Archives/edgar/data/63754/000006375412000005/mkc-2012831x10q.htm,3.683873398643557,0.3933685003767898,0.421627731725697,0.3198944988696307,0.2720422004521477,6.495855312735493,-1.0866616428033158,6.427656367746797,4.787867370007536,8153088000.0,9338388000.0,19.523678160919538,8.33904878797177,72.86048257372654,96.03166077738516,4.779346972272701,4.779346972272701,9.55138386007978,54.51481611208406,83.45297587131367,109.99279151943465,0.0128049642049736,0.0104132323850791,0.7371475467495164,0.3099580971160956,6.919439579684764,1.3509860403279417,10.924242424242424,1.0718390804597702,0.0050533000502386,0.3946360153256705,0.0,0.0,0.4960315504067044,0.2412868632707774,0.0276158330776311,1.0305343511450382,0.0032729876240155,7.542535700422791,0.0319351001826506,0.0510613322899344,-6.172192916352675,316800000.0,-288400000.0,-1113600000.0,2847700000.0,394600000.0,319700000.0,619800000.0,37.8521018717398,48.762798634812285,96.54266211604096,2.377675097276265,1.8456692913385824,0.9322303531657652,0.061199366903101,0.1017332328560663,2012-09-27,0.38,bmo,952630769.0,2025-04-25,2012-08-31,0.0263157894736842,30.64031746031746,1019425.3968253968
2012-05-31,MKC,USD,63754,2012-07-02,2012-07-02 11:52:47,2012,Q2,984000000.0,595600000.0,388400000.0,0.3947154472,0,0.0,0.0,267100000.0,0.0,267100000.0,862700000.0,0.0,13900000.0,24800000.0,146000000.0,0.1483739837,121300000.0,0.1232723577,-14000000.0,107300000.0,0.1090447154,30800000.0,80400000.0,0.0817073171,0.31,0.3,265200000,268200000,https://www.sec.gov/Archives/edgar/data/63754/000119312512291372/0001193125-12-291372-index.htm,https://www.sec.gov/Archives/edgar/data/63754/000119312512291372/d354266d10q.htm,3.7104072398190047,0.3031674208144796,0.4596530920060331,0.3838612368024133,0.2315233785822021,6.179864253393665,-1.334841628959276,6.113499245852187,4.849170437405731,7473336000.0,8684036000.0,23.237985074626867,7.594853658536586,61.30710418375718,73.41194499017682,4.609471411830013,4.609471411830013,8.825239837398374,59.47969863013699,71.23901558654634,85.30487229862476,0.0107582477223023,0.013621761419532,0.7846172824276815,0.3207756512091181,8.292465753424658,1.296456736643341,8.726618705035971,1.5161691542288558,0.005486171102169,0.5099502487562189,0.0,0.0,0.5025342310310916,0.1648892534864643,0.0204268292682926,0.8104838709677419,0.0061991869918699,6.4576938969431,0.0261288780805534,0.0407542579075425,-6.321266968325792,266900000.0,-354000000.0,-1159600000.0,2767300000.0,379550000.0,332100000.0,625700000.0,34.573170731707314,48.64170584284755,92.3270651443922,2.6031746031746037,1.8502640571606088,0.9747954173486088,0.0495898353173379,0.0757918552036199,2012-06-27,0.3,bmo,984000000.0,2025-04-25,2012-05-31,0.0,28.0784126984127,1250695.238095238
2012-02-29,MKC,USD,63754,2012-04-02,2012-04-02 09:50:43,2012,Q1,906700000.0,551400000.0,355300000.0,0.3918605934,0,0.0,0.0,242800000.0,0.0,242800000.0,794200000.0,0.0,13500000.0,25800000.0,139200000.0,0.1535237675,112500000.0,0.1240763207,-12600000.0,99900000.0,0.1101797728,30000000.0,74500000.0,0.0821660968,0.28,0.28,266200000,269000000,https://www.sec.gov/Archives/edgar/data/63754/000119312512145115/0001193125-12-145115-index.htm,https://www.sec.gov/Archives/edgar/data/63754/000119312512145115/d292421d10q.htm,3.4060856498873027,0.2798647633358377,0.0845229151014275,0.0277986476333583,0.2043576258452291,6.358377160030052,-1.3516153268219384,6.289631855747558,4.978587528174305,6716226000.0,7973626000.0,22.5376711409396,7.4073298775780305,298.4989333333333,907.598108108108,4.011363554918473,4.011363554918473,8.794117128046762,57.28179597701149,354.3833777777777,1077.517027027027,0.0110925391730415,0.001101809260141,0.7834916084333752,0.3215432507292203,9.033045977011492,1.2426294405667258,8.333333333333334,0.3020134228187919,0.0061641761310593,0.5557046979865772,0.0,0.0,0.5030762065838175,0.6711111111111111,0.0166537994926657,0.5852713178294574,0.0028675416344987,6.293293449578889,0.0231320979800218,0.0367483845508804,-6.486382419233659,232900000.0,-359800000.0,-1194300000.0,2808700000.0,404050000.0,354450000.0,627050000.0,37.82838866218154,55.87051142546245,104.52665941240478,2.3791655733403307,1.6108676599474143,0.8610243597751406,0.0444962073702442,0.0567242674680691,2012-03-27,0.26,bmo,873729090.0,2025-04-25,2012-02-29,0.0769230769230769,25.60032258064516,1101870.9677419355
2011-11-30,MKC,USD,63754,2012-01-27,2012-01-27 10:06:33,2011,Q4,1110700000.0,631600000.0,479100000.0,0.4313495994,0,0.0,0.0,287100000.0,0.0,287100000.0,918700000.0,0.0,13600000.0,25100000.0,216900000.0,0.1952822544,192000000.0,0.1728639597,-13800000.0,178200000.0,0.1604393626,50900000.0,131800000.0,0.1186639056,0.5,0.49,265800000,268600000,https://www.sec.gov/Archives/edgar/data/63754/000119312512026335/0001193125-12-026335-index.htm,https://www.sec.gov/Archives/edgar/data/63754/000119312512026335/d226592d10k.htm,4.1787057938299474,0.4958615500376223,0.95673438675696,0.8141459744168548,0.2027840481565086,6.089164785553048,-1.6015801354401806,6.025959367945824,4.761851015801354,6472230000.0,7670430000.0,12.276612291350531,5.827163050328622,25.451160047188363,29.90864140480592,4.040850346506836,4.040850346506836,6.905942198613487,35.36390041493776,30.162917813605976,35.44560998151571,0.0203639240261857,0.0334351529534642,0.7817319098457889,0.3063016781642937,5.524204702627939,1.2311486962649754,14.117647058823527,1.9294385432473444,0.0057321819527427,0.2814871016691957,0.0,0.0,0.5000733891090562,0.1490365709791584,0.0341226253713874,1.5099601593625498,0.0023408661204645,8.199447233484724,0.0413513368380865,0.0644940301428851,-6.727990970654628,229600000.0,-425700000.0,-1246400000.0,2796900000.0,409350000.0,334900000.0,607000000.0,34.59980192671288,52.238758708043065,87.44933502216593,2.601170960187354,1.7228587015821055,1.0291673456086037,0.0822875694574514,0.1425884123401053,2012-01-26,0.48,bmo,1099366326.0,2025-04-25,2011-11-30,0.0208333333333333,24.31555555555556,1232850.7936507936
2011-08-31,MKC,USD,63754,2011-10-07,2011-10-06 17:31:58,2011,Q3,920400000.0,555900000.0,364500000.0,0.3960234681,0,0.0,0.0,236100000.0,0.0,236100000.0,792000000.0,0.0,13100000.0,24700000.0,154200000.0,0.167535854,128400000.0,0.1395045632,-12000000.0,116400000.0,0.1264667536,31200000.0,92300000.0,0.1002824859,0.35,0.35,265200000,268200000,https://www.sec.gov/Archives/edgar/data/63754/000119312511265906/0001193125-11-265906-index.htm,https://www.sec.gov/Archives/edgar/data/63754/000119312511265906/d226584d10q.htm,3.4705882352941178,0.3480392156862745,0.1862745098039215,0.090497737556561,0.1968325791855203,6.487179487179487,-0.1010558069381598,6.452865761689291,3.94079939668175,6335628000.0,7315428000.0,17.160422535211268,6.883559322033898,128.25157894736842,263.9845,3.702231052416291,3.702231052416291,7.948096479791395,47.4411673151751,148.0855870445344,304.8095,0.0145684058470604,0.0037881011953353,0.6030503126278268,0.2778226457761266,6.35408560311284,1.8190774042220488,9.801526717557252,0.5369565217391304,0.0058557730977892,0.4019501625135428,0.0,0.0,0.4703602002907446,0.5141700404858299,0.0275966970882225,1.02834008097166,0.0030421555845284,7.108560516666577,0.0305597662595562,0.0469147097692385,-5.083239064856712,523800000.0,-26800000.0,-830900000.0,2768600000.0,367150000.0,302500000.0,588800000.0,38.30182529335072,49.08796546141392,97.18834322719913,2.349757467449579,1.83344327176781,0.9260369815092454,0.0539356045111903,0.0957767722473604,2011-09-28,0.32,bmo,853704347.0,2025-04-25,2011-08-31,0.0937499999999999,23.64984375,1391368.75
2011-05-31,MKC,USD,63754,2011-07-01,2011-07-01 10:38:36,2011,Q2,883700000.0,533000000.0,350700000.0,0.396854136,0,0.0,0.0,241400000.0,0.0,241400000.0,774400000.0,0.0,12300000.0,24800000.0,135000000.0,0.1527667761,109300000.0,0.1236845083,-11400000.0,97900000.0,0.1107842028,30400000.0,73800000.0,0.0835125042,0.28,0.28,264800000,268200000,https://www.sec.gov/Archives/edgar/data/63754/000119312511180113/0001193125-11-180113-index.htm,https://www.sec.gov/Archives/edgar/data/63754/000119312511180113/d10q.htm,3.337235649546828,0.2787009063444108,0.2243202416918429,0.1518126888217522,0.1808912386706948,6.201283987915408,-0.2753021148036254,6.16654078549849,3.783987915407855,6646480000.0,7588280000.0,22.51517615176152,7.521194975670476,111.8936026936027,165.3353233830846,4.070353359054443,4.070353359054443,8.58694126966165,56.20948148148148,127.74882154882155,188.763184079602,0.0111036217667095,0.0060483142956873,0.6060995774389124,0.2757285340168273,6.976296296296296,1.2753691671588896,8.886178861788618,0.8070652173913043,0.0055819019992537,0.502710027100271,0.0,0.0,0.477795731877194,0.3232323232323232,0.0217268303722982,0.7741935483870968,0.0062238316170646,6.218437213913525,0.0255336658152156,0.0393725992317541,-5.112537764350453,233100000.0,-72900000.0,-867700000.0,2442900000.0,334700000.0,294300000.0,561100000.0,34.89193165101279,50.96060037523452,97.48030018761726,2.579392877991827,1.7660702451954935,0.9232634678676598,0.0451956641557964,0.0725075528700906,2011-06-30,0.27,bmo,867632727.0,2025-04-25,2011-05-31,0.037037037037037,24.52095238095238,1175946.0317460315
2011-02-28,MKC,USD,63754,2011-04-01,2011-04-01 10:56:32,2011,Q1,782800000.0,454600000.0,328200000.0,0.4192641799,0,0.0,0.0,217600000.0,0.0,217600000.0,672200000.0,0.0,12200000.0,23700000.0,134800000.0,0.1722023505,110600000.0,0.1412876852,-11700000.0,98900000.0,0.1263413388,30000000.0,76800000.0,0.098109351,0.29,0.28,265800000,269200000,https://www.sec.gov/Archives/edgar/data/63754/000119312511086071/0001193125-11-086071-index.htm,https://www.sec.gov/Archives/edgar/data/63754/000119312511086071/d10q.htm,2.945071482317532,0.2889390519187358,-0.0869074492099322,-0.1403310759969902,0.1527464258841234,5.931151241534988,-0.4240030097817908,5.896914973664409,3.6960120391271634,6331356000.0,7260956000.0,20.6098828125,8.088088911599387,-274.08467532467535,-169.7414477211796,4.039400280719663,4.039400280719663,9.275620848237098,53.8646587537092,-314.3270995670996,-194.66369973190348,0.0121301029352953,-0.0058913130141473,0.6189868572157713,0.2789855072463768,6.896142433234421,1.258956241477625,9.065573770491802,-0.30078125,0.0058755186092836,0.484375,0.0,0.0,0.4857372900851162,-0.6147186147186147,0.018140010219724,0.5991561181434599,0.0026826775677056,6.191655916558979,0.0268901237405697,0.0429434131066875,-5.052483069977427,208900000.0,-112700000.0,-885500000.0,2389500000.0,356750000.0,294750000.0,511250000.0,37.57281553398058,56.779586449626045,107.87725472943248,2.395348837209302,1.585076708507671,0.8342815195448706,0.0489983412019905,0.0534236267870579,2011-03-29,0.27,bmo,741600000.0,2025-04-25,2011-02-28,0.037037037037037,23.340967741935486,1572422.5806451612
2010-11-30,MKC,USD,63754,2011-01-27,2011-01-26 17:39:36,2010,Q4,979400000.0,533400000.0,446000000.0,0.4553808454,0,0.0,0.0,260600000.0,0.0,260600000.0,794000000.0,0.0,12300000.0,25000000.0,211600000.0,0.2160506433,185400000.0,0.1892995712,-11100000.0,174300000.0,0.1779661017,46600000.0,133700000.0,0.1365121503,0.5,0.5,265800000,265800000,https://www.sec.gov/Archives/edgar/data/63754/000119312511014958/0001193125-11-014958-index.htm,https://www.sec.gov/Archives/edgar/data/63754/000119312511014958/d10k.htm,3.684725357411588,0.5030097817908201,0.9115876598946576,0.7742663656884876,0.1911211437170805,5.50300978179082,-0.7042889390519187,5.469149736644093,3.3581640331076,5847600000.0,6677100000.0,10.93418100224383,5.970594241372269,24.133718530747007,28.41399416909621,4.022563114810484,4.022563114810484,6.81754135184807,31.55529300567108,27.5571605447792,32.44460641399417,0.0228640809904918,0.035193925713113,0.605558230721607,0.2574202415416557,3.920132325141777,1.2169381887877335,15.073170731707316,1.81226626776365,0.0058998563513236,0.2580403889304413,0.0,0.0,0.4824692224464134,0.1506397028477094,0.0372677149275066,1.46,0.0022462732285072,7.867547638955864,0.0505836807818278,0.0755452593513391,-5.181997742663657,181100000.0,-187200000.0,-941100000.0,2319000000.0,353200000.0,275800000.0,478850000.0,35.535021441699,51.07424071991001,80.58492688413948,2.5327126971812777,1.7621407333994052,1.1168341708542713,0.0919722088463919,0.13732129420617,2011-01-26,0.48,bmo,949818181.0,2025-04-25,2010-11-30,0.0416666666666667,22.2371875,1289184.375
2010-08-31,MKC,USD,63754,2010-10-01,2010-10-01 06:16:16,2010,Q3,794600000.0,459800000.0,334800000.0,0.4213440725,0,0.0,0.0,208800000.0,0.0,208800000.0,668600000.0,0.0,12400000.0,24200000.0,150700000.0,0.1896551724,126000000.0,0.1585703499,-11900000.0,114100000.0,0.1435942613,18300000.0,102400000.0,0.1288698716,0.39,0.38,266600000,269800000,https://www.sec.gov/Archives/edgar/data/63754/000119312510221435/0001193125-10-221435-index.htm,https://www.sec.gov/Archives/edgar/data/63754/000119312510221435/d10q.htm,2.9804951237809454,0.3840960240060015,0.3000750187546886,0.2246811702925731,0.0885221305326331,5.18304576144036,-0.90847711927982,5.150037509377344,3.711927981995499,5313338000.0,6266938000.0,12.9720166015625,6.686808457085326,66.416725,88.70347245409015,3.869874726875455,3.869874726875455,7.886909136672539,41.58552090245521,78.336725,104.6233388981636,0.0192722540896137,0.0112735158199986,0.7117261471230881,0.2993230618433546,6.327803583278036,1.1967438948027551,10.161290322580646,0.6932409012131716,0.0065307345401327,0.3388671875,0.0,0.0,0.4974423377339418,0.25125,0.0252957462874402,0.8305785123966942,0.0027686886483765,6.671390480533739,0.0397129813592645,0.06241238495764,-5.174324831207802,157100000.0,-242200000.0,-927300000.0,2245900000.0,315250000.0,251750000.0,464450000.0,36.21067203624465,48.71900826446281,93.9734667246629,2.485455114169534,1.847328244274809,0.9577171422620288,0.0745812090313182,0.0753938484621155,2010-09-30,0.3,bmo,710324242.0,2025-04-25,2010-08-31,0.1,19.948125,1529025.0
2010-05-31,MKC,USD,63754,2010-07-07,2010-07-07 13:32:42,2010,Q2,798300000.0,471600000.0,326700000.0,0.4092446449,0,0.0,0.0,229200000.0,0.0,229200000.0,700800000.0,0.0,12300000.0,22800000.0,120300000.0,0.1506952274,97500000.0,0.1221345359,-12300000.0,85200000.0,0.1067267944,25700000.0,66200000.0,0.0829262182,0.25,0.25,266200000,269600000,https://www.sec.gov/Archives/edgar/data/63754/000119312510154694/0001193125-10-154694-index.htm,https://www.sec.gov/Archives/edgar/data/63754/000119312510154694/d10q.htm,2.9988730277986475,0.2486851990984222,0.2640871525169045,0.17618332081142,0.0867768595041322,4.8362133734034565,-1.1912096168294517,4.805033809166041,3.8181818181818175,5113702000.0,6094702000.0,19.311563444108764,6.405739696855819,72.74113798008536,109.034157782516,3.997890704401532,3.997890704401532,7.634601027182764,50.66252701579385,86.69561877667141,129.95100213219615,0.0129456116136607,0.0091714378350557,0.7850050816980689,0.3145282546046861,8.154613466334165,1.2798533765684477,7.926829268292683,1.3214285714285714,0.0067661353751157,0.5226586102719033,0.0,0.0,0.502599924821451,0.3328591749644381,0.0293122886133032,1.0263157894736843,0.0068896404860328,5.185187341254886,0.0260620794351964,0.0416902827633982,-5.350864012021037,198500000.0,-317100000.0,-997200000.0,2266900000.0,318050000.0,245900000.0,441800000.0,35.03945885005637,48.58778625954199,85.64885496183206,2.5685328185328187,1.8523173605655927,1.0508021390374331,0.0517551403330466,0.0879038317054846,2010-06-24,0.22,bmo,716840816.0,2025-04-25,2010-05-31,0.1363636363636363,19.524603174603172,1779752.380952381
2010-02-28,MKC,USD,63754,2010-03-31,2010-03-31 14:55:36,2010,Q1,764500000.0,454300000.0,310200000.0,0.4057553957,0,0.0,0.0,209400000.0,0.0,209400000.0,663700000.0,0.0,12300000.0,23100000.0,124500000.0,0.162851537,100800000.0,0.1318508829,-11700000.0,89100000.0,0.1165467626,27500000.0,67900000.0,0.0888162198,0.26,0.26,264600000,268000000,https://www.sec.gov/Archives/edgar/data/63754/000119312510073190/0001193125-10-073190-index.htm,https://www.sec.gov/Archives/edgar/data/63754/000119312510073190/d10q.htm,2.8892668178382466,0.2566137566137566,-0.0192743764172335,-0.0532879818594104,0.082766439909297,5.032501889644747,-1.2358276643990929,4.997732426303855,3.888888888888889,4940082000.0,5934882000.0,18.18881443298969,6.461846958796599,-968.6435294117648,-350.36042553191487,3.735694192377496,3.735694192377496,7.763089601046436,47.66973493975904,-1163.7023529411763,-420.9136170212766,0.0137447111201797,-0.0028542036346765,0.7688294010889292,0.313274172675171,7.990361445783132,1.260377358490566,8.195121951219512,-0.0751104565537555,0.0069634471654519,0.5066273932253313,0.0,0.0,0.5110618105626425,-1.7647058823529411,0.0117724002616088,0.3896103896103896,0.0026160889470241,5.371773923057901,0.0260587401895407,0.0427905218048903,-5.406368102796674,186300000.0,-327000000.0,-1012000000.0,2314600000.0,345300000.0,267950000.0,446200000.0,38.29561805101373,46.99097512656834,86.1369139335241,2.3501383338456807,1.9152613827993257,1.0448482060717572,0.051346037507562,0.0340136054421768,2010-03-25,0.24,bmo,719529411.0,2025-04-25,2010-02-28,0.0833333333333334,18.69819672131148,1429190.163934426
2009-11-30,MKC,USD,63754,2010-01-28,2010-01-28 09:32:38,2009,Q4,924600000.0,502900000.0,421700000.0,0.4560891196,0,0.0,0.0,238300000.0,5500000.0,243800000.0,746700000.0,0.0,12600000.0,24700000.0,203200000.0,0.2197707117,177900000.0,0.1924075276,-12000000.0,165900000.0,0.1794289422,55800000.0,116300000.0,0.1257841229,0.44,0.44,262800000,264600000,https://www.sec.gov/Archives/edgar/data/63754/000119312510014973/0001193125-10-014973-index.htm,https://www.sec.gov/Archives/edgar/data/63754/000119312510014973/d10k.htm,3.5182648401826486,0.4425418569254186,0.8398021308980214,0.7309741248097412,0.1503044140030441,5.112252663622527,-1.4212328767123288,5.078386605783866,3.8192541856925417,4688352000.0,5639952000.0,10.078142734307823,5.070681375730046,21.243099229723605,24.405788651743883,3.5129267196163645,3.5129267196163645,6.099883192731992,27.75566929133858,25.554834617127323,29.35945861530453,0.0248061578994068,0.0409738859198285,0.7426195114641091,0.2925497372926383,4.683070866141732,1.1861403079931556,14.11904761904762,1.8976784178847808,0.0066974493382749,0.2699914015477214,0.0,0.0,0.5068185843320149,0.1295876755777072,0.0309322950465065,1.1578947368421053,0.0023794073112697,7.111010432487582,0.0439601718861822,0.0696073737131912,-5.71546803652968,152300000.0,-373500000.0,-1073800000.0,2359100000.0,346950000.0,268600000.0,452500000.0,35.55807916937054,53.45595545834162,81.89302048120898,2.53107035313441,1.6836290592567793,1.0989947552447552,0.0871422148958489,0.10882800608828,2010-01-28,0.45,bmo,924500000.0,2025-04-25,2009-11-30,0.0222222222222222,17.6828125,1117575.0
2009-08-31,MKC,USD,63754,2009-10-08,2009-10-08 13:24:49,2009,Q3,791700000.0,472700000.0,319000000.0,0.4029304029,0,0.0,0.0,201500000.0,900000.0,202400000.0,675100000.0,0.0,12800000.0,22500000.0,139400000.0,0.1760767968,116600000.0,0.1472780093,-12500000.0,104100000.0,0.1314892005,32100000.0,75100000.0,0.0948591638,0.28,0.28,261800000,264800000,https://www.sec.gov/Archives/edgar/data/63754/000119312509205464/0001193125-09-205464-index.htm,https://www.sec.gov/Archives/edgar/data/63754/000119312509205464/d10q.htm,3.0240641711229945,0.2868601986249045,0.3758594346829641,0.3101604278074866,0.1065699006875477,5.086707410236822,-1.3529411764705883,5.086707410236822,4.477845683728036,4264722000.0,5396322000.0,14.196810918774965,5.386790450928382,43.34067073170731,52.521206896551725,3.2024645190358187,3.2024645190358187,6.816119742326639,38.71106169296987,54.84067073170732,66.45716748768473,0.0176095886203133,0.0190399280422029,0.8706915972065781,0.3506835228647471,8.117647058823529,1.077373288072106,9.109375,1.3102529960053262,0.0073627307946449,0.4181091877496671,0.0,0.0,0.5098899104766513,0.1747967479674796,0.0217254010357458,0.7644444444444445,0.0034103827207275,5.7298702172095,0.0294251589525341,0.0463437210737426,-5.640374331550802,66100000.0,-354200000.0,-1054300000.0,2224700000.0,322700000.0,239050000.0,448700000.0,37.35505873436908,45.4093505394542,85.18299132642268,2.409312233718807,1.981970649895178,1.0565489494859186,0.0563940827513704,0.0656990068754774,2009-09-24,0.27,bmo,750031578.0,2025-04-25,2009-08-31,0.037037037037037,16.43046875,1356078.125
2009-05-31,MKC,USD,63754,2009-07-09,2009-07-09 06:20:15,2009,Q2,757300000.0,455100000.0,302200000.0,0.3990492539,0,0.0,0.0,212900000.0,6800000.0,219700000.0,674800000.0,0.0,13000000.0,27100000.0,110800000.0,0.1463092566,82500000.0,0.108939654,-11800000.0,70700000.0,0.0933579823,23800000.0,50700000.0,0.0669483692,0.2,0.19,261200000,263600000,https://www.sec.gov/Archives/edgar/data/63754/000119312509146123/0001193125-09-146123-index.htm,https://www.sec.gov/Archives/edgar/data/63754/000119312509146123/d10q.htm,2.899310872894334,0.194104134762634,0.4211332312404288,0.339969372128637,0.0493874425727411,4.8215926493108725,-1.593032159264931,4.8215926493108725,4.668453292496172,3983300000.0,5176800000.0,19.641518737672584,5.259870592895815,36.21181818181818,44.85698198198198,3.162855327933937,3.162855327933937,6.83586425458867,46.72202166064982,47.06181818181818,58.2972972972973,0.012728139984435,0.0222930735822057,0.957916468159441,0.3727944130280275,10.771660649819497,1.0336173689739698,6.346153846153846,2.169625246548323,0.0078829111540682,0.6193293885601578,0.0,0.0,0.5177528506535645,0.1927272727272727,0.0279941898851181,0.7822878228782287,0.0,4.588850516292524,0.0202665245046205,0.0324875048058439,-5.747320061255743,28800000.0,-416100000.0,-1091200000.0,2177300000.0,329400000.0,246350000.0,448900000.0,37.64954443417404,47.382992748846405,88.99143045484509,2.390467171717172,1.899415692821369,1.0113333333333334,0.0402572653644592,0.0811638591117917,2009-06-25,0.2,bmo,739269047.0,2025-04-25,2009-05-31,0.0499999999999999,15.223650793650794,1889053.9682539685
2009-02-28,MKC,USD,63754,2009-04-08,2009-04-08 10:50:08,2009,Q1,718500000.0,434300000.0,284200000.0,0.395546277,0,0.0,0.0,193900000.0,500000.0,194400000.0,628700000.0,0.0,14400000.0,20000000.0,110300000.0,0.1535142658,89800000.0,0.1249826026,-13900000.0,75900000.0,0.1056367432,21400000.0,57700000.0,0.0803061935,0.22,0.22,260600000,263800000,https://www.sec.gov/Archives/edgar/data/63754/000119312509075270/0001193125-09-075270-index.htm,https://www.sec.gov/Archives/edgar/data/63754/000119312509075270/d10q.htm,2.757099002302379,0.2214121258633921,-0.0510360706062931,-0.1101304681504221,0.0897927858787413,4.19953952417498,-1.9290099769762088,4.19953952417498,4.967766692248657,4086208000.0,5343008000.0,17.704540727902945,5.687137091162144,-307.2336842105263,-142.37658536585366,3.73374269005848,3.73374269005848,7.436336812804454,48.4406890299184,-401.7299248120301,-186.1675261324042,0.0141206712923081,-0.0070236267953075,1.1697733918128654,0.4049984182220816,11.394378966455122,0.987879437949158,6.236111111111111,-0.2305025996533795,0.0076354409760834,0.5407279029462738,0.0,0.0,0.5052515026890224,-1.1578947368421053,0.0214335421016005,0.77,0.0037578288100208,4.573964572243178,0.0245688306022779,0.0368949421318498,-5.996930161166539,-11300000.0,-502700000.0,-1145600000.0,2037500000.0,361350000.0,259600000.0,443400000.0,42.839248434238,52.4499194105457,92.79760534192954,2.1008771929824563,1.7159225602528645,0.9698526127735596,0.0527229532163742,0.0590943975441289,2009-03-24,0.22,bmo,718500000.0,2025-04-25,2009-02-28,0.0,15.621311475409836,2123763.934426229
2008-11-30,MKC,USD,63754,2009-01-28,2009-01-28 17:30:07,2008,Q4,906900000.0,510800000.0,396100000.0,0.4367625979,0,0.0,0.0,231000000.0,39400000.0,270400000.0,781200000.0,0.0,0.0,21000000.0,157100000.0,0.1732274782,125700000.0,0.1386040357,-14800000.0,110900000.0,0.1222847061,32100000.0,82400000.0,0.0908589701,0.32,0.32,259800000,260600000,https://www.sec.gov/Archives/edgar/data/63754/000119312509013251/0001193125-09-013251-index.htm,https://www.sec.gov/Archives/edgar/data/63754/000119312509013251/d10k.htm,3.4907621247113165,0.317167051578137,0.7671285604311009,0.6551193225558122,0.1497305619707467,4.061970746728252,-2.1158583525789068,4.061970746728252,4.769822940723634,3743718000.0,4944018000.0,11.358367718446605,4.128038372477671,18.78433517310587,21.99599294947121,3.5475390884108786,3.5475390884108786,5.451558054912339,31.47051559516232,24.806914199698948,29.04828437132785,0.0220102048284619,0.0454628259927697,1.1742632426798068,0.3848088687389374,7.64035646085296,0.9363697901556908,0.0,2.4186893203883497,0.0074791958154967,0.3398058252427184,0.0,0.0,0.4984007701145856,0.1460110386352232,0.032087330466424,1.3857142857142857,0.0,5.383983090618875,0.0351610663204739,0.0510121958769268,-6.239703618167821,-65800000.0,-549700000.0,-1196700000.0,2000300000.0,405250000.0,257650000.0,450650000.0,37.78035064505458,46.885277995301486,77.3492560689115,2.382190701339637,1.9195791055993987,1.1635535307517084,0.0780820619728987,0.1120092378752886,2009-01-28,0.41,bmo,885307142.0,2025-04-25,2008-11-30,0.024390243902439,16.02515625,2122115.625
2008-08-31,MKC,USD,63754,2008-10-09,2008-10-09 09:44:26,2008,Q3,781600000.0,473200000.0,308400000.0,0.3945752303,0,0.0,0.0,212900000.0,2600000.0,215500000.0,688700000.0,0.0,0.0,20500000.0,116000000.0,0.1484135107,92900000.0,0.1188587513,-2800000.0,90100000.0,0.1152763562,26800000.0,68600000.0,0.0877686796,0.27,0.26,258600000,264600000,https://www.sec.gov/Archives/edgar/data/63754/000119312508208322/0001193125-08-208322-index.htm,https://www.sec.gov/Archives/edgar/data/63754/000119312508208322/d10q.htm,3.022428460943542,0.2652745552977572,0.0873936581593194,0.0235885537509667,0.1171693735498839,4.699149265274556,-2.0603248259860787,4.699149265274556,5.226991492652745,5231478000.0,6552878000.0,19.06515306122449,6.693293244626408,231.4813274336283,857.619344262295,4.305034562211982,4.305034562211982,8.383927840327534,56.490327586206895,289.9503539823009,1074.2422950819673,0.0131129290804625,0.0011660184750848,1.112327188940092,0.3940471678861907,11.391379310344828,0.927064610727462,0.0,0.3294460641399417,0.0055433665208952,0.4227405247813411,0.0,0.0,0.5095764218872985,0.7300884955752213,0.0211105424769703,0.8048780487804879,0.0,5.296008540545278,0.0229273009497883,0.0407775069844855,-6.308197989172467,-77100000.0,-532800000.0,-1235100000.0,2147500000.0,423150000.0,254700000.0,460950000.0,49.49078812691914,47.39644970414201,87.92688081149619,1.8185202419730109,1.898876404494382,1.0235777633571277,0.0564516129032258,0.0638051044083526,2008-09-25,0.24,bmo,750336000.0,2025-04-25,2008-08-31,0.0416666666666667,19.7784375,2002387.5
2008-05-31,MKC,USD,63754,2008-07-09,2008-07-09 12:59:47,2008,Q2,764100000.0,466200000.0,297900000.0,0.3898704358,0,0.0,0.0,222000000.0,-4600000.0,217400000.0,683600000.0,0.0,0.0,21700000.0,97600000.0,0.1277319723,80500000.0,0.1053527025,-9700000.0,70800000.0,0.0926580291,21800000.0,53300000.0,0.0697552676,0.21,0.2,257400000,263000000,https://www.sec.gov/Archives/edgar/data/63754/000119312508148568/0001193125-08-148568-index.htm,https://www.sec.gov/Archives/edgar/data/63754/000119312508148568/d10q.htm,2.9685314685314683,0.207070707070707,0.2658547008547008,0.1768104118104118,0.1837606837606837,4.832944832944833,0.1969696969696969,4.796037296037296,2.965034965034965,4836546000.0,5552446000.0,22.685487804878047,6.329729093050648,70.67770454910786,106.27202214849156,3.9178177399756975,3.9178177399756975,7.266648344457532,56.88981557377049,81.13933743478833,122.002285161829,0.0110202611533106,0.0094098143592555,0.6182260024301337,0.2631361191559785,7.335040983606557,1.298797409805735,0.0,1.2820315866384395,0.0058620346007253,0.5319324577861163,0.0,0.0,0.4114260102054889,0.3349359208545834,0.0299960738123282,1.0586116114729112,0.0,4.727068199807182,0.0244356477351571,0.0312225411516607,-4.14500777000777,226100000.0,50700000.0,-673600000.0,1908800000.0,420130500.0,255778000.0,454491500.0,49.05771495877503,50.23166023166023,88.72586872586872,1.8345738295318128,1.7916986933128365,1.014360313315927,0.0431753746456055,0.089044289044289,2008-06-26,0.19,bmo,764100000.0,2025-04-25,2008-05-31,0.0526315789473684,18.6753125,1322631.25
2008-02-29,MKC,USD,63754,2008-04-07,2008-04-07 11:27:48,2008,Q1,724000000.0,438200000.0,285800000.0,0.3947513812,0,0.0,0.0,204800000.0,3600000.0,208400000.0,646600000.0,0.0,0.0,22400000.0,103400000.0,0.1428176796,77400000.0,0.1069060773,-11500000.0,65900000.0,0.0910220994,19800000.0,51400000.0,0.0709944751,0.2,0.2,256000000,262200000,https://www.sec.gov/Archives/edgar/data/63754/000110465908022839/0001104659-08-022839-index.htm,https://www.sec.gov/Archives/edgar/data/63754/000110465908022839/a08-9991_110q.htm,2.828125,0.20078125,0.09480078125,0.02730078125,0.095453125,4.5488203125,-0.0430390625,4.513171875,3.1114296875,4410880000.0,5182970000.0,21.45369649805448,6.092375690607735,181.74955704808605,631.1174703104879,3.8177141215123775,3.8177141215123775,7.158798342541436,50.12543520309477,213.5633936297334,741.5896408642152,0.0116530034822983,0.0015844910766105,0.6894108564168078,0.2786735780589418,7.467021276595744,1.2895627916055554,0.0,0.4719483499601345,0.0063814930354033,0.5476264591439689,0.0,0.0,0.4112674913129452,0.7120194486793853,0.0238674033149171,0.7697447547774957,0.0051519337016574,4.515374462529684,0.0241673357232865,0.0305450569302812,-4.4016787109375,213618000.0,-11018000.0,-742434000.0,1875782000.0,440130500.0,247328000.0,439791500.0,52.67747237569061,51.62492012779553,92.29682793245094,1.70851022156357,1.7433441015929598,0.9751147684714376,0.0444878359524032,0.0675,2008-03-27,0.19,bmo,671024390.0,2025-04-25,2008-02-29,0.1052631578947368,17.728196721311477,1595540.9836065574
2007-11-30,MKC,USD,63754,2008-01-28,2008-01-28 17:16:59,2007,Q4,860119000.0,488800000.0,371319000.0,0.4317065429,0,0.0,0.0,225213000.0,14052000.0,239265000.0,728065000.0,0.0,0.0,21211000.0,167317000.0,0.194527734,132054000.0,0.1535299185,-13392000.0,118662000.0,0.13795998,36256000.0,87598000.0,0.1018440472,0.34,0.34,255357303,255900000,https://www.sec.gov/Archives/edgar/data/63754/000110465908005145/0001104659-08-005145-index.htm,https://www.sec.gov/Archives/edgar/data/63754/000110465908005145/a08-3564_110k.htm,3.3682960694490105,0.3430409037488933,0.7892470574847824,0.6801136993524716,0.1797481390222859,4.249339992441884,-0.0074405547743429,4.249339992441884,2.831718503856536,4879878060.33,5557078060.33,13.926910603923606,5.673491761407433,24.21295058216731,28.09824301171173,4.497168980121648,4.497168980121648,6.460824676969117,33.212871736464315,27.57307760409844,31.99754744765996,0.017950858385604,0.0355894138855296,0.6663901944521242,0.2594080717488789,4.0474070178164805,1.1414141414141414,0.0,2.3007374597593557,0.0052265650257406,0.291159615516336,0.0,0.0,0.3899551569506726,0.1382752803413714,0.0324001678837463,1.313846589033992,0.0,5.726970595806351,0.0441787296016057,0.051513084386945,-4.303871426774898,121800000.0,-1900000.0,-719300000.0,1696400000.0,428179500.0,226316500.0,435029500.0,47.76664624313612,44.79746317512275,79.21031096563011,1.88415991237678,2.009042334566379,1.1362157136215714,0.080728043498295,0.1091333581323107,2008-01-23,0.37,bmo,848632000.0,2025-04-25,2007-11-30,0.027027027027027,18.3153125,1320025.0
2007-08-31,MKC,USD,63754,2007-10-09,2007-10-09 13:04:47,2007,Q3,716227000.0,431898000.0,284329000.0,0.3969816832,0,0.0,0.0,192596000.0,2845000.0,195441000.0,627339000.0,0.0,0.0,21472000.0,113205000.0,0.1580574315,88888000.0,0.124105905,-13394000.0,75494000.0,0.1054051299,23200000.0,56848000.0,0.0793714842,0.22,0.21,258200000,264800000,https://www.sec.gov/Archives/edgar/data/63754/000110465907073877/0001104659-07-073877-index.htm,https://www.sec.gov/Archives/edgar/data/63754/000110465907073877/a07-26208_110q.htm,2.7739233152594887,0.2201704105344694,0.119841208365608,0.0585476374903175,0.1770875290472502,3.789941905499613,-0.2383617350890782,3.7541828040278857,3.383648334624322,4626944000.0,5454878000.0,20.34787503518153,6.460164165830107,149.531202533691,306.0755440894357,4.7733424117689545,4.7733424117689545,7.616130081664053,48.185839848063246,176.2879488091006,360.8439505192829,0.0122862952307181,0.003267167270665,0.9013008985587984,0.3268033119556211,7.313581555585,0.9398720465676388,0.0,0.5443015708279829,0.0056103985697687,0.4566387559808612,0.0,0.0,0.3890661325044092,0.511456549138739,0.0220963465493481,0.7370529061102832,0.0,4.312493397866942,0.0289740303892484,0.0348069508589384,-4.373486638264911,-60366000.0,-61545000.0,-751189000.0,1449256000.0,380394500.0,212469500.0,433685500.0,50.24567630094928,43.62134114999375,91.65893335926538,1.791198897611408,2.063210291736133,0.9819010182808582,0.0586466941083016,0.0612935708752904,2007-09-27,0.22,bmo,684368888.0,2025-04-25,2007-08-31,0.0454545454545455,18.147301587301587,1894603.174603175
2007-05-31,MKC,USD,63754,2007-07-09,2007-07-09 14:43:50,2007,Q2,687214000.0,415414000.0,271800000.0,0.3955099867,0,0.0,0.0,198452000.0,6440000.0,204892000.0,620306000.0,0.0,0.0,20035000.0,93383000.0,0.1358863469,66908000.0,0.0973612295,-13005000.0,53903000.0,0.0784369934,16755000.0,41425000.0,0.0602796218,0.16,0.15,260300000,267274000,https://www.sec.gov/Archives/edgar/data/63754/000110465907052938/0001104659-07-052938-index.htm,https://www.sec.gov/Archives/edgar/data/63754/000110465907052938/a07-18326_110q.htm,2.640084517864003,0.1591432961966961,0.2578102189781022,0.1834729158663081,0.1554706108336535,3.876577026507875,-0.0165462927391471,3.859423741836342,2.930802919708029,4851992000.0,5574411000.0,29.281786360893182,7.060380027182217,72.30124575311439,101.5953766908162,4.829736573867618,4.829736573867618,8.111608611000358,59.69406637182357,83.06626631698158,116.72203609866408,0.0085377304826553,0.0098429675893942,0.7593887367012805,0.2952244402779309,7.736086868059496,0.992545692824894,0.0,1.619987929993965,0.0053753180137147,0.6295956547978274,0.0,0.0,0.3921605049349966,0.2883411813792692,0.0281571679273123,0.9658098327926128,0.0,3.717463093717475,0.0226467297268313,0.0263733395300866,-4.034189396849789,-6672000.0,-4307000.0,-686641000.0,1479066000.0,370359500.0,216899500.0,419676000.0,47.26868195351084,46.71132893932318,92.62104791846208,1.904009087634721,1.9267274565642885,0.9717013791425738,0.041234989169905,0.074337303111794,2007-06-27,0.17,bmo,647931428.0,2025-04-25,2007-05-31,0.0588235294117645,18.741746031746032,1414612.6984126985
2007-02-28,MKC,USD,63754,2007-04-06,2007-04-05 17:39:09,2007,Q1,652639000.0,388287000.0,264352000.0,0.4050508781,0,0.0,0.0,190637000.0,7364000.0,198001000.0,586288000.0,0.0,0.0,19882000.0,93597000.0,0.1434131273,66351000.0,0.1016656988,-12010000.0,54341000.0,0.0832634887,15989000.0,44228000.0,0.0677679391,0.17,0.16,260688000,268390000,https://www.sec.gov/Archives/edgar/data/63754/000110465907026241/0001104659-07-026241-index.htm,https://www.sec.gov/Archives/edgar/data/63754/000110465907026241/a07-9850_110q.htm,2.503525286933039,0.1696587491560792,-0.2880493156570306,-0.3473385809856993,0.1480006751365617,3.80467838949242,-0.0283672436015466,3.789219296630455,2.897904775056773,4989568320.0,5706435320.0,28.203673690874563,7.645219363231434,-66.44695529424298,-55.104733674224434,5.051172418819927,5.051172418819927,8.743632115150948,60.96814342340032,-75.99359870024371,-63.021804366792935,0.0088640934773291,-0.0181472612845193,0.7647762106652737,0.2948791011649974,7.659080953449363,0.9906066597375804,0.0,-1.6978158632540472,0.0052218946267479,0.5891064484037262,0.0,0.0,0.3900352629734095,-0.2058302592854003,0.0236823113543628,0.7773865808268786,0.0070942741699469,3.8032446198277903,0.0233769988179365,0.0283029312104641,-3.9921908565027926,-8414000.0,-7395000.0,-682733000.0,1456763000.0,379444500.0,221296500.0,408770000.0,52.373532688055725,50.574368959043184,95.45928655865376,1.7184252308518675,1.7795575476756815,0.9428103146853148,0.0447740644905264,0.0592892653286687,2007-03-27,0.16,bmo,546772972.0,2025-04-25,2007-02-28,0.1875,19.22737704918033,1008868.8524590164
2006-11-30,MKC,USD,63754,2007-01-29,2007-01-29 14:38:34,2006,Q4,803698000.0,448025000.0,355673000.0,0.442545583,0,0.0,0.0,216048000.0,13182000.0,229230000.0,677255000.0,0.0,0.0,25518000.0,165143000.0,0.2054789237,126443000.0,0.1573265082,-12366000.0,114077000.0,0.1419401317,33961000.0,83100000.0,0.1033970471,0.32,0.32,260688000,260688000,https://www.sec.gov/Archives/edgar/data/63754/000110465907005348/0001104659-07-005348-index.htm,https://www.sec.gov/Archives/edgar/data/63754/000110465907005348/a07-2613_110k.htm,3.0829880930460933,0.3187718652181918,0.7119161603142454,0.6052445835634935,0.1879641563861781,3.5939513901675566,-0.2320781930890566,3.58014177867796,2.4972380777020806,5046919680.0,5648919680.0,15.183272202166066,6.279622047087339,27.194213418971053,31.987068576498924,5.407607071681132,5.407607071681132,7.028659620902379,34.20623144789667,30.43795762657068,35.80250779566485,0.0164654889058983,0.0312626334485275,0.6975249116039859,0.2535046728971962,3.6453255663273647,1.1523382447149264,0.0,2.233309265944645,0.0046721567797964,0.283754512635379,0.0,0.0,0.3883956386292835,0.1498372739616785,0.0346000612170243,1.0897405752801943,0.0,5.06735538836895,0.0475149081075663,0.0529097160320896,-4.200135794512981,118900000.0,-60500000.0,-731700000.0,1585800000.0,353461000.0,206454500.0,411397500.0,42.45251325746736,45.07784163830143,81.4976842810111,2.120015826958586,1.9965463458110515,1.1043258565442444,0.089038894246223,0.1066715767507518,2007-01-24,0.35,bmo,781375000.0,2025-04-25,2006-11-30,0.0285714285714286,19.04142857142857,930657.1428571428
2006-08-31,MKC,USD,63754,2006-10-05,2006-10-05 09:58:43,2006,Q3,663095000.0,393818000.0,269277000.0,0.4060911332,0,0.0,0.0,187576000.0,17535000.0,205111000.0,598929000.0,0.0,0.0,21824000.0,103525000.0,0.156123934,64166000.0,0.0967674315,-11970000.0,52196000.0,0.0787157195,13647000.0,43068000.0,0.0649499695,0.16,0.16,263174000,269658000,https://www.sec.gov/Archives/edgar/data/63754/000110465906065068/0001104659-06-065068-index.htm,https://www.sec.gov/Archives/edgar/data/63754/000110465906065068/a06-20702_110q.htm,2.519606800063836,0.1636483847188552,0.1677521335694255,0.0794227393283531,0.1432968302339896,3.494912111378784,-0.2198507451343977,3.482498271105808,2.731968203545943,4792398540.0,5473669540.0,27.81878970465311,7.227318167080131,108.55301576515356,229.2794249354129,5.229004749575289,5.229004749575289,8.254729020728552,52.87292480077276,123.98454154208572,261.8730044971773,0.0089867317253627,0.0043614903530122,0.7844851571680617,0.2921842324069642,6.580738951943975,1.2031235047283209,0.0,1.025100424919312,0.0049474182504028,0.5505247515556794,0.0,0.0,0.3972942043744956,0.5265470689498958,0.0350568168965231,1.065157624633431,0.0,3.5809031513272047,0.024632092168161,0.0290393900838048,-3.985279700882306,140089000.0,-57859000.0,-711185000.0,1593312000.0,327444000.0,181573500.0,399479000.0,44.49434847193841,43.08033152369876,95.3195384670076,2.022728797945226,2.0891204133489647,0.944192570038001,0.0469916628750806,0.0883293942410724,2006-09-27,0.18,bmo,568371428.0,2025-04-25,2006-08-31,0.1666666666666666,17.855873015873016,1143780.9523809524
2006-05-31,MKC,USD,63754,2006-07-07,2006-07-07 10:11:17,2006,Q2,639906000.0,389342000.0,250564000.0,0.3915637609,0,0.0,0.0,187347000.0,8519000.0,195866000.0,585208000.0,0.0,0.0,21373000.0,76071000.0,0.1188783978,54698000.0,0.0854781796,-10549000.0,44149000.0,0.0689929458,13068000.0,61644000.0,0.0963328989,0.23,0.23,264364000,270840000,https://www.sec.gov/Archives/edgar/data/63754/000110465906045892/0001104659-06-045892-index.htm,https://www.sec.gov/Archives/edgar/data/63754/000110465906045892/a06-14941_110q.htm,2.420548940097744,0.2331784963156859,0.3421797218985943,0.2770989998638241,0.2801743051247522,3.4551300479641704,0.1127611929006975,3.442424081947617,2.323360971993161,4554991720.0,5095136720.0,18.472972714294983,7.118220051070001,50.35365598054389,62.17994293904853,5.005193895300604,5.005193895300604,7.96232059083678,66.97870042460333,56.32474817598938,69.55343280322163,0.0135332847542475,0.016082356347291,0.6749200321299968,0.2598836852605234,7.100537655611205,1.1842472667301704,0.0,1.467434504014924,0.0052314035820025,0.3865583025111933,0.0,0.0,0.3738666294324103,0.190194561131992,0.0268867614930942,0.8049876011790577,0.0,4.249792183149977,0.0212595923316165,0.041656614720914,-3.554583831384001,129594000.0,29810000.0,-617039000.0,1487895000.0,336209500.0,172353000.0,368421500.0,46.00041256059484,40.36918698727597,88.27116005979319,1.956504191814496,2.2294231496008887,1.019585558171386,0.0677367142353247,0.0650807220347702,2006-06-28,0.15,bmo,599906250.0,2025-04-25,2006-05-31,0.0666666666666667,17.015079365079366,1142025.396825397
2006-02-28,MKC,USD,63754,2006-04-06,2006-04-06 12:50:04,2006,Q1,609701000.0,370616000.0,239085000.0,0.3921348333,0,0.0,0.0,181628000.0,33164000.0,214792000.0,585408000.0,0.0,0.0,18085000.0,42378000.0,0.0695062006,24293000.0,0.0398441203,-11716000.0,12577000.0,0.020628144,4025000.0,14388000.0,0.0235984524,0.0542,0.0532,265222000,270606000,https://www.sec.gov/Archives/edgar/data/63754/000110465906022965/0001104659-06-022965-index.htm,https://www.sec.gov/Archives/edgar/data/63754/000110465906022965/a06-8375_110q.htm,2.298832676022351,0.0542488933798855,-0.0354269253681821,-0.0977935465383716,0.1190662916349322,3.254639509542949,0.1386310336246616,3.137967438598608,2.351087013897791,4354945240.0,4946926240.0,75.66974631637476,7.14275561299719,-463.4892762877821,-167.90473994679417,5.232686546719888,5.232686546719888,8.113692186826002,116.73335787436878,-526.4927884206045,-190.7285437791572,0.0033038302911014,-0.005955758010863,0.749238817770451,0.2733801973409045,13.969064137052245,1.1552144966064013,0.0,-0.6530442035029191,0.00548365104127,1.6597859327217126,0.0,0.0,0.3623238982764017,-1.7604299702000852,0.0271296914389184,0.914625380149295,0.0166475042684857,1.9570905376698824,0.0094030445579564,0.0098921135351724,-3.5805485593201167,105562000.0,36768000.0,-632058000.0,1401932000.0,357326500.0,184134000.0,349490000.0,50.97870923616658,41.29913441405659,86.20297019016988,1.7654428946614045,2.179222428675589,1.0440475519747592,0.0172879083168921,0.0623666211701895,2006-03-21,0.12,bmo,541955555.0,2025-04-25,2006-02-28,0.1666666666666668,16.177419354838708,1160832.258064516
2005-11-30,MKC,USD,63754,2006-01-27,2006-01-27 13:57:27,2005,Q4,737074000.0,413325000.0,323749000.0,0.4392354092,0,0.0,0.0,177689000.0,10570000.0,188259000.0,601584000.0,0.0,0.0,20380000.0,155870000.0,0.2114713041,135490000.0,0.1838214345,-12682000.0,122808000.0,0.1666155637,40164000.0,88101000.0,0.1195280257,0.33,0.33,265222000,265222000,https://www.sec.gov/Archives/edgar/data/63754/000110465906004340/0001104659-06-004340-index.htm,https://www.sec.gov/Archives/edgar/data/63754/000110465906004340/a06-3546_110k.htm,2.7790831831446865,0.3321783260815468,0.7742004811063938,0.6687454283581302,0.1142439164171901,3.126060432392486,0.0260159413623304,3.015963984888132,2.1491429821055568,4140115420.0,4679815420.0,11.748207795598232,5.6169603323411215,20.16273611415492,23.342215644486544,5.175791248906113,5.175791248906113,6.349179892385297,30.02383665875409,22.791123870747803,26.38507617017918,0.0212798415170753,0.0428408346161518,0.7125890736342043,0.2508030096361156,3.462500801950344,1.1447782546494991,0.0,2.330677290836653,0.0051638656972515,0.2426646689594896,0.0,0.0,0.3617723412680952,0.1362115567243772,0.0379459864274143,1.3723748773307165,0.0,4.747773376068339,0.0542793122421234,0.0607383660806618,-3.635916326699897,101200000.0,6900000.0,-643400000.0,1374200000.0,345517500.0,184117000.0,350625500.0,45.09316567942975,43.15732172019597,74.90473598258029,1.9958678581099376,2.085393541876892,1.2015261627906977,0.1101400175021877,0.1054550527482637,2006-01-25,0.34,bmo,716040000.0,2025-04-25,2005-11-30,0.0294117647058822,15.37031746031746,1008914.2857142856
2005-08-31,MKC,USD,63754,2005-10-06,2005-10-06 16:08:41,2005,Q3,622731000.0,379394000.0,243337000.0,0.3907578071,0,0.0,0.0,164437000.0,0.0,164437000.0,543831000.0,0.0,0.0,18727000.0,97627000.0,0.1567723463,78900000.0,0.1266999716,-12049000.0,66851000.0,0.1073513283,22603000.0,47970000.0,0.0770316557,0.18,0.17,267912000,274764000,https://www.sec.gov/Archives/edgar/data/63754/000110465905047512/0001104659-05-047512-index.htm,https://www.sec.gov/Archives/edgar/data/63754/000110465905047512/a05-17092_110q.htm,2.3243863656723103,0.1790513302875571,0.2511458986532891,0.1932350921198005,0.1721348801098868,3.205616023171788,0.119266774164651,3.0942809579264834,2.597819433246738,4541108400.0,5190978400.0,23.66639774859287,7.292247214286746,67.49065021921676,87.71698667181765,5.477847755414689,5.477847755414689,8.335827829351679,53.17154475708564,77.14911793118823,100.27000965810316,0.0105635003119502,0.0114003004200472,0.839555123975416,0.3063805828559253,6.656662603583025,0.8626718369965165,0.0,1.4026474880133415,0.0047310035585144,0.4478632478632479,0.0,0.0,0.3639966156639118,0.2305863119566025,0.024914449417164,0.8284829390719283,0.0,3.530692600681112,0.0290008685846978,0.0332024707012594,-3.533903856490191,-123313000.0,31953000.0,-638188000.0,1173135000.0,324926000.0,168925000.0,351266000.0,46.4986486942195,40.33553509017011,84.74722847488363,1.9355401184204395,2.231283155133679,1.061981631961842,0.0578652464731391,0.0579108065334886,2005-09-28,0.17,bmo,604908571.0,2025-04-25,2005-08-31,0.0588235294117645,16.42140625,1495018.75
2005-05-31,MKC,USD,63754,2005-06-30,2005-06-30 14:55:58,2005,Q2,628571000.0,387225000.0,241346000.0,0.3839598072,0,0.0,0.0,170864000.0,-670000.0,170194000.0,557419000.0,0.0,0.0,17852000.0,89004000.0,0.1415973693,71152000.0,0.1131964408,-12039000.0,59113000.0,0.0940434732,18916000.0,42794000.0,0.0680814101,0.16,0.15,269484000,277478000,https://www.sec.gov/Archives/edgar/data/63754/000110465905030736/0001104659-05-030736-index.htm,https://www.sec.gov/Archives/edgar/data/63754/000110465905030736/a05-11551_110q.htm,2.332498404357958,0.1587997803209095,0.2579373914592332,0.1973252586424426,0.0745721452850633,3.0989446497751256,0.1684589808671386,2.990856600020781,2.5703084413174806,4559669280.0,5232230280.0,26.637316446230784,7.254024255016538,65.5973137678032,85.74675191815857,5.657242142562917,5.657242142562917,8.324008393642087,58.78646218147499,75.27305826499784,98.39458176621032,0.0093853298062003,0.0116622493287495,0.8593887253904524,0.3167644031110418,7.556525549413509,0.8373600725130297,0.0,1.624293125204468,0.0047422299013756,0.5052811141748843,0.0,0.0,0.3611525872985457,0.2349877715436628,0.0259859268085864,0.9149675106430653,0.0,3.2689930940167886,0.0280400161491944,0.0306340125302088,-3.386927424262665,-143546000.0,45397000.0,-612493000.0,1117668000.0,345453500.0,173893000.0,348551000.0,46.98042066846864,39.00429982568274,80.2512492736781,1.9156916587680617,2.3074379081851557,1.12147786875038,0.0530950833014883,0.0606121328167906,2005-06-30,0.15,bmo,608322580.0,2025-04-25,2005-05-31,0.0666666666666667,17.03875,1122318.75
2005-02-28,MKC,USD,63754,2005-04-01,2005-04-01 15:28:25,2005,Q1,603623000.0,375455000.0,228168000.0,0.3779975249,0,0.0,0.0,168910000.0,1300000.0,170210000.0,545665000.0,0.0,0.0,17641000.0,75599000.0,0.1252420799,57958000.0,0.0960168847,-11030000.0,46928000.0,0.0777438898,15017000.0,36035000.0,0.0596978578,0.13,0.13,271298000,280914000,https://www.sec.gov/Archives/edgar/data/63754/000110465905014675/0001104659-05-014675-index.htm,https://www.sec.gov/Archives/edgar/data/63754/000110465905014675/a05-5956_110q.htm,2.2249445259456397,0.13282442185346,-0.0107999321779003,-0.0623373559701877,0.0899158858524574,3.452856268752442,0.3986207049075186,3.334145478403822,2.443471754307072,5154662000.0,5793177000.0,35.761495768003336,8.539538751836826,-1759.2703071672356,-304.7931646168401,5.698611570211387,5.698611570211387,9.597343043588465,76.63033902564848,-1977.1935153583613,-342.54830889309363,0.0069907590449189,-0.0032809134721151,0.732862968977842,0.2911741904312209,8.446077329065199,0.911611263539264,0.0,-0.0813098376578326,0.0042124973470617,0.6025808241986957,0.0,0.0,0.3639553295924978,-4.772013651877133,0.0231634646128461,0.7925854543393231,0.0,3.1566214177102547,0.0219759664669867,0.0248848982816402,-3.1976829906597173,-75190000.0,108145000.0,-564438000.0,1236381000.0,385217500.0,187519000.0,351000500.0,54.091875226755775,43.14045624642101,84.33471388049168,1.6638358278894123,2.0862088125798746,1.0671762060820702,0.039837620377935,0.0515374237922874,2005-03-22,0.14,bmo,650030769.0,2025-04-25,2005-02-28,-0.0714285714285714,18.728524590163936,1026580.3278688524
2004-11-30,MKC,USD,63754,2005-01-27,2005-01-27 16:11:28,2004,Q4,744131000.0,429002000.0,315129000.0,0.4234859185,0,0.0,0.0,183852000.0,3684000.0,187536000.0,616538000.0,0.0,0.0,18573000.0,146166000.0,0.1964250918,127593000.0,0.1714657769,-10290000.0,117303000.0,0.1576375665,34462000.0,87345000.0,0.1173785261,0.32,0.32,268947631,271298000,https://www.sec.gov/Archives/edgar/data/63754/000110465905002884/0001104659-05-002884-index.htm,https://www.sec.gov/Archives/edgar/data/63754/000110465905002884/a05-2232_110k.htm,2.766824891645913,0.324765827738412,0.8959067574014066,0.8041862990048051,0.2615193141448418,3.4233727829340874,0.3443570023489071,3.3082499990490715,2.372718427105238,4902915313.13,5470717313.13,14.03318825671189,6.58877981582544,20.34809967599356,22.66887663040261,5.510466260179872,5.510466260179872,7.351820194468448,37.42811127847789,22.704593915510145,25.294137861006824,0.0178149110114323,0.0441133460781571,0.7172125527959665,0.2692960012221219,3.884638014312494,1.1182654453121157,0.0,2.758623847959242,0.003904819638375,0.2191882763752933,0.0,0.0,0.3494585063019881,0.1023772369600584,0.0331500770697632,1.3281645399235449,0.0,4.916721200088772,0.0509045582578207,0.0566603202610351,-3.338130351480954,91383000.0,92614000.0,-584864000.0,1406084000.0,366660000.0,178120000.0,363683500.0,49.303214084616826,40.92316585936662,73.463993174857,1.825438800917465,2.199243340783726,1.2250899537380775,0.0981684660566049,0.0917204583966013,2005-01-26,0.33,bmo,767353125.0,2025-04-25,2004-11-30,-0.0303030303030303,18.2815625,660465.625
2004-08-31,MKC,USD,63754,2004-10-08,2004-10-08 16:38:12,2004,Q3,613544000.0,374385000.0,239159000.0,0.3897992646,0,0.0,0.0,164963000.0,195000.0,165158000.0,539543000.0,0.0,0.0,18725000.0,92726000.0,0.1511317852,74001000.0,0.1206123766,-10026000.0,63975000.0,0.1042712503,19769000.0,46196000.0,0.0752937035,0.17,0.16,273922000,283374000,https://www.sec.gov/Archives/edgar/data/63754/000110465904030129/0001104659-04-030129-index.htm,https://www.sec.gov/Archives/edgar/data/63754/000110465904030129/a04-11309_110q.htm,2.2398493001657407,0.1686465490176035,0.1538503661626302,0.09004388110484,0.0945853199085871,3.036090565927527,0.3859200794386723,2.9411511306138243,2.424193748585364,4593671940.0,5231802940.0,24.8596844964932,7.487110851055507,109.00201551859146,186.24252746807213,5.701849124801712,5.701849124801712,8.527184586598516,56.42217867696223,124.14405571506538,212.11445124670587,0.0100564429944903,0.005369342940062,0.8242329757734786,0.3077253883177054,6.881899359402972,1.2523024932897844,0.0,0.9122651311801888,0.0041783567156517,0.4154905186596242,0.0,0.0,0.3364107107935593,0.4147307975227202,0.0284869544808522,0.9334045393858478,0.0,3.3407090919650577,0.0299518114881618,0.0322607227306946,-3.166913391403392,156039000.0,105712000.0,-551747000.0,1336735000.0,319641000.0,163680000.0,375580500.0,47.77285736638285,38.74482150727192,90.67358467887335,1.8839149458816304,2.322891072891073,0.9925713240382092,0.0573403206867532,0.0638064850577901,2004-09-29,0.16,bmo,594909090.0,2025-04-25,2004-08-31,0.0625,17.116875,897784.375
2004-05-31,MKC,USD,63754,2004-07-09,2004-07-09 10:32:15,2004,Q2,596164000.0,364238000.0,231926000.0,0.3890305352,0,0.0,0.0,168652000.0,-6448000.0,162204000.0,526442000.0,0.0,0.0,18464000.0,88186000.0,0.1479223838,69722000.0,0.1169510403,-9159000.0,60563000.0,0.1015878181,18713000.0,42853000.0,0.0718812273,0.16,0.15,275358000,284988000,https://www.sec.gov/Archives/edgar/data/63754/000110465904019243/0001104659-04-019243-index.htm,https://www.sec.gov/Archives/edgar/data/63754/000110465904019243/a04-7647_110q.htm,2.1650505886881803,0.1556264935102666,0.2267557143790992,0.173348876735014,0.0585601289957074,2.99614683430298,0.354113553991531,2.9097865324414034,2.31950406380058,4835286480.0,5457855480.0,28.20856462791403,8.11066498480284,77.44016528131455,101.29860850983596,6.034806953782483,6.034806953782483,9.154956488483036,61.89027147166217,87.4110008167972,114.34134623845138,0.0088625565780334,0.0098718039142946,0.7971389096554935,0.299268899873066,7.059726033610778,1.2181892895887438,0.0,1.457050848248664,0.0039966608141902,0.4509602594917509,0.0,0.0,0.3408825212107126,0.2355258732522942,0.0246677088854744,0.7964688041594454,0.0,3.192005198212121,0.0288737250565459,0.0304640158785676,-3.162612853085801,132742000.0,97508000.0,-568046000.0,1316803000.0,319497000.0,159882500.0,370155500.0,47.34373427446139,41.06359028986542,92.40567980276631,1.9009907304365017,2.191722627385852,0.9739661045955066,0.0534838180654066,0.0534068376440851,2004-06-29,0.14,bmo,596200000.0,2025-04-25,2004-05-31,0.0,17.20258064516129,944464.5161290322
2004-02-29,MKC,USD,63754,2004-04-07,2004-04-07 16:48:30,2004,Q1,572362000.0,350676000.0,221686000.0,0.3873178163,0,0.0,0.0,160233000.0,69000.0,160302000.0,510978000.0,0.0,0.0,16238000.0,77622000.0,0.1356169697,61384000.0,0.1072468123,-9424000.0,51960000.0,0.0907817081,16056000.0,38106000.0,0.0665767469,0.14,0.13,274714000,283634000,https://www.sec.gov/Archives/edgar/data/63754/000110465904009628/0001104659-04-009628-index.htm,https://www.sec.gov/Archives/edgar/data/63754/000110465904009628/a04-4249_110q.htm,2.08348318614996,0.1387115327213028,0.0144368324876052,-0.0326958218365281,0.0645580494623499,3.136356356064853,0.438987456045196,3.05145715180151,0.6540838836025831,4409159700.0,4571110700.0,28.926938671075423,7.703445896128674,1111.7397125567322,-490.8884101536406,5.25978219635968,5.25978219635968,7.986397943958544,58.88937028162119,1152.5745587493695,-508.9190269427745,0.0086424630979004,-0.0020371228558584,0.2143513249781098,0.0830186587075893,2.0864059158486,1.168443038654655,0.0,0.1040780979373327,0.0043627360560335,0.504802393323886,0.0,0.0,0.342359678525969,3.264750378214826,0.022622046886411,0.7973888409902697,0.0,3.086037381107818,0.0247879170984111,0.0267711114233525,-3.122739467227735,106614000.0,120596000.0,-563252000.0,1312211000.0,335036500.0,166176000.0,364555500.0,51.16487467721477,39.41510111898162,94.01935119597576,1.759019260142538,2.283388788685806,0.9572497454529572,0.0454574735350325,0.0471326543241334,2004-03-23,0.13,bmo,572400000.0,2025-04-25,2004-02-29,0.0769230769230769,15.43532258064516,819287.0967741936
2003-11-30,MKC,USD,63754,2004-01-29,2004-01-29 16:23:15,2003,Q4,698627000.0,396413000.0,302214000.0,0.4325827659,0,0.0,0.0,177274000.0,3558000.0,180832000.0,577245000.0,0.0,0.0,18347000.0,139729000.0,0.200005153,121382000.0,0.1737436429,-3601000.0,117781000.0,0.1685892472,36412000.0,84396000.0,0.1208026601,0.31,0.31,274714000,274714000,https://www.sec.gov/Archives/edgar/data/63754/000104746904002319/0001047469-04-002319-index.htm,https://www.sec.gov/Archives/edgar/data/63754/000104746904002319/a2127265z10-k.htm,2.543106649096879,0.3072140480645325,0.6421660344940556,0.5137488442525682,0.09151699585751,2.829917659820759,0.2202144776021607,2.7489097752571765,2.255654972080054,3983353000.0,4577872000.0,11.79959062040855,5.701687738950828,22.5798301702832,28.22390777558916,5.274818450032046,5.274818450032046,6.552669736497444,32.76250456240294,25.94989003015668,32.43635126900676,0.0211871757285884,0.0354309547760391,0.8205634802506475,0.2888212841980742,4.254800363560893,1.069541199636047,0.0,2.42337491070938,0.004174874785137,0.1970472534243329,0.0,0.0,0.3341547505242419,0.1999750583860508,0.0504961875220969,1.922821169673516,0.0,4.359051874659298,0.0521973084493022,0.0590777966857465,-3.287122243496873,49373000.0,60496000.0,-608706000.0,1224615000.0,314190500.0,173350500.0,375246500.0,44.40386644089049,40.58835103793266,82.36273785168498,2.0268505248254933,2.2173849811215214,1.0927271524420163,0.1117585054372295,0.1284171902414875,2004-01-28,0.3,bmo,698600000.0,2025-04-25,2003-11-30,0.0333333333333333,14.6375,724215.625
2003-08-31,MKC,USD,63754,2003-10-14,2003-10-14 16:07:23,2003,Q3,557612000.0,345131000.0,212481000.0,0.3810552858,0,0.0,0.0,148403000.0,1349000.0,149752000.0,494883000.0,0.0,0.0,15963000.0,78692000.0,0.1411232183,62729000.0,0.1124957856,-9324000.0,53405000.0,0.0957744812,17098000.0,51306000.0,0.092010215,0.18,0.18,278894000,286174000,https://www.sec.gov/Archives/edgar/data/63754/000110465903022728/0001104659-03-022728-index.htm,https://www.sec.gov/Archives/edgar/data/63754/000110465903022728/a03-3846_110q.htm,1.999368935868108,0.1839623656299526,0.0126176970461895,-0.034468292612964,0.043686848766915,2.5796073060015634,0.1653531449224436,2.5796073060015634,2.3458159730937203,3723234900.0,4365284900.0,18.142297684481345,6.677106841316184,1058.037766410912,-387.31248309580775,5.175206307154066,5.175206307154066,7.828534715895641,55.47304554465511,1240.4901676612674,-454.10224695724537,0.0137799524816443,-0.0025818945777501,0.9093694096911892,0.3240257939259465,8.15902505972653,1.0987571773891636,0.0,0.0685884691848906,0.0044968959653875,0.3263361010408139,0.0,0.0,0.3334791092973037,3.731741972151179,0.0235504257440657,1.3768085552526734,0.0,3.26762756509796,0.0270902172514375,0.0381242109471309,-3.1582904257531537,64102000.0,46116000.0,-586454000.0,1157265000.0,304702500.0,184900000.0,386159500.0,45.78909707825513,43.79015504257803,101.10569609800336,1.965533407356492,2.055256482021843,0.8901575625646408,0.0713140969952893,0.0470859896591536,2003-09-24,0.14,bmo,557600000.0,2025-04-25,2003-08-31,0.0,13.140625,762637.5
2003-05-31,MKC,USD,63754,2003-07-11,2003-07-11 09:14:24,2003,Q2,527912000.0,330138000.0,197774000.0,0.3746344088,0,0.0,0.0,140945000.0,472000.0,141417000.0,471555000.0,0.0,0.0,16086000.0,72443000.0,0.1372255224,56357000.0,0.1067545348,-3707000.0,52650000.0,0.0997325312,15682000.0,39959000.0,0.0756925397,0.14,0.14,278404000,284820000,https://www.sec.gov/Archives/edgar/data/63754/000110465903014470/0001104659-03-014470-index.htm,https://www.sec.gov/Archives/edgar/data/63754/000110465903014470/j2921_10q.htm,1.89620838781052,0.1435288286087843,0.1550516515567305,0.07066708811655,0.0897760089653884,2.590523124667749,0.6881187051910174,2.590523124667749,2.1722640479303457,3744533800.0,4324306800.0,23.42734928301509,7.093102259467487,86.7452869089814,190.32905357324387,5.19200151966412,5.19200151966412,8.191340223370561,59.692541722457655,100.17621794426296,219.7980481854224,0.0106712883724003,0.005254058596026,0.8385426199231294,0.2970521564226053,8.003161105972971,1.2240795950582413,0.0,1.0802822893465802,0.0040891605785478,0.3831927725919067,0.0,0.0,0.2601494674332419,0.5442351796511223,0.0445017351376744,1.2185165975103731,0.0,2.8923747795314187,0.0254060619750358,0.0265286557814132,-3.0642752977687104,141528000.0,191575000.0,-541558000.0,1170944000.0,315121000.0,194453500.0,365702500.0,55.52800466744457,55.03353143231013,104.84706395507334,1.62080378250591,1.6353666148191446,0.858393135725429,0.0554053454462765,0.0843845634401804,2003-06-27,0.13,bmo,508348148.0,2025-04-25,2003-05-31,0.0769230769230769,12.87190476190476,842400.0
2003-02-28,MKC,USD,63754,2003-04-11,2003-04-11 16:16:13,2003,Q1,485447000.0,299317000.0,186130000.0,0.3834198172,0,0.0,0.0,130979000.0,120000.0,131099000.0,430416000.0,0.0,0.0,14904000.0,69935000.0,0.1440631006,55031000.0,0.1133614998,-8870000.0,46161000.0,0.0950896802,14206000.0,35139000.0,0.0723848329,0.13,0.12,279764000,284922000,https://www.sec.gov/Archives/edgar/data/63754/000110465903006328/0001104659-03-006328-index.htm,https://www.sec.gov/Archives/edgar/data/63754/000110465903006328/j9382_10q.htm,1.735201812956635,0.1256022933615476,-0.1154473055861368,-0.1858530761641955,0.075070416493902,2.2862984515520224,0.3524434880828127,2.2862984515520224,2.3665625312763616,3236869480.0,3877946480.0,23.02903810580836,6.667812304947811,-100.21888290296612,-62.2534759111453,5.060581654221855,5.060581654221855,7.988403430240583,55.45072538786015,-120.06769707102607,-74.58306529473988,0.0108558594089496,-0.0160633600833358,1.035106562605531,0.3337056412205314,9.166754843783512,1.0625649913344888,0.0,-0.9191496627678648,0.0047623174475357,0.438686359885028,0.0,0.0,0.2726901580174806,-0.6098520032200136,0.0405749752290157,1.086131789357596,0.0,2.541888549590148,0.0250187773658534,0.0243513851024048,-3.294181881871864,41876000.0,98601000.0,-633201000.0,1072496000.0,303928000.0,181047500.0,315263000.0,56.45905732242655,56.23793503208972,104.27890831459622,1.5940754994549011,1.6003432549336214,0.8630700249419703,0.0549369629657423,0.0704057705780586,2003-03-25,0.13,bmo,548713043.0,2025-04-25,2003-02-28,-0.0769230769230769,11.614918032786886,1559081.9672131147
2002-11-30,MKC,USD,63754,2003-02-05,2003-02-05 14:48:29,2002,Q4,703463000.0,414696000.0,288767000.0,0.4104935157,0,0.0,0.0,172815000.0,3056000.0,175871000.0,590567000.0,0.0,0.0,19081000.0,131977000.0,0.1876104358,112896000.0,0.1604860526,-11140000.0,101756000.0,0.1446501095,31873000.0,77169000.0,0.1096987333,0.27,0.27,278710760,281112000,https://www.sec.gov/Archives/edgar/data/63754/000104746903004108/0001047469-03-004108-index.htm,https://www.sec.gov/Archives/edgar/data/63754/000104746903004108/a2102222z10-k.htm,2.523989385985672,0.2768784384212507,0.6240806777607008,0.5561069834548189,0.1698248033193982,2.125145796308689,0.3123883699359149,2.125145796308689,2.110219928358704,3313870936.4,3854679936.4,10.73575832393837,4.71079635517433,19.052023918867643,21.38077807642926,5.594910250700235,5.594910250700235,5.479577371375609,29.207209865355328,22.16122949786706,24.870025977947392,0.023286664291106,0.0467709826286643,0.992976544020692,0.3046117416247969,4.09775188100957,1.076247976354914,0.0,2.25398800036284,0.0044268471167246,0.1901022431287174,0.0,0.0,0.2616728187285094,0.1089181202497441,0.0269310539431356,0.9928724909595932,0.0,3.638565460966354,0.0555888618761565,0.0541326389600113,-3.3073803824437924,51337000.0,87066000.0,-613861000.0,946652000.0,298336500.0,175765500.0,300106500.0,38.80681713181787,37.9930840905145,61.57496093523931,2.3191801505980405,2.3688521780854783,1.4616330832049795,0.1302867967469242,0.0679736943058818,2003-01-29,0.28,bmo,625000000.0,2025-04-25,2002-11-30,0.0,11.68765625,804290.625
2002-08-31,MKC,USD,63754,2002-10-11,2002-10-11 11:39:38,2002,Q3,477319000.0,302653000.0,174666000.0,0.3659313792,0,0.0,0.0,117920000.0,2786000.0,120706000.0,423359000.0,0.0,0.0,5708000.0,59668000.0,0.125006547,53960000.0,0.1130480873,-9252000.0,44708000.0,0.0936648237,14257000.0,35177000.0,0.0736970454,0.13,0.12,279812000,285524000,https://www.sec.gov/Archives/edgar/data/63754/000091205702038312/0000912057-02-038312-index.htm,https://www.sec.gov/Archives/edgar/data/63754/000091205702038312/a2090898z10-q.htm,1.705856074793075,0.1257165525424213,0.0682601175074693,0.0086701070718911,0.0833738367189398,2.0902713250325218,0.2938544451274427,2.0902713250325218,2.5532786299372434,3237424840.0,3928533840.0,23.008107854564063,6.782518273942584,169.4986827225131,1334.4702555647157,5.535166588873331,5.535166588873331,8.230415801591807,65.83987799155327,205.6824,1619.3461830173123,0.0108657348783423,0.0007493610260925,1.2215058396294645,0.3749952760666641,11.582573573774887,0.9186966881402442,0.0,0.5429684168632913,0.0045477503656887,0.4185405236376041,0.0,0.0,0.2638364007407127,0.8729842931937173,0.0349326131999773,1.079922279792746,0.0,2.431581452343469,0.0254627771688283,0.0250810497863508,-3.2833554315040097,-58724000.0,82224000.0,-656750000.0,916460000.0,285391000.0,171004000.0,303109500.0,55.3118773817929,52.47663165407248,94.11530696870672,1.6271369597305598,1.7150491021085856,0.956273776272386,0.0601436526621563,0.0595900104355781,2002-09-25,0.13,bmo,565972961.0,2025-04-25,2002-08-31,0.0,11.51765625,723887.5
2002-05-31,MKC,USD,63754,2002-07-10,2002-07-10 14:54:47,2002,Q2,552620000.0,359925000.0,192695000.0,0.3486934964,0,0.0,0.0,135534000.0,1659000.0,137193000.0,497118000.0,0.0,0.0,17373000.0,72875000.0,0.1318718106,55502000.0,0.1004342948,-11515000.0,43987000.0,0.0795971916,13794000.0,33613000.0,0.0608247982,0.12,0.12,280108333,280108333,https://www.sec.gov/Archives/edgar/data/63754/000091205702026858/0000912057-02-026858-index.htm,https://www.sec.gov/Archives/edgar/data/63754/000091205702026858/a2084063z10-q.txt,1.972879543001672,0.1200000001428018,0.1623514713501936,0.0221771338734146,0.1433659597695724,1.936422219898756,0.2151596111208873,1.936422219898756,2.591004673895225,3677822412.29,4363426412.290001,27.35416663411478,6.655246665502516,80.87392057986631,592.0512576126852,6.780546032304096,6.780546032304096,7.895889421826936,59.87549107773586,95.95009262666024,702.4189330795236,0.0091393754868851,0.0016890429454238,1.3380370496010383,0.3922393293210197,9.407945111492282,0.8966544316323595,0.0,1.3529289263082735,0.0039890452434502,0.4364680332014399,0.0,0.0,0.2605733976687074,0.8634004749758114,0.0710506315370417,2.2600587117941635,0.0,2.2865563627316186,0.0270259971027444,0.0245679611508561,-3.265878384274987,-73627000.0,60268000.0,-669088000.0,876435000.0,273663500.0,174904000.0,285804500.0,45.18289240345988,41.39337361950407,72.4468430923109,1.9919043516813069,2.1742610502661006,1.2422901559053867,0.0619699561953363,0.140174337476779,2002-06-19,0.11,bmo,388391666.0,2025-04-25,2002-05-31,0.0909090909090908,12.94359375,659806.25
2002-02-28,MKC,USD,63754,2002-04-11,2002-04-11 00:00:00,2002,Q1,518906000.0,333655000.0,185251000.0,0.3570030025,0,0.0,0.0,132786000.0,367000.0,133153000.0,466808000.0,0.0,0.0,14906000.0,67004000.0,0.1291255064,52098000.0,0.100399687,-10016000.0,42082000.0,0.0810975398,13246000.0,33841000.0,0.0652160507,0.12,0.12,278428356,278428356,https://www.sec.gov/Archives/edgar/data/63754/000091205702014632/0000912057-02-014632-index.htm,https://www.sec.gov/Archives/edgar/data/63754/000091205702014632/a2076422z10-q.txt,1.8636966703204607,0.1215429365247554,-0.0532057877036058,-0.1818457025260746,0.223328546320907,1.7531727264158397,0.1137851059968906,1.713144475844982,2.694664475912791,3410747361.0,4098837361.0,25.19685707425904,6.572958032861443,-230.238109963548,-67.36480340107839,7.150593643865254,7.150593643865254,7.898997816560224,61.173024908960656,-276.6867396381801,-80.95509393454603,0.0099218723693677,-0.0148445471449856,1.5729347488825716,0.4125348809716911,10.26938690227449,0.871963447858332,0.0,-0.4377530214828167,0.0042618225454664,0.429538134215892,0.0,0.0,0.2509791415225836,-2.417780477926286,0.0690240621615475,2.4028579095666176,0.0,2.164477704071041,0.0259662051960038,0.0248422993716933,-3.3222532118819106,-94745000.0,31681000.0,-685313000.0,804262000.0,282697000.0,184134500.0,279991000.0,46.8109060215145,49.70466499827666,76.03476645037539,1.9226288839322103,1.8106952335987063,1.1836690530079963,0.0709472774996436,0.1286399148224687,2002-03-19,0.11,bmo,475658333.0,2025-04-25,2002-02-28,0.0909090909090908,11.471166666666669,873920.0
2001-11-30,MKC,USD,63754,2002-02-19,2002-02-19 00:00:00,2001,Q4,701946000.0,388599000.0,313347000.0,0.4463975861,0,0.0,0.0,211895000.0,11800000.0,223695000.0,612294000.0,0.0,0.0,18143000.0,108795000.0,0.1549905548,89652000.0,0.1277192263,-11700000.0,77952000.0,0.1110512774,25680000.0,59066000.0,0.0841460739,0.21,0.21,275697638,278428356,https://www.sec.gov/Archives/edgar/data/63754/000091205702006688/0000912057-02-006688-index.htm,https://www.sec.gov/Archives/edgar/data/63754/000091205702006688/a2069224z10-k.htm,2.5460718673259,0.2142419515396791,0.5889640592423211,0.4729347735652345,0.1135301710491984,1.679738728846128,-0.005440743021527,1.679738728846128,2.4117000233422385,2963749608.5,3597349608.5,12.54422852614025,4.222190323044793,18.252387104621373,22.730407237684737,6.399804812135608,6.399804812135608,5.124823858957812,33.06539462751046,22.15444159543282,27.58978739061409,0.0199294838641561,0.0439939324246729,1.435759015331462,0.3752257336343115,5.82379704949676,0.8908504974078745,0.0,2.749060373141909,0.004658288257687,0.2337385297802458,0.0,0.0,0.2621896162528216,0.1970057151303148,0.0455718815977297,1.7631593452020062,0.0,2.845537967635896,0.0473702845156549,0.0451782163071745,-3.325835530009148,-77900000.0,-1500000.0,-673100000.0,811200000.0,283452500.0,172250000.0,286594000.0,37.88752980998538,42.61462330062609,64.40829749947889,2.3754517766497463,2.111951086956522,1.3973354908306364,0.1275448067372057,0.1160292856770865,2002-01-23,0.23,bmo,638416666.0,2025-04-25,2001-11-30,0.0434782608695651,10.845625,647581.25
2001-08-31,MKC,USD,63754,2001-10-12,2001-10-12 00:00:00,2001,Q3,570710000.0,341765000.0,228945000.0,0.4011582064,0,0.0,0.0,172506000.0,0.0,172506000.0,514271000.0,0.0,0.0,18251000.0,74690000.0,0.1308720716,56439000.0,0.0988926075,-11329000.0,45110000.0,0.0790418952,14931000.0,34312000.0,0.0601216029,0.13,0.12,274496000,280097959,https://www.sec.gov/Archives/edgar/data/63754/000091205701535224/0000912057-01-535224-index.htm,https://www.sec.gov/Archives/edgar/data/63754/000091205701535224/a2060832z10-q.txt,2.079119550011658,0.125,-0.0171842212636978,-0.120923437864304,0.1170654581487526,1.549381411750991,-0.1529676206574959,1.549381411750991,2.8528284565166704,3101804800.0,3852760800.0,22.6,5.434992903576247,-657.579987280051,-93.44755822010664,7.293233231209102,7.293233231209102,6.750820556850239,51.58335520149953,-816.7820224719101,-116.07148495164644,0.0110619469026548,-0.0107011891915313,1.8412693187616245,0.4526223066865959,10.05430445842817,0.8399408668881674,0.0,-0.1374737701095826,0.0044567601417084,0.4028911168104453,0.0,0.0,0.2700902481796039,-6.03688785244859,0.0498957438979516,1.560243274341132,0.0,2.08749496299983,0.0285830461529735,0.0271707197326639,-3.357379524656097,-118123000.0,-41989000.0,-684946000.0,757851000.0,260023000.0,165215000.0,290129000.0,42.80010863661054,42.26588445276725,77.70813278129708,2.1027984009137635,2.129376947040498,1.158179932765819,0.080677358752313,0.1037392166006062,2001-09-19,0.12,bmo,515288461.0,2025-04-25,2001-08-31,0.0833333333333334,10.900169491525425,652786.4406779661
2001-05-31,MKC,USD,63754,2001-07-13,2001-07-13 00:00:00,2001,Q2,567140000.0,345627000.0,221513000.0,0.3905790457,0,0.0,0.0,171943000.0,0.0,171943000.0,517570000.0,0.0,0.0,19321000.0,68891000.0,0.121470889,49570000.0,0.087403463,-13857000.0,35713000.0,0.0629703424,11821000.0,26636000.0,0.0469654759,0.0975,0.095,273189744,280378947,https://www.sec.gov/Archives/edgar/data/63754/000091205701523699/0000912057-01-523699-index.htm,https://www.sec.gov/Archives/edgar/data/63754/000091205701523699/a2054046z10-q.txt,2.07599301385194,0.0974999998535816,0.3151216394126421,0.2035252099361387,0.1738132599882666,1.355274156997636,-0.2597718309659531,1.355274156997636,2.7725711401523183,2759216414.4,3469170414.4,25.89743593632677,4.865141613005608,32.05111530526902,49.625301962194925,7.452366702228511,7.452366702228511,6.116955979828614,50.35738216022413,40.2979557476071,62.39402914336073,0.0096534653320377,0.0201510108847662,2.0457640440030573,0.4587358325328772,10.305468058236926,0.8478082830928321,0.0,3.232016819342244,0.0049930842423593,0.5172323171647395,0.0,0.0,0.2672174773580952,0.3541376266146269,0.0537556864266318,1.5779203974949536,0.0,1.724277436333472,0.0266393871797975,0.0220145330961842,-3.310319182406789,-107968000.0,-70967000.0,-679442000.0,727905000.0,256379500.0,166086000.0,285063000.0,39.45708290721868,44.24914720204151,74.25721948806083,2.2809592947261312,2.033937503677985,1.2120033664130168,0.0719411636015956,0.1115964294765033,2001-06-20,0.09,bmo,503242105.0,2025-04-25,2001-05-31,0.1111111111111112,10.152539682539684,686095.2380952381
2001-02-28,MKC,USD,63754,2001-04-12,2001-04-12 00:00:00,2001,Q1,533504000.0,325009000.0,208495000.0,0.390803068,0,0.0,0.0,163556000.0,0.0,163556000.0,488565000.0,0.0,0.0,17285000.0,62224000.0,0.1166326775,44939000.0,0.0842336702,-13314000.0,31625000.0,0.0592779061,10468000.0,26586000.0,0.0498328035,0.0975,0.095,272676923,279852632,https://www.sec.gov/Archives/edgar/data/63754/000091205701508329/0000912057-01-508329-index.htm,https://www.sec.gov/Archives/edgar/data/63754/000091205701508329/a2045069z10-q.txt,1.956542541739038,0.097500000027505,-0.1439322388128899,-0.2214892237140288,0.1147585195539264,1.4601382310596192,-0.2761253103915948,1.414369781486789,2.8970365049923936,2677687383.86,3436350383.86,25.179487172383965,5.019057746258698,-68.2265493887431,-44.33624279923835,6.943021640123838,6.943021640123838,6.441095819075396,55.22548186969658,-87.55702050755472,-56.89792836923586,0.0099287169070779,-0.022554910765176,2.0482878967811526,0.46767085463133,12.19244985857547,0.8179134862821038,0.0,-1.4762280899721658,0.0051137410896192,0.5150455126758444,0.0,0.0,0.2802863729526394,-0.5388437332789767,0.039639815259117,1.2234885739080128,0.0,1.761469190480477,0.0233015350728049,0.021869115981334,-3.370734457055612,-133805000.0,-75293000.0,-689942000.0,721400000.0,283709000.0,173771000.0,279478000.0,44.55565469049904,44.9273097052697,78.9087071434945,2.0199456303621868,2.0032359068551915,1.140558542371454,0.0689352963445053,0.0775569849011388,2001-03-19,0.09,bmo,473115789.0,2025-04-25,2001-02-28,0.1111111111111112,9.58258064516129,672690.3225806452
2000-11-20,MKC,USD,63754,2001-02-16,2001-02-16 00:00:00,2000,Q4,679507000.0,363329000.0,316178000.0,0.4653049932,0,0.0,0.0,204560000.0,18547000.0,223107000.0,586436000.0,0.0,0.0,18547000.0,111618000.0,0.1642632085,93071000.0,0.1369684198,7854000.0,100925000.0,0.1485267996,29812000.0,57616000.0,0.0847908852,0.21,0.21,272676923,272676923,https://www.sec.gov/Archives/edgar/data/63754/000091205701006146/0000912057-01-006146-index.htm,https://www.sec.gov/Archives/edgar/data/63754/000091205701006146/a2038009z10-k.txt,2.4919857262728464,0.2112976755278993,0.5621964569403624,0.4960229069329787,0.0876495148069424,1.3176765970767537,-0.3436301061678036,1.3176765970767537,2.611515460000992,2372289230.1,3060489230.1,10.29353491261108,3.491191746516224,15.47501748294172,17.539512547503215,6.602530559699416,6.602530559699416,4.503984845042067,27.419316150620865,19.96431284230714,22.62771696289943,0.0242870891411378,0.0570141272336757,1.9819092680211523,0.4290017470931984,6.165672203408053,0.6035825545171339,0.0,2.660684532074424,0.005490898763407,0.2260830324909747,0.0,0.0,0.272908006506416,0.1177053842842046,0.0265545461636156,0.9728797110044752,0.0,2.502897330364589,0.0553595937142465,0.0477388350318999,-3.345442621119793,-407200000.0,-93700000.0,-680600000.0,418800000.0,244878000.0,163509000.0,274085000.0,40.17177159322862,45.90054743772173,67.87236911999868,2.240379162545335,1.9607609282245009,1.3260182481751823,0.1603562482605065,0.0661735500073836,2001-01-18,0.21,bmo,679500000.0,2025-04-25,2000-11-20,0.0,8.322857142857144,492634.9206349207
2000-08-31,MKC,USD,63754,2000-10-16,2000-10-16 00:00:00,2000,Q3,495866000.0,308635000.0,187231000.0,0.3775838634,0,0.0,0.0,120403000.0,14376000.0,134779000.0,443414000.0,0.0,0.0,14376000.0,66828000.0,0.1347702807,52452000.0,0.1057785773,-10469000.0,41983000.0,0.0846660186,14950000.0,31265000.0,0.0630513082,0.12,0.11,271869565,277911111,https://www.sec.gov/Archives/edgar/data/63754/000091205700044901/0000912057-00-044901-index.htm,https://www.sec.gov/Archives/edgar/data/63754/000091205700044901/a2027819z10-q.txt,1.823911403985216,0.1150000000919558,0.0389083640163988,-0.0069996801591233,0.1321295379274984,1.278182793281771,0.7744780111742188,1.278182793281771,3.090327525260137,1984647824.5,2788891824.5,15.86956520470174,4.00238738792335,187.62032751937983,-1042.9047947976878,5.711233196354521,5.711233196354521,5.62428523935902,41.732384995810136,263.65020084136887,-1465.523817393589,0.0157534246701309,-0.0009588602957703,2.4177508424484677,0.5216675907879288,12.034536421859102,0.5535454434806774,0.0,0.3383335998720614,0.0065553192054502,0.4161202622741084,0.0,0.0,0.0850286767349316,1.1799016827377575,0.0251701064400463,0.868183082915971,0.0,1.818597806075096,0.0262026616789917,0.0212167912936847,-3.4950252706661007,-414496000.0,210557000.0,-749119000.0,77293000.0,180825500.0,142611500.0,263101500.0,33.841884702722105,41.325902765402496,79.94977886500234,2.659426352597932,2.177810863828166,1.1257066783382572,0.0899714819323221,0.0459080441755221,2000-09-19,0.11,bmo,474339130.0,2025-04-25,2000-08-31,0.0,7.558253968253968,413168.253968254
2000-05-31,MKC,USD,63754,2000-07-17,2000-07-17 00:00:00,2000,Q2,485724000.0,301329000.0,184395000.0,0.3796291721,0,0.0,0.0,127799000.0,13913000.0,141712000.0,443041000.0,0.0,0.0,13913000.0,56596000.0,0.1165188461,42683000.0,0.0878750072,-6832000.0,35851000.0,0.0738094062,11649000.0,24202000.0,0.0498266505,0.0875,0.0433,276594286,558544000,https://www.sec.gov/Archives/edgar/data/63754/000091205700032146/0000912057-00-032146-index.htm,https://www.sec.gov/Archives/edgar/data/63754/000091205700032146/a10-q.txt,1.7560883379926366,0.0874999999096149,0.1471180066243306,0.1082849556769224,0.1028618501540556,1.2090596839010623,0.7099206669800836,1.2090596839010623,1.5810774919623611,2248711545.1800003,2657577545.1800003,23.228571452565905,4.629607647923513,55.26176017841345,75.07968165269942,6.724233806033748,6.724233806033748,5.471373753777867,46.956985390840345,65.30958284625972,88.73084521985912,0.0107626076149587,0.0133191827400888,1.3076918476521968,0.3658585965061988,7.224291469361792,0.9015219252534802,0.0,1.681348648871994,0.005807325545151,0.5395835054954136,0.0,0.0,0.1154999050461091,0.2639585176447458,0.0221133812617865,0.7720117875368361,0.0,1.5428338375280062,0.0330898636155814,0.022891290489171,-2.0789809446750467,-51875000.0,196360000.0,-386006000.0,442631000.0,177908500.0,142935000.0,249674500.0,32.46195370210243,42.86162301006541,75.27642543532153,2.772476383458432,2.0997804954531203,1.1955934341931411,0.0723702899655821,0.0388330509474082,2000-06-14,0.08,bmo,431733333.0,2025-04-25,2000-05-31,0.1249999999999999,8.33825396825397,674380.9523809524
2000-02-29,MKC,USD,63754,2000-04-13,2000-04-13 00:00:00,2000,Q1,462403000.0,284107000.0,178296000.0,0.3855857337,0,0.0,0.0,125938000.0,14464000.0,140402000.0,424509000.0,0.0,0.0,14464000.0,52358000.0,0.1132302342,37894000.0,0.0819501604,-3288000.0,34606000.0,0.0748394798,10189000.0,24417000.0,0.0528045882,0.0439,0.0437,556296000,558544000,https://www.sec.gov/Archives/edgar/data/63754/000091205700017921/0000912057-00-017921-index.html,https://www.sec.gov/Archives/edgar/data/63754/000091205700017921/,0.831217553245035,0.0438921006083092,-0.0046162474653781,-0.0267878970907574,0.0431586781138099,0.6352355580482333,0.3760408128046939,0.6352355580482333,0.7694518745416109,3805064640.0,4209098640.0,38.95917434574272,8.228892632617002,-1481.7229906542054,-255.33919205475777,10.767659198763932,10.767659198763932,9.102662915249253,80.39074525382941,-1639.0571028037384,-282.4519286001879,0.0064169737731446,-0.0039163592237949,1.211285899841247,0.3566148321870873,7.716757706558692,0.946936886950964,0.0,-0.1051726256296842,0.0034703746846203,0.5408117295327026,0.0,0.0,0.1201279685410669,-4.802959501557632,0.0266737023764984,0.8527378318584071,0.0,0.7920486210051387,0.0304377188838678,0.0231198383495596,-1.0134577634928168,-27065000.0,209190000.0,-363928000.0,479480000.0,197261000.0,145582500.0,240758000.0,35.15543800537626,45.09867761090012,78.34527132383222,2.560059129009755,1.9956239244196257,1.148761099160588,0.0690957866766276,0.0221716496253792,2000-03-14,0.07,bmo,359644444.0,2025-04-25,2000-02-29,0.2857142857142855,6.860952380952381,816146.0317460317
1999-11-30,MKC,USD,63754,2000-02-24,2000-02-24 00:00:00,1999,Q4,620400000.0,355100000.0,265300000.0,0.4276273372,0,0.0,0.0,167300000.0,15400000.0,182700000.0,537800000.0,0.0,0.0,15400000.0,98000000.0,0.1579626048,82600000.0,0.1331399097,-900000.0,81700000.0,0.1316892328,27700000.0,54000000.0,0.087040619,0.19,0.0971,284965517,556296000,https://www.sec.gov/Archives/edgar/data/63754/000091205700008177/0000912057-00-008177-index.html,https://www.sec.gov/Archives/edgar/data/63754/000091205700008177/,2.1771055197531144,0.189496611970774,0.5579622463583901,0.504973378936933,0.0421103582157275,1.341916748474518,0.8408034857073602,1.341916748474518,1.2001452091482352,2285423446.34,2615423446.34,10.580664103425924,3.683790210090264,14.373732366918238,15.88202533940236,5.976525748797071,5.976525748797071,4.215705103707285,26.68799435040816,16.449204065031445,18.175284547185544,0.0236280064801463,0.0629642617128345,0.8943514644351465,0.2876850605652759,3.36734693877551,1.042498937526562,0.0,2.9444444444444446,0.0054694459444783,0.2314814814814814,0.0,0.0,0.1201211305518169,0.0949685534591195,0.0243391360412637,0.9805194805194806,0.0,2.3919647240526074,0.0666766722534514,0.0516252390057361,-1.813815950229515,20000000.0,239600000.0,-315800000.0,526100000.0,198600000.0,141600000.0,252800000.0,31.02998065764023,37.71332019149536,59.35792734441003,2.900420757363254,2.3864247311827955,1.5162254483347566,0.1412133891213389,0.0529888674214571,2000-01-13,0.19,bmo,604073684.0,2025-04-25,1999-11-30,0.0,7.995625,522343.75
1999-08-31,MKC,USD,63754,1999-10-14,1999-10-14 00:00:00,1999,Q3,476800000.0,299000000.0,177800000.0,0.3729026846,0,0.0,0.0,120300000.0,13500000.0,133800000.0,432800000.0,0.0,0.0,13500000.0,57500000.0,0.1205956376,44000000.0,0.0922818792,-5700000.0,38300000.0,0.0803271812,12900000.0,25400000.0,0.0532718121,0.0897,0.0897,283164000,283164000,https://www.sec.gov/Archives/edgar/data/63754/000006375499000018/0000063754-99-000018-index.html,https://www.sec.gov/Archives/edgar/data/63754/000006375499000018/,1.6838298653783672,0.0897006681640321,0.0995889307962876,0.0568575101354692,0.0490881609244112,1.258281419954514,0.7447980675509599,1.258281419954514,1.966704807108248,2265312000.0,2808312000.0,22.296377952755908,4.751073825503355,80.33021276595744,140.70260869565217,6.357878192534381,6.357878192534381,5.88991610738255,48.84020869565217,99.58553191489362,174.42931677018635,0.011212583520504,0.0071071887669336,1.5630087005332585,0.4513331712456438,9.443478260869565,0.9486699138254028,0.0,1.1146245059288538,0.0051648514641691,0.4606299212598425,0.0,0.0,0.1178377502228705,0.4290780141843971,0.0253775167785234,0.8962962962962963,0.0,1.593595115591444,0.0319572408914285,0.0233348644924207,-2.085452246754531,-27400000.0,210900000.0,-371200000.0,482500000.0,183100000.0,140300000.0,266800000.0,34.59941275167785,40.45484949832776,81.6923076923077,2.6012002182214946,2.224702380952381,1.1016949152542372,0.0712882402469828,0.0427314206608184,1999-09-16,0.08,bmo,381439999.0,2025-04-25,1999-08-31,0.25,8.150625,353268.75
1999-05-31,MKC,USD,63754,1999-07-14,1999-07-14 00:00:00,1999,Q2,468200000.0,295500000.0,172700000.0,0.3688594618,0,0.0,0.0,122100000.0,14900000.0,137000000.0,432500000.0,0.0,0.0,14900000.0,50600000.0,0.1080734729,35700000.0,0.076249466,-19600000.0,16100000.0,0.0343870141,10300000.0,5800000.0,0.0123878684,0.02,0.02,289672000,289672000,https://www.sec.gov/Archives/edgar/data/63754/000006375499000015/0000063754-99-000015-index.html,https://www.sec.gov/Archives/edgar/data/63754/000006375499000015/,1.6163108619404016,0.0200226463034052,0.0911375624844651,0.0486757435996575,0.0466044353613742,1.2117153193957304,0.7032091468971803,1.2117153193957304,1.5534811787124747,2210197360.0,2646697360.0,95.2671275862069,4.720626569841948,83.71959696969698,156.75158581560282,6.296858575498575,6.296858575498575,5.652920461341307,52.30627193675889,100.25368787878789,187.70903262411343,0.0026242000397647,0.0063795207863247,1.2820512820512822,0.368068051693113,8.626482213438734,0.9125900644671976,0.0,4.551724137931035,0.0055198690491603,2.103448275862069,0.0,0.0,0.1204809422542123,0.4659090909090909,0.0262708244340025,0.825503355704698,0.0,0.7388432265137607,0.0142613324076484,0.0053938435785362,-2.036182302742412,-46100000.0,203700000.0,-390300000.0,467800000.0,179650000.0,143100000.0,254300000.0,35.158052114480995,44.52791878172589,79.85786802030456,2.55986878075451,2.021203830369357,1.1270022883295194,0.0165242165242165,0.0424618188848076,1999-06-16,0.06,bmo,401314285.0,2025-04-25,1999-05-31,0.1666666666666668,7.599523809523809,742514.2857142857
1999-02-28,MKC,USD,63754,1999-04-13,1999-04-13 00:00:00,1999,Q1,441543000.0,282600000.0,158943000.0,0.3599717355,0,0.0,0.0,112700000.0,13600000.0,126300000.0,408900000.0,0.0,0.0,13600000.0,46243000.0,0.1047304566,32643000.0,0.0739293795,-5243000.0,27400000.0,0.0620551113,9200000.0,18200000.0,0.0412190885,0.0637,0.0637,285792000,285792000,https://www.sec.gov/Archives/edgar/data/63754/000006375499000008/0000063754-99-000008-index.html,https://www.sec.gov/Archives/edgar/data/63754/,1.54498026536782,0.0636826783114992,0.0549350576643153,0.0206443847273541,0.0563346769678647,1.2862501399619304,0.737599372970552,1.2862501399619304,1.5353823759937295,2063418240.0,2486118240.0,28.34365714285714,4.673198850395091,131.42791337579618,349.7319050847458,5.613216104461371,5.613216104461371,5.630523505071986,53.76204485003136,158.35148025477707,421.3759728813559,0.0088203155556093,0.0028593330647304,1.1936887921653971,0.3604995070653959,9.140842938390676,0.916202229299363,0.0,0.8626373626373627,0.0059609824908788,0.6758241758241759,0.0,0.0,0.1288202431810713,0.6242038216560509,0.0221948938155513,0.7205882352941176,0.0,1.3575775162231518,0.0239427745608831,0.0171633345907204,-2.022449893628933,-42100000.0,210800000.0,-389300000.0,486900000.0,194600000.0,142950000.0,248650000.0,35.95572798119323,44.5859872611465,78.47133757961784,2.503078231292517,2.0185714285714287,1.1469155844155845,0.0495103373231773,0.0342906729369611,1999-03-16,0.06,bmo,407538461.0,2025-04-25,1999-02-28,0.0,7.431311475409836,1211390.163934426
1998-11-30,MKC,USD,63754,1999-02-24,1999-02-24 00:00:00,1998,Q4,585700000.0,342300000.0,243400000.0,0.4155711115,0,0.0,0.0,143200000.0,15200000.0,158400000.0,500700000.0,0.0,0.0,15200000.0,100200000.0,0.1710773433,85000000.0,0.1451254909,-7400000.0,77600000.0,0.1324910364,27600000.0,50000000.0,0.0853679358,0.17,0.17,285792000,285792000,https://www.sec.gov/Archives/edgar/data/63754/000104746999007167/0001047469-99-007167-index.html,https://www.sec.gov/Archives/edgar/data/63754/,2.04939256522226,0.1749524129436793,0.497564662411824,0.461524465345426,0.0619331541820624,1.3579806292688388,0.7949837644160789,1.3579806292688388,1.4486059791736647,2383505280.0,2779805280.0,11.9175264,4.069498514597917,16.761640506329112,18.0705479909022,6.141471991754703,6.141471991754703,4.74612477377497,27.74256766467066,19.548560337552743,21.075096891584533,0.0209775075472037,0.0553386649095235,1.066735377480031,0.3288062902072909,3.9550898203592815,0.9725868725868726,0.0,2.844,0.0048667817509512,0.232,0.0,0.0,0.1277896910491621,0.0724331926863572,0.0175857947754823,0.6776315789473685,0.0,2.312054222110845,0.0605372402311411,0.0455290475323256,-1.988334173104916,-14200000.0,227200000.0,-367200000.0,523700000.0,196200000.0,141950000.0,264850000.0,32.69933413010073,38.36108676599474,65.96844872918493,2.7523496240601504,2.3461274845784783,1.3642885611797528,0.1288327750579747,0.0360401970663979,1999-01-15,0.18,bmo,618238888.0,2025-04-25,1998-11-30,-0.0555555555555554,7.955625,821062.5
1998-08-31,MKC,USD,63754,1998-10-14,1998-10-14 00:00:00,1998,Q3,444800000.0,285000000.0,159800000.0,0.3592625899,0,0.0,0.0,107300000.0,13500000.0,120800000.0,405800000.0,0.0,0.0,13500000.0,52500000.0,0.1180305755,39000000.0,0.0876798561,-6600000.0,32400000.0,0.0728417266,10900000.0,21500000.0,0.0483363309,0.0739,0.0739,290796000,290796000,https://www.sec.gov/Archives/edgar/data/63754/000006375498000017/0000063754-98-000017-index.html,https://www.sec.gov/Archives/edgar/data/63754/,1.5295946299123784,0.0739349922282287,0.0914730601521341,0.0017194184239122,0.0306056479456388,1.2400445673255478,0.695676694314915,1.2400445673255478,1.7744398134774897,2114086920.0,2621186920.0,24.58240604651163,4.752893255395683,79.47695187969924,4228.17384,5.862692512479201,5.862692512479201,5.892956205035971,49.9273699047619,98.54086165413534,5242.37384,0.0101698751345569,0.0002365087240594,1.4309484193011648,0.4050553418635685,9.65904761904762,0.877583749109052,0.0,1.2372093023255817,0.0055343041429914,0.5441860465116279,0.0,0.0,0.1242640709631839,0.981203007518797,0.0586780575539568,1.933333333333333,0.0,1.4362661391876896,0.0267711075097027,0.0192721405521692,-2.1674988651838403,-68700000.0,202300000.0,-420800000.0,473900000.0,176750000.0,129950000.0,276900000.0,36.33992805755396,43.578947368421055,88.0421052631579,2.4766146993318485,2.065217391304348,1.022238163558106,0.0596228508042152,0.0897536417282218,1998-09-17,0.08,bmo,476571428.0,2025-04-25,1998-08-31,-0.1249999999999999,7.968125,1188550.0
1998-05-31,MKC,USD,63754,1998-07-01,1998-07-01 00:00:00,1998,Q2,435500000.0,281100000.0,154400000.0,0.3545350172,0,0.0,0.0,110200000.0,13100000.0,123300000.0,404400000.0,0.0,0.0,13100000.0,44200000.0,0.1014925373,31100000.0,0.0714121699,-7000000.0,24100000.0,0.0553386912,8000000.0,16100000.0,0.0369690011,0.0548,0.0548,293616000,293616000,https://www.sec.gov/Archives/edgar/data/63754/000006375498000012/0000063754-98-000012-index.html,https://www.sec.gov/Archives/edgar/data/63754/,1.483229796741322,0.0548335240586344,0.0149855593700615,-0.0316740232139937,0.043253773636314,1.2686638330336222,0.7540461010299166,1.2686638330336222,1.67123045065664,2448757440.0,2926757440.0,38.02418385093168,5.62286438576349,556.5357818181818,-263.3072516129032,6.5738454765100665,6.5738454765100665,6.720453363949483,66.21623167420815,665.1721454545454,-314.70510107526883,0.0065747630765748,-0.0037978445100711,1.3173154362416108,0.3919329073482428,10.81447963800905,0.9157261098570354,0.0,0.2732919254658385,0.0048187704536387,0.7329192546583851,0.0,0.0,0.1206869009584664,3.113636363636364,0.0314580941446613,1.045801526717557,0.0,1.251087306404629,0.0218216033480914,0.0146243982196384,-2.0396538335785515,-44800000.0,221400000.0,-392700000.0,486300000.0,172550000.0,125450000.0,271550000.0,35.93800229621125,39.02881536819637,88.04695837780149,2.50431282346176,2.305988515176374,1.022181818181818,0.0432214765100671,0.0466595825840553,1998-06-16,0.06,bmo,435500000.0,2025-04-25,1998-05-31,0.0,8.381904761904762,725015.873015873
1998-02-28,MKC,USD,63754,1998-04-14,1998-04-14 00:00:00,1998,Q1,415200000.0,269000000.0,146200000.0,0.3521194605,0,0.0,0.0,103100000.0,13000000.0,116100000.0,385100000.0,0.0,0.0,13000000.0,43100000.0,0.103805395,30100000.0,0.072495183,-5600000.0,24500000.0,0.0590077071,8300000.0,16200000.0,0.039017341,0.0551,0.0551,293868000,293868000,https://www.sec.gov/Archives/edgar/data/63754/000006375498000007/0000063754-98-000007-index.html,https://www.sec.gov/Archives/edgar/data/63754/,1.4128792519090203,0.0551267916207276,-0.0993643404521758,-0.1456436223066138,0.0285842623218587,1.2856112268093158,0.759184395715083,1.2856112268093158,1.5670300951447589,2107033560.0,2559133560.0,32.515950000000004,5.074743641618497,-72.15868356164384,-49.22975607476636,5.577113710958178,5.577113710958178,6.163616473988439,59.37664872389792,-87.6415602739726,-59.79284018691589,0.0076885343961963,-0.0203129180343952,1.2188988883006882,0.3721212121212121,10.489559164733178,0.936769078295342,0.0,-1.8024691358024687,0.0056002904861183,0.7283950617283951,0.0,0.0,0.125010101010101,-0.4657534246575342,0.0327552986512524,1.0461538461538462,0.0,1.2627792758933238,0.0214701803051317,0.0149612116734392,-2.003790817646018,-31900000.0,223100000.0,-387100000.0,503000000.0,194200000.0,139650000.0,260100000.0,37.10982658959538,43.15985130111524,89.69888475836431,2.425233644859813,2.085271317829457,1.0033569563595672,0.0428798305982001,0.046279281854438,1998-03-17,0.06,bmo,415200000.0,2025-04-25,1998-02-28,0.0,7.441967213114753,1446616.3934426229
1997-11-30,MKC,USD,63754,1998-02-24,1998-02-24 00:00:00,1997,Q4,557000000.0,326100000.0,230900000.0,0.4145421903,0,0.0,0.0,141100000.0,11900000.0,153000000.0,479100000.0,0.0,0.0,11900000.0,89800000.0,0.1612208259,77900000.0,0.1398563734,-3700000.0,74200000.0,0.1332136445,26000000.0,48200000.0,0.086535009,0.16,0.16,293868000,293868000,https://www.sec.gov/Archives/edgar/data/63754/000104746998007373/0001047469-98-007373-index.html,https://www.sec.gov/Archives/edgar/data/63754/,1.89540882300897,0.164019219513523,0.4903562143547443,0.4665359957531953,0.045938993017273,1.3376754188955586,0.8000190561748812,1.3376754188955586,1.3536689942423128,1977731640.0,2362031640.0,10.25794419087137,3.5506851705565534,13.724716446911868,14.425467833698033,5.031115848384635,5.031115848384635,4.24063131059246,26.30324766146993,16.391614434420543,17.228531291028446,0.0243713550540153,0.0693218418652593,1.011956245230221,0.3166693201719471,4.279510022271715,1.016659975913288,0.0,2.989626556016597,0.0056630534565346,0.2323651452282157,0.0,0.0,0.1257761502945391,0.0485773768216516,0.0125673249551166,0.5882352941176471,0.0,2.221846250040195,0.0575497600854391,0.0438900018211619,-1.907829365565492,8300000.0,235100000.0,-356600000.0,546300000.0,203400000.0,138700000.0,257150000.0,35.0951526032316,41.48114075436983,69.57681692732291,2.5644567219152856,2.1696606786427144,1.2935343117810392,0.1226151106588654,0.0238202186015489,1998-01-14,0.16,bmo,539593750.0,2025-04-25,1997-11-30,0.0,6.52171875,921206.25
1997-08-31,MKC,USD,63754,1997-10-14,1997-10-14 00:00:00,1997,Q3,422900000.0,271500000.0,151400000.0,0.3580042563,0,0.0,0.0,106200000.0,12800000.0,119000000.0,390500000.0,0.0,0.0,12800000.0,45200000.0,0.1068810594,32400000.0,0.0766138567,-2300000.0,30100000.0,0.0711752187,10900000.0,20200000.0,0.0477654292,0.0677,0.0677,298372000,298372000,https://www.sec.gov/Archives/edgar/data/63754/000006375497000026/0000063754-97-000026-index.html,https://www.sec.gov/Archives/edgar/data/63754/,1.4173581971498663,0.0677007225879103,-0.0013406083680774,-0.0345206654779939,0.0355261217540519,1.2538039762444195,0.7279503438660464,1.2538039762444195,1.675760460096792,1763378520.0,2252778520.0,21.823991584158417,4.169729297706313,-4408.4463,-171.20179805825242,4.713655493183641,4.713655493183641,5.326976873965476,49.84023274336283,-5631.9463,-218.71636116504857,0.0114552830097987,-0.0058410601485607,1.3365410318096766,0.3919416790781532,10.827433628318584,0.9438680992960355,0.0,-0.0198019801980198,0.0064081533668675,0.5594059405940595,0.0,0.0,0.1229912988947244,-24.75,0.0234097895483565,0.7734375,0.0,1.3819831009984187,0.0215259969113128,0.0180550589917769,-2.070234472403577,-30300000.0,217200000.0,-392100000.0,510500000.0,185250000.0,128050000.0,257800000.0,40.3499645306219,42.13259668508287,86.9171270718232,2.2304852320675104,2.136113296616837,1.0354691075514877,0.0539962576851109,0.0331800571099164,1997-09-17,0.07,bmo,422900000.0,2025-04-25,1997-08-31,0.0,6.1709375,1104306.25
1997-05-31,MKC,USD,63754,1997-07-14,1997-07-14 00:00:00,1997,Q2,413700000.0,267500000.0,146200000.0,0.3533961808,0,0.0,0.0,105700000.0,11800000.0,117500000.0,385000000.0,0.0,0.0,11800000.0,40500000.0,0.0978970268,28700000.0,0.0693739425,-6000000.0,22700000.0,0.0548706792,7900000.0,14800000.0,0.035774716,0.0492,0.0492,300860000,300860000,https://www.sec.gov/Archives/edgar/data/63754/000006375497000024/0000063754-97-000024-index.html,https://www.sec.gov/Archives/edgar/data/63754/,1.3750581665891113,0.0491923153626271,0.1349464867380176,0.0967227281792195,0.0365618560127634,1.270690686698132,0.7372199694209931,1.270690686698132,1.548228411885927,1964615800.0,2419415800.0,33.186077702702704,4.748890016920474,48.38955172413793,67.5125704467354,5.138937483651583,5.138937483651583,5.8482373700749335,59.73866172839506,59.59152216748768,83.14143642611684,0.0075332795348586,0.0148120563827288,1.2184148574417997,0.3669739226345229,11.22962962962963,0.9430754536771728,0.0,2.743243243243243,0.005802661263337,0.7702702702702703,0.0,0.0,0.1264476483100921,0.2832512315270936,0.0277979211989364,0.9745762711864406,0.0,1.1859320731977756,0.0200384389303145,0.0133477633477633,-2.0395698996210863,-29800000.0,221800000.0,-393300000.0,519100000.0,188500000.0,125850000.0,251550000.0,39.35460478607686,43.401869158878505,85.25607476635514,2.286898839137645,2.0736434108527133,1.0556432517758485,0.0387130525765105,0.0382237585587981,1997-06-16,0.05,bmo,413700000.0,2025-04-25,1997-05-31,0.0,6.26546875,1070093.75
1997-02-28,MKC,USD,63754,1997-04-11,1997-04-11 00:00:00,1997,Q1,407400000.0,257900000.0,149500000.0,0.3669612175,0,0.0,0.0,108000000.0,12800000.0,120800000.0,378700000.0,0.0,0.0,12800000.0,41500000.0,0.1018654885,28700000.0,0.0704467354,-5600000.0,23100000.0,0.0567010309,7900000.0,15200000.0,0.0373097693,0.05,0.05,303924000,303924000,https://www.sec.gov/Archives/edgar/data/63754/000006375497000015/0000063754-97-000015-index.html,https://www.sec.gov/Archives/edgar/data/63754/,1.3404666956212736,0.0500125031257814,-0.0101999184006527,-0.0611995104039167,0.0773219620694647,1.3164475329358656,0.7834195390953002,1.3164475329358656,1.5615746041773602,1796190840.0,2247290840.0,29.5426125,4.408912223858616,-579.4164000000001,-96.5694,4.489354761309673,4.489354761309673,5.516177810505646,54.151586506024096,-724.9325290322581,-120.822088172043,0.0084623524747515,-0.0103552471072617,1.1862034491377156,0.3650488423967387,10.86987951807229,0.9782114437286852,0.0,-0.2039473684210526,0.0064581110991524,0.7631578947368421,0.0,0.0,0.1246057995538804,-5.0,0.0380461462935689,1.2109375,0.0,1.2171170108117588,0.0196614768192071,0.013355592654424,-1.9892308603466653,-11500000.0,238100000.0,-383700000.0,545300000.0,206800000.0,138150000.0,247400000.0,43.32106038291605,42.81892206281505,87.13842574641335,2.077511473737889,2.101874490627547,1.0328394072887466,0.0379905023744064,0.0509995920032639,1997-03-18,0.05,bmo,366659999.0,2025-04-25,1997-02-28,0.0,6.1286885245901646,1000780.3278688524
1996-11-30,MKC,USD,63754,1997-02-25,1997-02-25 00:00:00,1996,Q4,537400000.0,307300000.0,230100000.0,0.4281726833,0,0.0,0.0,140500000.0,15700000.0,156200000.0,463500000.0,0.0,0.0,15700000.0,89600000.0,0.1667286937,73900000.0,0.1375139561,-4300000.0,69600000.0,0.1295124674,23700000.0,45900000.0,0.0854112393,0.15,0.15,303924000,303924000,https://www.sec.gov/Archives/edgar/data/63754/000006375497000007/0000063754-97-000007-index.html,https://www.sec.gov/Archives/edgar/data/63754/,1.7682052091970362,0.1510245982548268,0.3806872770824285,0.3389005146023348,0.0737026361853621,1.4806333162237928,0.9374054039825744,1.4806333162237928,1.316776562561693,1872171840.0,2249971840.0,10.197014379084967,3.48375854112393,16.181260501296457,18.17642563106796,4.1603818666666665,4.1603818666666665,4.186773055452177,25.111292857142857,19.44660190146932,21.844386796116503,0.0245169802361731,0.0550163173055738,0.8893333333333333,0.3016734509271823,4.216517857142857,1.0702984177848989,0.0,2.520697167755991,0.0059823568332274,0.2440087145969499,0.0,0.0,0.1244534901251319,0.1097666378565255,0.0236323036844064,0.8089171974522293,0.0,2.2430495233658423,0.0520514534466185,0.0395178648299612,-1.8706156802358485,35100000.0,284900000.0,-342200000.0,600600000.0,206200000.0,136250000.0,254900000.0,36.42538146631932,44.985356329319885,71.78327367393426,2.470804597701149,2.0006510416666665,1.2537739698082415,0.102,0.0417867624800937,1997-01-14,0.15,bmo,537400000.0,2025-04-25,1996-11-30,-0.0666666666666665,5.9471875,1007143.75
1996-08-31,MKC,USD,63754,1996-10-15,1996-10-15 00:00:00,1996,Q3,405500000.0,254000000.0,151500000.0,0.3736128237,0,0.0,0.0,103200000.0,15100000.0,118300000.0,372300000.0,0.0,0.0,15100000.0,48300000.0,0.1191122072,33200000.0,0.0818742293,-64700000.0,-31500000.0,-0.0776818742,-9900000.0,-24300000.0,-0.0599260173,-0.0764,-0.0764,317916000,317916000,https://www.sec.gov/Archives/edgar/data/63754/000006375496000032/0000063754-96-000032-index.html,https://www.sec.gov/Archives/edgar/data/63754/,1.275494155688924,-0.0764352847922092,0.0333421406912517,-0.0355439801708627,0.1154392984310321,1.4598195749820708,0.9559128826482468,1.4598195749820708,1.4066608789743202,1630909080.0,2041409080.0,-16.7789,4.021970604192355,153.85934716981131,-144.32823716814158,3.514132902391726,3.514132902391726,5.034301060419235,42.2651983436853,192.58576226415093,-180.6556707964602,-0.0148996656515027,-0.0069286511054313,0.9635854341736696,0.3336317517159057,8.49896480331263,1.0662852633655553,0.0,-0.6424242424242425,0.0069286511054313,-0.4650205761316872,0.0,0.0,0.1195165622202327,2.0660377358490565,0.0540073982737361,1.4503311258278146,0.0,,0.0229724664840709,-0.0205897305541433,-1.7648529800324615,33600000.0,303900000.0,-335800000.0,594100000.0,190100000.0,126500000.0,309000000.0,43.25770653514179,42.129921259842526,93.79133858267716,2.0805541303232427,2.136248948696384,0.9595768794862108,-0.0523594053005817,0.0688861208621145,1996-09-24,0.07,bmo,,2025-04-25,1996-08-31,0.0,5.2803125,1275756.25
1996-05-31,MKC,USD,63754,1996-07-12,1996-07-12 00:00:00,1996,Q2,393800000.0,256400000.0,137400000.0,0.3489080752,0,0.0,0.0,98600000.0,16900000.0,115500000.0,371900000.0,0.0,0.0,16900000.0,38800000.0,0.0985271712,21900000.0,0.0556119858,-7800000.0,14100000.0,0.0358049771,4700000.0,11000000.0,0.0279329609,0.0338,0.0338,325260000,325260000,https://www.sec.gov/Archives/edgar/data/63754/000006375496000026/0000063754-96-000026-index.html,https://www.sec.gov/Archives/edgar/data/63754/,1.2107237287093402,0.0338190985673,0.1678657074340527,0.1106806862202545,0.0639488409272582,1.563057246510484,1.023488901186743,1.563057246510484,1.9433683822173031,1850729400.0,2462029400.0,42.06203181818182,4.699668359573388,33.896142857142856,51.40915,3.640301730920535,3.640301730920535,6.251979177247334,63.45436597938144,45.09211355311355,68.38970555555555,0.0059436025601581,0.0194517901968812,1.2433123524783636,0.4074909747292419,15.755154639175258,1.029486099410278,0.0,5.009174311926605,0.0061597335623457,1.0363636363636364,0.0,0.0,0.1131382155750386,0.3406593406593406,0.0472320975114271,1.1005917159763314,0.0,1.090585489283893,0.0116613418530351,0.0079959293450606,-2.171724159134231,17500000.0,332900000.0,-431800000.0,721400000.0,193600000.0,133500000.0,360900000.0,42.348908075165056,47.07098283931357,124.0132605304212,2.1252023745277926,1.9120059656972408,0.7257288423436173,0.0216365066876475,0.0571850212137981,1996-06-18,0.04921,bmo,,2025-04-25,1996-05-31,-0.1871570818939239,5.551746031746031,1104419.0476190476
1996-02-29,MKC,USD,63754,1996-04-12,1996-04-12 00:00:00,1996,Q1,431800000.0,272700000.0,159100000.0,0.3684576193,0,0.0,0.0,117900000.0,16100000.0,134000000.0,406700000.0,0.0,0.0,16100000.0,41200000.0,0.0954145438,25100000.0,0.0581287633,-10700000.0,14400000.0,0.0333487726,5000000.0,9400000.0,0.0217693377,0.0289,0.0289,325260000,325260000,https://www.sec.gov/Archives/edgar/data/63754/000006375496000017/0000063754-96-000017-index.html,https://www.sec.gov/Archives/edgar/data/63754/,1.327553341941831,0.0288999569575109,0.0639488409272582,-0.0021521244542827,0.0688679825370472,1.586423169156982,1.0397835577691692,1.586423169156982,2.0454405706204266,1860487200.0,2503387200.0,49.481042553191486,4.308678091709124,89.4465,-2657.8388571428573,3.605595348837209,3.605595348837209,5.797561834182492,60.76182524271845,120.35515384615384,-3576.2674285714284,0.0050524400275368,-0.0003762455339655,1.289341085271318,0.4190866141732283,15.604368932038836,1.0384800384800386,0.0,2.2127659574468086,0.0061274272674383,1.2127659574468086,0.0,0.0,0.112,1.0336538461538465,0.0497915701713756,1.3354037267080745,0.0,1.0156624091514286,0.0127676476445275,0.0066680854082428,-2.193399126852364,24000000.0,338200000.0,-423800000.0,729700000.0,212950000.0,134800000.0,375850000.0,42.08198239925891,43.86138613861386,121.61716171617162,2.1386825160970777,2.051918735891648,0.7400271370420625,0.0182170542635658,0.0661009653815409,1996-03-18,0.04882,bmo,,2025-04-25,1996-02-29,-0.3854977468250717,5.6565079365079365,1427047.619047619
1995-11-30,MKC,USD,63754,1996-02-23,1996-02-23 00:00:00,1995,Q4,556300000.0,327900000.0,228400000.0,0.4105698364,0,0.0,0.0,136700000.0,18000000.0,154700000.0,482600000.0,0.0,0.0,18000000.0,91700000.0,0.1648391156,73700000.0,0.1324824735,-10700000.0,63000000.0,0.1132482473,22800000.0,42300000.0,0.0760381089,0.13,0.13,324872000,325260000,https://www.sec.gov/Archives/edgar/data/63754/000006375496000009/0000063754-96-000009-index.html,https://www.sec.gov/Archives/edgar/data/63754/,1.712366716737669,0.1302051269423034,0.3016572680932798,0.2296288999975375,0.0384766923588367,1.5984757073555125,1.0419488290772982,1.5984757073555125,2.0204880691472336,1919993520.0,2563893520.0,11.347479432624114,3.4513635088980767,19.5917706122449,25.73717855227882,3.697272328134027,3.697272328134027,4.608832500449398,27.959580370774265,26.162178775510203,34.36854584450402,0.0220313243557197,0.0388542977999217,1.2640092432120162,0.4066158706560119,7.021810250817884,1.0367908486628536,0.0,2.316784869976359,0.0054687684570935,0.2482269503546099,0.0,0.0,0.1119990088583286,0.2387755102040816,0.0420636347294625,1.3,0.0,2.1640053093244216,0.0368930878227183,0.0295081967213114,-2.2251840724962446,23800000.0,338500000.0,-424300000.0,729400000.0,207950000.0,138400000.0,395400000.0,36.23943915153694,37.52058554437328,105.17840805123512,2.483482142857143,2.398683247988296,0.8556889352818372,0.0814558058925476,0.0720283680957423,1996-01-15,0.14,bmo,,2025-04-25,1995-11-30,-0.0714285714285714,6.067460317460317,1164926.984126984
1995-08-31,MKC,USD,63754,1995-10-16,1995-10-16 00:00:00,1995,Q3,432000000.0,274400000.0,157600000.0,0.3648148148,0,0.0,0.0,99900000.0,14000000.0,113900000.0,388300000.0,0.0,0.0,14000000.0,57700000.0,0.1335648148,43700000.0,0.1011574074,-13700000.0,30000000.0,0.0694444444,10100000.0,19900000.0,0.0460648148,0.0613,0.0613,324700000,324700000,https://www.sec.gov/Archives/edgar/data/63754/000006375495000043/0000063754-95-000043-index.html,https://www.sec.gov/Archives/edgar/data/63754/,1.3304588851247303,0.0612873421619956,0.0209424083769633,-0.050816137973514,0.0939328611025562,1.495842315983985,0.929473360024638,1.495842315983985,2.3045888512473054,1795591000.0,2513391000.0,22.557675879396985,4.1564606481481485,264.0575,-108.82369696969695,3.6969137327568458,3.6969137327568458,5.818034722222222,43.55963604852686,369.6163235294118,-152.32672727272728,0.011082702018444,-0.0091891750404184,1.540662960675314,0.4504032743469363,12.440207972270365,0.9896041013956138,0.0,0.3417085427135678,0.0059033488138445,0.5326633165829145,0.0,0.0,0.1106897797038642,3.426470588235294,0.0539351851851851,1.6642857142857144,0.0,1.4362153377548603,0.0213521410331958,0.0134686971235194,-2.456036341238066,-7300000.0,301800000.0,-480800000.0,690600000.0,196500000.0,140350000.0,398500000.0,39.97916666666666,45.951166180758015,133.68804664723032,2.25117248566962,1.958600999286224,0.6732090284592738,0.0409717932880378,0.0717585463504773,1995-09-19,0.08,bmo,,2025-04-25,1995-08-31,-0.25,5.591428571428572,853479.3650793651
1995-05-31,MKC,USD,63754,1995-07-14,1995-07-14 00:00:00,1995,Q2,445000000.0,278100000.0,166900000.0,0.3750561798,0,0.0,0.0,111600000.0,15600000.0,127200000.0,405300000.0,0.0,0.0,15600000.0,55300000.0,0.1242696629,39700000.0,0.0892134831,-14900000.0,24800000.0,0.0557303371,8800000.0,16000000.0,0.0359550562,0.0493,0.0493,324644000,324644000,https://www.sec.gov/Archives/edgar/data/63754/000006375495000039/0000063754-95-000039-index.html,https://www.sec.gov/Archives/edgar/data/63754/,1.370732248247311,0.0492847549931617,0.1503185027291433,0.0930249750495927,0.0572935276795505,1.4717659959832925,0.8979066300316655,1.4717659959832925,2.191015389164747,1704381000.0,2397081000.0,26.630953125,3.830069662921349,34.92584016393443,56.436456953642384,3.567143156132273,3.567143156132273,5.386698876404495,43.34685352622061,49.120512295081966,79.37354304635761,0.0093875723796498,0.0177190428665891,1.488698200083717,0.4351257111396586,12.52622061482821,0.9876306876748638,0.0,3.031055900621118,0.006219266701518,0.6625,0.0,0.0,0.1139658652963846,0.3811475409836065,0.0417977528089887,1.1923076923076923,0.0,1.2775177480897566,0.0196433033405985,0.0110466721900027,-2.4419826024814872,-8400000.0,291500000.0,-486200000.0,690700000.0,193250000.0,127100000.0,395600000.0,40.67191011235956,45.50161812297735,126.01941747572816,2.2128294380905023,1.977951635846373,0.714175654853621,0.0334868145667643,0.0572935276795505,1995-06-19,0.05,bmo,,2025-04-25,1995-05-31,0.0,5.386984126984127,1495384.126984127
1995-02-28,MKC,USD,63754,1995-04-14,1995-04-14 00:00:00,1995,Q1,425400000.0,267500000.0,157900000.0,0.3711800658,0,0.0,0.0,97900000.0,16100000.0,114000000.0,381500000.0,0.0,0.0,16100000.0,60000000.0,0.1410437236,43900000.0,0.1031969911,-12600000.0,31300000.0,0.0735778091,12000000.0,19300000.0,0.0453690644,0.0594,0.0594,324764000,324764000,https://www.sec.gov/Archives/edgar/data/63754/000006375495000021/0000063754-95-000021-index.html,https://www.sec.gov/Archives/edgar/data/63754/,1.3098742471456195,0.0594277690877067,-0.2900567796923304,-0.3417866512298161,0.0354103287310169,1.462600534542006,0.8858740500794423,1.462600534542006,2.2437831779384414,1795944920.0,2513144920.0,23.263535233160624,4.221779313587212,-19.06523269639066,-16.179683963963964,3.7809366736842094,3.7809366736842094,5.9077219558063,41.885748666666665,-26.678820806794057,-22.640945225225224,0.0107464320230934,-0.0618059043815219,1.5341052631578946,0.4499814746202297,11.953333333333331,0.9848870267843782,0.0,-4.880829015544041,0.0058465044685223,0.5440414507772021,0.0,0.0,0.1156601210324811,-0.1783439490445859,0.0394922425952045,1.0434782608695652,0.0,1.3984560964764583,0.0206399764189724,0.0134767125200754,-2.441619144979123,-10100000.0,287700000.0,-486200000.0,682700000.0,197100000.0,120900000.0,388150000.0,39.22425952045134,38.22056074766356,135.18504672897197,2.294498381877023,2.3547535211267605,0.665754106520657,0.0406315789473684,0.0517298715374856,1995-03-14,0.06,bmo,,2025-04-25,1995-02-28,0.0,5.383809523809524,1388050.7936507936
1994-11-30,MKC,USD,63754,1995-02-21,1995-02-21 00:00:00,1994,Q4,508600000.0,294900000.0,213700000.0,0.420173024,0,0.0,0.0,121300000.0,18000000.0,139300000.0,434200000.0,0.0,0.0,18000000.0,92400000.0,0.1816751868,74400000.0,0.1462839166,-87800000.0,-13400000.0,-0.0263468344,-2700000.0,-2800000.0,-0.0055053087,-0.0086,-0.0086,324764000,324764000,https://www.sec.gov/Archives/edgar/data/63754/000006375495000006/0000063754-95-000006-index.html,https://www.sec.gov/Archives/edgar/data/63754/,1.5660602776169772,-0.0086216452562476,0.2900567796923304,0.220159869936323,0.0480348807133795,1.5087879198433325,0.9046569201019816,1.5087879198433325,1.866894113879617,1542629000.0,2133329000.0,-137.73473214285713,3.0330888714117186,16.376104033970275,21.57523076923077,3.148222448979592,3.148222448979592,4.194512386944553,23.08797619047619,22.64680467091295,29.83676923076923,-0.0018150832118416,0.0463494463023837,1.2373469387755105,0.3864983744501817,6.392857142857143,1.0947070572569906,0.0,-33.642857142857146,0.0063527912414456,-3.5,0.0,0.0,0.1250717154331612,0.2409766454352441,0.04463232402674,1.261111111111111,0.0,,0.0495115886522881,-0.0020400728597449,-2.214685125198606,56900000.0,293800000.0,-421000000.0,757700000.0,204650000.0,121050000.0,370450000.0,36.948486040110105,39.12512716174975,114.29298067141404,2.435823754789272,2.300312012480499,0.7874499332443258,-0.0057142857142857,0.0698969097560074,1995-01-16,0.13,bmo,,2025-04-25,1994-11-30,0.0769230769230769,4.827142857142857,858914.2857142857
1994-08-31,MKC,USD,63754,1994-10-13,1994-10-13 00:00:00,1994,Q3,422200000.0,247200000.0,175000000.0,0.4144954998,0,0.0,0.0,107600000.0,16900000.0,124500000.0,371700000.0,0.0,0.0,16900000.0,67400000.0,0.1596399811,50500000.0,0.1196115585,-9100000.0,41400000.0,0.0980577925,15000000.0,26400000.0,0.0625296068,0.0812,0.0812,325168000,325168000,https://www.sec.gov/Archives/edgar/data/63754/000006375494000026/0000063754-94-000026-index.html,https://www.sec.gov/Archives/edgar/data/63754/,1.2984057471829946,0.0811888008660138,-0.0608916006495104,-0.1319318014072725,0.0433622004625301,1.5229050829109876,0.916449343108793,1.5229050829109876,2.001119421345274,1606329920.0000002,2242929920.0,15.211457575757576,3.80466584557082,-81.12777373737374,-37.44358787878789,3.243800323101777,3.243800323101777,5.312482046423496,33.27789198813056,-113.27928888888889,-52.28274871794872,0.0164349799323914,-0.0267068423901361,1.3140145395799676,0.4316990645525111,9.445103857566766,1.0698503207412686,0.0,-0.7471698113207547,0.0061008637627816,0.3712121212121212,0.0,0.0,0.1308299608571618,-1.1666666666666667,0.0547134059687351,1.366863905325444,0.0,1.667922013785945,0.0259387020142767,0.0201511335012594,-2.043328371795502,39200000.0,298000000.0,-411700000.0,734400000.0,184850000.0,105650000.0,352650000.0,42.74040738986263,41.46844660194175,133.3980582524272,2.10573566084788,2.170324846356453,0.6746724890829694,0.0533117932148626,0.0710402007577621,1994-09-20,0.08,bmo,,2025-04-25,1994-08-31,0.0,4.91734375,1401412.5
1994-05-31,MKC,USD,63754,1994-07-14,1994-07-14 00:00:00,1994,Q2,396300000.0,240200000.0,156100000.0,0.393893515,0,0.0,0.0,104000000.0,14500000.0,118500000.0,358700000.0,0.0,0.0,14500000.0,52100000.0,0.1314660611,37600000.0,0.094877618,-7800000.0,29800000.0,0.0751955589,10700000.0,19100000.0,0.0481958113,0.0587,0.0587,325412000,325412000,https://www.sec.gov/Archives/edgar/data/63754/000006375494000016/0000063754-94-000016-index.html,https://www.sec.gov/Archives/edgar/data/63754/,1.2178407680110137,0.0586948237926075,0.0989514830430346,0.035647118114882,0.0586948237926075,1.4839649429031505,1.032537214362101,1.4839649429031505,1.673570734945239,1692142400.0,2217642400.0,22.148460732984297,4.269852132223063,52.55100621118012,145.8743448275862,3.504125905984676,3.504125905984676,5.5958677769366645,42.565113243762,68.87088198757763,191.17606896551723,0.0112874661139629,0.0068552150220927,1.1277697245806586,0.3975762885092714,10.08637236084453,1.2334612779408445,0.0,1.6858638743455496,0.0057323780788188,0.5078534031413613,0.0,0.0,0.1072419331289239,0.639751552795031,0.0519808226091344,1.4206896551724135,0.0,1.3999192365480997,0.0213023325899941,0.0156186114972606,-1.7560815212714955,103400000.0,336000000.0,-340600000.0,735800000.0,164600000.0,96500000.0,335000000.0,38.42543527630584,36.494587843463776,126.98168193172356,2.342198581560284,2.46611909650924,0.7087636470935379,0.0395527024228618,0.0633043649281526,1994-06-14,0.06,bmo,,2025-04-25,1994-05-31,0.0,5.249677419354839,1248658.064516129
1994-02-28,MKC,USD,63754,1994-04-08,1994-04-08 00:00:00,1994,Q1,367700000.0,221900000.0,145800000.0,0.3965189013,0,0.0,0.0,96500000.0,13100000.0,109600000.0,331500000.0,0.0,0.0,13100000.0,49300000.0,0.134076693,36200000.0,0.0984498232,-7100000.0,29100000.0,0.0791406038,10800000.0,18300000.0,0.0497688333,0.0562,0.0562,325484000,325484000,https://www.sec.gov/Archives/edgar/data/63754/000006375494000010/0000063754-94-000010-index.html,https://www.sec.gov/Archives/edgar/data/63754/,1.12970222806651,0.0562239618537316,-0.1047670546017623,-0.1702080593823352,0.0559167270895036,1.466738764424672,1.054122476066412,1.466738764424672,1.6446276929127084,1751103920.0,2268203920.0,23.922184699453556,4.762316888768018,-51.3520211143695,-31.608374007220217,3.66800150816925,3.66800150816925,6.168626380201251,46.00819310344828,-66.51624398826979,-40.94230902527076,0.0104505505304333,-0.0316371857587983,1.121281943862589,0.3930826846820385,10.488843813387424,1.250817375058384,0.0,-1.8633879781420768,0.0055393628494646,0.5300546448087432,0.0,0.0,0.09861947422529,-0.624633431085044,0.0579276584171879,1.6259541984732824,0.0,1.362160764248865,0.0202301150391968,0.0149083503054989,-1.7839586584901257,107400000.0,343100000.0,-348800000.0,715900000.0,167550000.0,104750000.0,326200000.0,39.16236062007071,38.774222622803066,134.2902208201893,2.298125,2.321129707112971,0.6701902748414377,0.0383326351068286,0.0654410047805729,1994-03-14,0.06,bmo,,2025-04-25,1994-02-28,0.0,5.698571428571428,1164082.5396825396
1993-11-30,MKC,USD,63754,1994-02-22,1994-02-22 00:00:00,1993,Q4,460800000.0,254900000.0,205900000.0,0.4468315972,0,0.0,0.0,125000000.0,13200000.0,138200000.0,393100000.0,0.0,0.0,13200000.0,80900000.0,0.1755642361,67700000.0,0.1469184028,-4700000.0,63000000.0,0.13671875,24100000.0,12300000.0,0.0266927083,0.038,0.038,323984000,323984000,https://www.sec.gov/Archives/edgar/data/63754/000006375494000009/0000063754-94-000009-index.html,https://www.sec.gov/Archives/edgar/data/63754/,1.4222924588868586,0.0379648377697664,0.3527951997629512,0.2935330139759988,0.0395081238579682,1.4408118919452813,1.0377055657069485,1.4408118919452813,1.4090201985283224,1882347040.0,2326047040.0,38.259086178861786,4.0849545138888885,16.468478040244968,19.793344269190325,4.032448671808055,4.032448671808055,5.0478451388888885,28.752126576019776,20.350367804024497,24.45895941114616,0.0065343954853298,0.0505220333865746,0.9779348757497858,0.3476241242765763,5.484548825710754,1.3749045558666326,0.0,2.938303341902313,0.0047281398227183,0.7235772357723578,0.0,0.0,0.0994517209869022,0.1679790026246719,0.0416666666666666,1.4545454545454546,0.0,1.1093936492630505,0.0405687727989746,0.0104008117706747,-1.6717646550446936,147300000.0,336200000.0,-306200000.0,743500000.0,177950000.0,64050000.0,315400000.0,34.19921875,40.21577089054532,113.44448803452336,2.631639063392347,2.237928007023705,0.7933395580454404,0.0263496143958868,0.0592621857869524,1994-01-10,0.13,bmo,,2025-04-25,1993-11-30,0.0,5.83421875,1125762.5
1993-08-31,MKC,USD,63754,1993-08-31,1993-08-30 20:00:00,1993,Q3,394900000.0,226900000.0,168000000.0,0.425424158,0,0.0,0.0,106500000.0,12800000.0,119300000.0,346200000.0,0.0,0.0,12300000.0,61500000.0,0.1557356293,48700000.0,0.1233223601,-6400000.0,42300000.0,0.1071157255,17400000.0,24900000.0,0.0630539377,0.0769,0.0769,323984000,323984000,,,1.21888735246185,0.0768556471924539,-0.0250012346288705,0.1537112943849079,0.0336436367228011,1.4519235517803348,1.0509778260654847,1.4482196651686503,1.5664353795249149,1791631520.0,2288231520.0,17.98826827309237,4.536924588503418,-221.1890765432099,35.97653654618474,3.8184815004262576,3.8184815004262576,5.794458141301595,37.20701658536586,-282.4977185185185,45.94842409638554,0.0138979470510766,0.0277958941021533,1.0816283034953111,0.3937466056327101,8.07479674796748,1.2451314508276534,0.0,-0.3253012048192771,0.0050233543558108,0.3614457831325301,0.0,0.0,0.1007836139343626,-7.148148148148148,0.1466193973157761,4.7073170731707314,0.0,1.5825096656816826,0.0274328955851912,0.0214840379637618,-1.5965294582448517,100700000.0,340500000.0,-307000000.0,691000000.0,167750000.0,53200000.0,296550000.0,41.20536844770828,5.632437197003085,122.76333186425738,2.184181415929204,15.97887323943662,0.7331179321486269,0.0530690537084398,0.1787125290137784,1993-09-14,0.08,bmo,,2025-04-25,1993-08-31,0.0,5.4925,1118518.75
1993-05-31,MKC,USD,63754,1993-05-31,1993-05-30 20:00:00,1993,Q2,361300000.0,216400000.0,144900000.0,0.4010517575,0,0.0,0.0,99400000.0,12500000.0,111900000.0,328300000.0,0.0,0.0,13000000.0,46000000.0,0.1273180183,33000000.0,0.0913368392,-8100000.0,24900000.0,0.0689177968,9600000.0,18100000.0,0.0500968724,0.0559,0.0559,323680000,323680000,,,1.116225902125556,0.055919426594167,0.1050420168067226,-0.1850593178447849,0.0182278793870489,1.4146688086999506,0.999752842313396,1.4109614434008897,1.4943771626297575,2003579200.0,2481379200.0,27.673745856353595,5.545472460559093,58.9288,-33.448734557596,4.387079483249399,4.387079483249399,6.86791918073623,53.94302608695652,72.98174117647059,-41.42536227045075,0.0090338330523694,-0.0298964972285597,1.0591197722793957,0.3925499107287778,10.38695652173913,0.8983216237314599,0.0,1.8784530386740328,0.0044420505064137,0.4917127071823204,0.0,0.0,0.1089920467456581,2.761764705882353,0.2598948242457791,7.223076923076923,0.0,1.332386387044975,0.0200922596450009,0.0164860187630931,-1.577406697973307,-52100000.0,323600000.0,-314000000.0,539300000.0,147450000.0,86050000.0,280650000.0,38.53584278992527,38.34565619223659,117.94824399260628,2.3354880413703945,2.3470715835141,0.763046544428773,0.0396321436391504,0.2901013346515076,1993-06-14,0.06,bmo,,2025-04-25,1993-05-31,0.0,5.913174603174602,1186387.3015873015
1993-02-28,MKC,USD,63754,1993-02-28,1993-02-27 19:00:00,1993,Q1,339600000.0,204700000.0,134900000.0,0.3972320377,0,0.0,0.0,91800000.0,12000000.0,103800000.0,308500000.0,0.0,0.0,12000000.0,43100000.0,0.1269140165,31100000.0,0.0915783274,-6700000.0,24400000.0,0.0718492344,9400000.0,17800000.0,0.0524146054,0.0551,0.0551,322952000,322952000,,,1.0515494562659466,0.0551165498278381,-0.1845475488617503,-0.2492630483787064,0.0173400381480839,1.3763655280041616,1.3763655280041616,1.3726498055438578,1.4187866927592956,2099188000.0,2551788000.0,29.482977528089886,6.181354534746761,-35.22127516778524,-26.07686956521739,4.735366568914956,4.735366568914956,7.514098939929329,59.2062180974478,-42.81523489932886,-31.6992298136646,0.0084794692042827,-0.0383481612890317,1.033611549740582,0.3874841437632135,10.501160092807424,0.9483857264231096,0.0,-3.348314606741573,0.0041920971347016,0.4943820224719101,0.0,0.0,0.0,-0.3506711409395973,0.0615429917550058,1.7416666666666667,0.0,1.3047044613923815,0.0196878307682178,0.0150528541226215,-1.5122990413436053,-24300000.0,444500000.0,-291500000.0,405600000.0,149100000.0,94200000.0,279950000.0,37.15547703180212,35.12945774303859,122.09574987787003,2.4222539229671898,2.561952440550688,0.7371263953907093,0.0401533949921046,0.064715499516956,1993-03-16,0.06,bmo,,2025-04-25,1993-02-28,0.0,6.364193548387097,2176006.4516129037
1992-11-30,MKC,USD,63754,1992-11-30,1992-11-29 19:00:00,1992,Q4,452200000.0,249200000.0,203000000.0,0.4489164087,0,0.0,0.0,129400000.0,12200000.0,141600000.0,390800000.0,0.0,0.0,12200000.0,73600000.0,0.1627598408,61400000.0,0.135780628,-8800000.0,52600000.0,0.1163202123,20100000.0,35000000.0,0.0773993808,0.11,0.11,320820000,320820000,,,1.4095131226232778,0.1090954429274982,0.4195499033726076,0.4912411944392494,0.0056106227791284,1.3649398416557572,1.0918895330715044,1.3649398416557572,1.0837853001683186,2287446600.0,2633346600.0,16.338904285714285,5.058484298982751,16.99440267459138,14.514255076142131,5.223673441424983,5.223673441424983,5.8234113224237065,35.77916576086957,19.564239227340263,16.709052030456853,0.0153009036363952,0.0688977832313112,0.7940168988353505,0.307454239985852,4.699728260869565,1.11558627264061,0.0,3.8457142857142856,0.0034973494026046,0.2285714285714285,0.0,0.0,0.0774604297462198,0.1708766716196136,0.0508624502432552,1.8852459016393444,0.0,1.8304223893362823,0.0442210774652225,0.033547397680437,-1.3453026619288075,48500000.0,350300000.0,-224900000.0,554600000.0,155700000.0,97700000.0,292100000.0,31.44626271561256,39.18539325842696,101.91813804173354,2.8620253164556964,2.296774193548387,0.8830616583982991,0.0799269239552409,0.0716912910666417,1992-11-29,,bmo,,2025-04-25,1992-11-30,,6.99796875,600943.75
1992-08-31,MKC,USD,63754,1992-08-31,1992-08-30 20:00:00,1992,Q3,360300000.0,208400000.0,151900000.0,0.4215931168,0,0.0,0.0,98700000.0,10500000.0,109200000.0,317600000.0,0.0,0.0,10700000.0,53400000.0,0.1482098251,42700000.0,0.1185123508,-7600000.0,35100000.0,0.0974188177,13500000.0,24000000.0,0.0666111574,0.0748,0.0748,320820000,320820000,,,1.123059659622218,0.0748083037217131,-0.0364690480643351,-0.0931986783866342,0.0146499594788354,1.3169378467676578,0.9983791534193628,1.3169378467676578,1.380524904931114,2046831600.0,2485031600.0,21.3211625,5.680909242298085,-174.9428717948718,-68.45590635451505,4.844571834319527,4.844571834319527,6.897117957257841,46.5361722846442,-212.39586324786325,-83.11142474916387,0.0117254394548139,-0.014607943320789,1.048284023668639,0.3866096368715084,8.205992509363297,1.0310094567846932,0.0,-0.4895397489539749,0.0039084798182713,0.3333333333333333,0.0,0.0,0.0892108938547486,-1.5555555555555556,0.0505134610047182,1.7009345794392523,0.0,1.4888426527109273,0.0281639046912358,0.0230017251293847,-1.4099806745215386,14100000.0,320300000.0,-254300000.0,532500000.0,144800000.0,84100000.0,289150000.0,38.3180682764363,37.52879078694818,130.42226487523993,2.348761408083442,2.398158803222094,0.6900662251655629,0.0568047337278106,0.0567296303222991,1993-01-28,0.11,bmo,,2025-04-25,1992-08-31,0.0,6.386875,497537.5
1992-05-31,MKC,USD,63754,1992-05-31,1992-05-30 20:00:00,1992,Q2,336600000.0,198000000.0,138600000.0,0.4117647059,0,0.0,0.0,95800000.0,10500000.0,106300000.0,304300000.0,0.0,0.0,10800000.0,43100000.0,0.1280451575,32300000.0,0.095959596,-5500000.0,26800000.0,0.0796197267,10300000.0,18900000.0,0.0561497326,0.059,0.059,320456000,320456000,,,1.0503782110492548,0.0589784557006266,0.0798861622188381,-0.1045385325910577,0.0377586938612477,1.2557106123773625,0.9530169508450458,1.2557106123773625,1.3128167361509848,2022077360.0,2430677360.0,26.747055026455023,6.007359952465834,78.987396875,-60.36051820895522,5.025043141153081,5.025043141153081,7.221263695781343,56.39622645011601,94.948334375,-72.55753313432835,0.0093468234073893,-0.0165671208543673,1.0454771371769385,0.3845521023765996,9.480278422273782,1.061903596770247,0.0,1.3544973544973544,0.0035606946313864,0.3809523809523809,0.0,0.0,0.0886654478976234,2.30859375,0.1755793226381461,5.472222222222222,0.0,1.2908706892289257,0.0220884083414981,0.0189568706118355,-1.3705469705669422,25300000.0,305400000.0,-257600000.0,529300000.0,132650000.0,78050000.0,275900000.0,36.41711229946524,36.95454545454545,125.5909090909091,2.47136563876652,2.4354243542435423,0.7166123778501629,0.0469681908548707,0.1844246948098959,1992-05-30,,bmo,,2025-04-25,1992-05-31,,5.7739682539682535,720444.4444444445
1992-02-29,MKC,USD,63754,1992-02-29,1992-02-28 19:00:00,1992,Q1,322300000.0,188600000.0,133700000.0,0.4148309029,0,0.0,0.0,92900000.0,10100000.0,103000000.0,291600000.0,0.0,0.0,10100000.0,40800000.0,0.1265901334,30700000.0,0.09525287,-6900000.0,23800000.0,0.0738442445,9100000.0,17400000.0,0.0539869687,0.0542,0.0542,321180000,321180000,,,1.0034871411669468,0.054175228843639,-0.0971417896506631,-0.1749797621271561,0.021483280403512,1.2429167445046392,0.9521140793324616,1.2429167445046392,1.2681362475870228,2116576200.0,2516976200.0,30.41057758620689,6.567099596649085,-67.83898076923077,-37.66149822064057,5.302044589178356,5.302044589178356,7.809420415761712,61.6905931372549,-80.6723141025641,-44.78605338078292,0.0082208238002487,-0.0265523159525274,1.0202905811623246,0.3787427933792077,9.81372549019608,1.0902370634718328,0.0,-1.793103448275862,0.0034017201932063,0.4137931034482758,0.0,0.0,0.0868514041286963,-0.8012820512820513,0.0775674837108284,2.4752475247524752,0.0,1.2308713291853128,0.0214766844556375,0.0177189409368635,-1.3535245033937355,35400000.0,305800000.0,-248500000.0,536600000.0,139400000.0,84900000.0,272050000.0,36.050263729444616,35.694591728525985,131.46871686108165,2.4965143299767623,2.521390374331551,0.6845735027223231,0.0435871743486974,0.0778379724764929,1992-02-28,,bmo,,2025-04-25,1992-02-29,,6.542539682539682,942000.0
1991-11-30,MKC,USD,63754,1991-11-30,1991-11-29 19:00:00,1991,Q4,429900000.0,236200000.0,193700000.0,0.4505699,0,0.0,0.0,127700000.0,11000000.0,138700000.0,374900000.0,0.0,0.0,11000000.0,66000000.0,0.1535240754,55000000.0,0.1279367295,-8700000.0,46300000.0,0.107699465,16300000.0,30000000.0,0.0697836706,0.0939,0.0939,318728000,319552000,,,1.348798975929319,0.0941241434702944,0.2497427273411812,0.1891895283752918,0.0188248286940588,1.2211038879546197,0.9989709093647248,1.2211038879546197,1.0039908636831405,1644636480.0,1958636480.0,13.705304,3.8256256803907887,20.66126231155779,27.2742368159204,4.225684686536485,4.225684686536485,4.556028099558037,29.676310303030306,24.60598592964824,32.48153366500829,0.0182411130756384,0.0366646372820332,0.8221993833504625,0.3100775193798449,4.757575757575758,1.2359800111049415,0.0,2.6533333333333333,0.0036482226151276,0.2,0.0,0.0,0.0686046511627907,0.2424623115577889,0.0448941614328913,1.7545454545454546,0.0,1.608118635143078,0.0454439543841848,0.031210986267166,-1.2243197961898546,85000000.0,318400000.0,-197600000.0,534300000.0,144700000.0,87550000.0,263700000.0,31.33984647592463,36.19813717188823,102.3454699407282,2.871743486973948,2.486315789473684,0.8793745346239762,0.0770811921891058,0.0605531989658894,1991-11-29,,bmo,,2025-04-25,1991-11-30,,5.3740625,1015325.0
1991-08-31,MKC,USD,63754,1991-08-31,1991-08-30 20:00:00,1991,Q3,341800000.0,205100000.0,136700000.0,0.3999414862,0,0.0,0.0,89500000.0,10500000.0,100000000.0,305100000.0,0.0,0.0,10500000.0,47200000.0,0.1380924517,36700000.0,0.1073727326,-4700000.0,32000000.0,0.0936220012,11200000.0,20800000.0,0.0608543008,0.0651,0.0651,319552000,319552000,,,1.069622471460044,0.06509112757861,-0.0203409773683156,-0.0794862807931103,0.02409623472862,1.1775861205687963,0.9575906268776286,1.1775861205687963,1.128141898658121,1799077760.0,2151877760.0,21.62353076923077,5.263539379754242,-276.7811938461538,-70.82983307086614,4.780966675524847,4.780966675524847,6.295721942656524,45.590630508474575,-331.0581169230769,-84.7195968503937,0.0115614791436252,-0.0141183447234654,0.958012224289131,0.3610054075705988,7.47457627118644,1.21023228462217,0.0,-0.3125,0.0033350420606611,0.2884615384615384,0.0,0.0,0.0703985579811736,-2.907692307692308,0.0552954944411936,1.8,0.0,1.3132532844797078,0.029674088817017,0.0224065496068081,-1.190494817744843,71500000.0,306000000.0,-210700000.0,519100000.0,132350000.0,75750000.0,243650000.0,36.78466939730836,35.14870794734276,113.56411506582154,2.446671438797423,2.560549313358302,0.7925038639876353,0.0552750465054477,0.0591453034247947,1991-08-30,,bmo,,2025-04-25,1991-08-31,,5.294375,848950.0
1991-05-31,MKC,USD,63754,1991-05-31,1991-05-30 20:00:00,1991,Q2,332600000.0,205700000.0,126900000.0,0.3815393867,0,0.0,0.0,91000000.0,9700000.0,100700000.0,306400000.0,0.0,0.0,9700000.0,35900000.0,0.1079374624,26200000.0,0.0787733013,-4000000.0,22200000.0,0.0667468431,7300000.0,14900000.0,0.0447985568,0.0466,0.0466,319544000,319544000,,,1.040858222967729,0.0466289462484039,0.1142252710111909,0.0522619733119695,0.0215932704103347,1.1356808452044165,0.9122374383496482,1.1356808452044165,1.026775655308815,1489075040.0,1810275040.0,24.984480536912752,4.477074684305472,40.79657643835617,89.16617005988024,4.103265472581978,4.103265472581978,5.442799278412507,50.42548857938719,49.596576438356166,108.39970299401196,0.0100062116412884,0.0112150157321823,0.9041058142739048,0.3509090909090909,8.947075208913649,1.2442722371967656,0.0,2.449664429530201,0.0034921007070268,0.348993288590604,0.0,0.0,0.0763636363636363,0.5424657534246575,0.0595309681298857,2.0412371134020617,0.0,1.0915589880732608,0.0231621241895214,0.0172533580361278,-1.117842926169792,72500000.0,291500000.0,-202800000.0,512000000.0,125700000.0,70750000.0,235700000.0,33.82441371016236,31.239669421487605,99.97569275644142,2.6608,2.880952380952381,0.900218818380744,0.0410581427390465,0.0619632976992213,1991-05-30,,bmo,,2025-04-25,1991-05-31,,4.81109375,963137.5
1991-02-28,MKC,USD,63754,1991-02-28,1991-02-27 19:00:00,1991,Q1,323600000.0,199000000.0,124600000.0,0.3850432633,0,0.0,0.0,87600000.0,9300000.0,96900000.0,295900000.0,0.0,0.0,9300000.0,37000000.0,0.1143386897,27700000.0,0.0855995056,-4400000.0,23300000.0,0.0720024722,8100000.0,15200000.0,0.0469715698,0.0476,0.0476,319464000,319464000,,,1.012946685698545,0.0475796959907845,-0.1101845591365537,-0.1577642551273383,0.0071995592617634,1.1622592843012045,0.9265519745573836,1.1622592843012045,0.9857135702301356,1376889839.9999998,1689489839.9999998,22.646214473684207,4.254912978986402,-39.11618863636363,-27.319242857142857,3.7082947481820634,3.7082947481820634,5.220920395550061,45.66188756756756,-47.99687045454544,-33.5216238095238,0.0110393726196715,-0.0366042355283847,0.8481012658227848,0.3352496539976578,8.448648648648648,1.3226027397260274,0.0,-2.3157894736842106,0.0037766274751508,0.3421052631578947,0.0,0.0,0.0801660811242414,-0.4318181818181818,0.0469715698393077,1.6344086021505375,0.0,1.1154589758095803,0.0240233797741218,0.0175925925925925,-1.0938634713144515,94200000.0,296000000.0,-181800000.0,529100000.0,135350000.0,83050000.0,240850000.0,35.15451174289246,31.7035175879397,109.85427135678393,2.560126582278481,2.838801711840228,0.8192671881432688,0.040937247508753,0.0475796959907845,1991-02-27,,bmo,,2025-04-25,1991-02-28,,3.884426229508197,1657534.426229508
1990-11-30,MKC,USD,63754,1990-11-30,1990-11-29 19:00:00,1990,Q4,399200000.0,225600000.0,173600000.0,0.4348697395,0,0.0,0.0,115500000.0,9700000.0,125200000.0,350800000.0,0.0,0.0,9700000.0,58100000.0,0.1455410822,48400000.0,0.121242485,-7800000.0,40600000.0,0.1017034068,15100000.0,25500000.0,0.0638777555,0.0792,0.0792,319464000,321856000,,,1.2495930683895524,0.0798212005108556,0.2629404252122305,0.2454110635314151,0.0165902887336288,1.1406606065159142,0.9027621265619912,1.1406606065159142,0.8570605764655799,920056320.0,1188556320.0,9.02016,2.3047503006012025,10.953051428571428,11.73541224489796,2.52485268935236,2.52485268935236,2.977345490981964,20.457079518072288,14.14948,15.160157142857145,0.0277156946218248,0.0852121748372969,0.7513721185510428,0.289154081740416,4.621342512908778,1.336711343576332,0.0,3.294117647058824,0.005217071928814,0.188235294117647,0.0,0.0,0.0802619072763755,0.0666666666666666,0.0140280561122244,0.5773195876288659,0.0,1.431293200996803,0.0432233965282598,0.0292800551153978,-1.0942547517091128,103000000.0,288400000.0,-173600000.0,533000000.0,138700000.0,84950000.0,232300000.0,32.532565130260515,38.297872340425535,95.26595744680851,2.7664587664587663,2.35,0.9447236180904522,0.0699780461031833,0.0175293616808153,1990-11-29,,bmo,,2025-04-25,1990-11-30,,2.85734375,692575.0
1990-08-31,MKC,USD,63754,1990-08-31,1990-08-30 20:00:00,1990,Q3,321500000.0,196700000.0,124800000.0,0.3881804044,0,0.0,0.0,80600000.0,8900000.0,89500000.0,286200000.0,0.0,0.0,8900000.0,44200000.0,0.1374805599,35300000.0,0.1097978227,-6900000.0,28400000.0,0.0883359253,10500000.0,17900000.0,0.0556765163,0.0556,0.0556,321856000,321856000,,,0.9988939152913104,0.0556149333863591,0.018641877112746,-0.0764316961622589,0.0233023463909325,1.0628976933784051,0.8342240007953867,1.0628976933784051,1.0041757804732552,804640000.0,1120340000.0,11.237988826815643,2.502768273716952,134.10666666666663,-32.708943089430896,2.3520608009353987,2.3520608009353987,3.484727838258165,25.34705882352941,186.72333333333333,-45.54227642276423,0.0222459733545436,-0.0305726784649035,0.9447529961999416,0.3568116582026937,7.142533936651584,1.4109353507565336,0.0,0.3351955307262569,0.0060896798568303,0.2737430167597765,0.0,0.0,0.081254139986752,5.1,0.0951788491446345,3.438202247191011,0.0,1.1532745333655303,0.0306797347793323,0.0215092525835135,-1.067169790216743,119500000.0,268500000.0,-153400000.0,538500000.0,123300000.0,72250000.0,219100000.0,37.2597200622084,33.81291306558211,103.31469242501272,2.4154770848985727,2.6617050067659,0.8711248892825509,0.0523238819058754,0.0950735732750049,1990-08-30,,bmo,,2025-04-25,1990-08-31,,2.831269841269841,601853.9682539683
1990-05-31,MKC,USD,63754,1990-05-31,1990-05-30 20:00:00,1990,Q2,301700000.0,190800000.0,110900000.0,0.3675836924,0,0.0,0.0,80500000.0,9300000.0,89800000.0,280600000.0,0.0,0.0,9300000.0,30400000.0,0.1007623467,21100000.0,0.0699370235,1800000.0,22900000.0,0.0759032151,6800000.0,16100000.0,0.0533642691,0.0476,0.0476,338136000,338136000,,,0.8922445406581967,0.047613977807746,0.0958194336006813,0.0529372796744505,0.0269122483261173,0.9815577164217948,0.8123950126576289,0.9815577164217948,0.8387157829985568,983975760.0,1258475760.0,15.279126708074534,3.261437719588996,30.369622222222223,54.97071284916201,2.964675384151853,2.964675384151853,4.171281935697713,41.39722894736842,38.84184444444445,70.30590837988827,0.0163621916865106,0.0181915050427665,0.8544742392286834,0.3355418835778514,9.029605263157896,1.5604486913169922,0.0,2.012422360248447,0.0044716548708476,0.2732919254658385,0.0,0.0,0.0676762896355892,0.4475308641975308,0.0480609877361617,1.5591397849462365,0.0,1.025454540606948,0.0219185842443763,0.0204314720812182,-0.925293373080654,134900000.0,274700000.0,-137700000.0,527000000.0,117450000.0,67400000.0,209950000.0,33.85813722240636,33.301886792452834,100.188679245283,2.658149779735683,2.702549575070821,0.8983050847457628,0.0485085869237722,0.0428821539262308,1990-05-30,,bmo,,2025-04-25,1990-05-31,,2.907936507936508,864393.6507936508
1990-02-28,MKC,USD,63754,1990-02-28,1990-02-27 19:00:00,1990,Q1,300500000.0,188500000.0,112000000.0,0.3727121464,0,0.0,0.0,81100000.0,8700000.0,89800000.0,278300000.0,0.0,0.0,8700000.0,30900000.0,0.102828619,22200000.0,0.0738768719,-6100000.0,16100000.0,0.053577371,6200000.0,9900000.0,0.0329450915,0.0297,0.0297,333088000,333088000,,,0.9021639926986262,0.0297218753002209,-0.1507109232395042,-0.1738279373618983,0.0063046402151983,0.994932270150831,0.8175016812373908,0.994932270150831,0.8442213469113268,886014080.0,1165114080.0,22.37409292929293,2.94846615640599,-17.649682868525897,-15.302488428324695,2.673548823174412,2.673548823174412,3.877251514143095,37.7059572815534,-23.2094438247012,-20.122868393782383,0.0111736373309101,-0.0653488486322926,0.8485214242607121,0.3393676080135168,9.032362459546926,1.7142857142857142,0.0,-5.070707070707071,0.0051917910830491,0.4646464646464646,0.0,0.0,0.0713251267197682,-0.1533864541832669,0.0256239600665557,0.8850574712643678,0.0,0.8156918471308554,0.0201906991229383,0.0128654970760233,-0.9015635507733692,157500000.0,272300000.0,-119200000.0,546000000.0,119850000.0,70000000.0,212600000.0,36.359400998336106,30.652519893899203,99.07161803713528,2.4752883031301485,2.9361370716510904,0.908433734939759,0.0298732649366324,0.023117014122394,1990-02-27,,bmo,,2025-04-25,1990-02-28,,2.682857142857143,1703923.8095238097
1989-11-30,MKC,USD,63754,1989-11-30,1989-11-29 19:00:00,1989,Q4,361600000.0,0.0,0.0,0.0,0,0.0,0.0,0.0,361600000.0,361600000.0,361600000.0,0.0,0.0,0.0,-782500000.0,-2.1639933628,-782500000.0,-2.1639933628,782500000.0,0.0,0.0,0.0,0.0,0.0,0.58,0.58,331664000,331664000,,,1.0902600221911332,0.0,,,0.1555791403347966,1.0438274880602054,0.8695547300882821,1.0438274880602054,0.7869410005306575,1038108320.0,1247508320.0,0.0,2.870874778761062,0.0,0.0,2.998579780473715,2.998579780473715,3.449967699115044,-1.5942598338658147,0.0,0.0,0.0,,0.7538994800693241,0.3019086176980914,-0.2676038338658147,1.741948634325316,0.0,0.0,0.0035942492012779,0.0,0.0,0.0,0.0668594563331405,0.0,,0.0,,0.0,,0.0,-0.8114386849341503,182000000.0,288400000.0,-91000000.0,569900000.0,,,,29.44413716814159,0.0,0.0,3.0566356720202874,0.0,0.0,0.0,,1989-11-29,,bmo,,2025-04-25,1989-11-30,,,
1989-08-31,MKC,USD,63754,1989-08-31,1989-08-30 20:00:00,1989,Q3,314900000.0,0.0,0.0,0.0,0,0.0,0.0,0.0,314900000.0,314900000.0,314900000.0,0.0,0.0,0.0,314900000.0,1.0,314900000.0,1.0,-314900000.0,0.0,0.0,0.0,0.0,0.0,0.0063,0.0063,331664000,331664000,,,0.9494548699889044,0.0,,,,,,,,835793280.0,,0.0,2.654154588758336,0.0,0.0,0.0,0.0,,,0.0,0.0,0.0,,0.0,0.0,,0.0,0.0,0.0,0.0044642857142857,0.0,0.0,0.0,0.0,0.0,,0.0,,,0.0,0.0,,,,,,,,,,0.0,0.0,0.0,0.0,0.0,0.0,,1989-08-30,,bmo,,2025-04-25,1989-08-31,,,
1989-05-31,MKC,USD,63754,1989-05-31,1989-05-30 20:00:00,1989,Q2,291700000.0,0.0,0.0,0.0,0,0.0,0.0,0.0,291700000.0,291700000.0,291700000.0,0.0,0.0,0.0,291700000.0,1.0,291700000.0,1.0,-291700000.0,0.0,0.0,0.0,0.0,0.0,0.0031,0.0031,331664000,331664000,,,0.8795045588306237,0.0,,,,,,,,683227840.0,,0.0,2.3422277682550567,0.0,0.0,0.0,0.0,,,0.0,0.0,0.0,,0.0,0.0,,0.0,0.0,0.0,0.0048543689320388,0.0,0.0,0.0,0.0,0.0,,0.0,,,0.0,0.0,,,,,,,,,,0.0,0.0,0.0,0.0,0.0,0.0,,1989-05-30,,bmo,,2025-04-25,1989-05-31,,,
1989-02-28,MKC,USD,63754,1989-02-28,1989-02-27 19:00:00,1989,Q1,277900000.0,0.0,0.0,0.0,0,0.0,0.0,0.0,277900000.0,277900000.0,277900000.0,0.0,0.0,0.0,277900000.0,1.0,277900000.0,1.0,-277900000.0,0.0,0.0,0.0,0.0,0.0,0.0028,0.0028,331664000,331664000,,,0.8378961840899223,0.0,,,,,,,,550562240.0,,0.0,1.9811523569629363,0.0,0.0,0.0,0.0,,,0.0,0.0,0.0,,0.0,0.0,,0.0,0.0,0.0,0.0060240963855421,0.0,0.0,0.0,0.0,0.0,,0.0,,,0.0,0.0,,,,,,,,,,0.0,0.0,0.0,0.0,0.0,0.0,,1989-02-27,,bmo,,2025-04-25,1989-02-28,,,
1988-11-30,MKC,USD,63754,1988-11-30,1988-11-29 19:00:00,1988,Q4,349300000.0,0.0,0.0,0.0,0,0.0,0.0,0.0,349300000.0,349300000.0,349300000.0,0.0,0.0,0.0,-756300000.0,-2.1651875179,-756300000.0,-2.1651875179,756300000.0,0.0,0.0,0.0,0.0,0.0,0.085,0.085,360448000,374432000,,,0.9690718217329546,0.0,,,0.0313498757102272,0.8156516335227273,0.6355979225852273,0.8156516335227273,0.6569602272727273,619970560.0,845470560.0,0.0,1.7748942456341257,0.0,0.0,2.108743401360544,2.108743401360544,2.4204711136558834,-1.1179036890122966,0.0,0.0,0.0,,0.8054421768707483,0.3074526097117632,-0.2981621049847944,1.3948791922106023,0.0,0.0,0.0050872093023255,0.0,0.0,0.0,0.0842638275772526,0.0,,0.0,,0.0,,0.0,-0.7244456898082386,109500000.0,229100000.0,-89400000.0,402800000.0,,,,32.07844259948468,0.0,0.0,2.805622489959839,0.0,0.0,0.0,,1988-11-29,,bmo,,2025-04-25,1988-11-30,,,
1988-08-31,MKC,USD,63754,1988-08-31,1988-08-30 20:00:00,1988,Q3,285300000.0,0.0,0.0,0.0,0,0.0,0.0,0.0,285300000.0,285300000.0,285300000.0,0.0,0.0,0.0,285300000.0,1.0,285300000.0,1.0,-285300000.0,0.0,0.0,0.0,0.0,0.0,0.0041,0.0041,374432000,374432000,,,0.7619541064866251,0.0,,,,,,,,591602560.0,,0.0,2.073615702769015,0.0,0.0,0.0,0.0,,,0.0,0.0,0.0,,0.0,0.0,,0.0,0.0,0.0,0.0055379746835443,0.0,0.0,0.0,0.0,0.0,,0.0,,,0.0,0.0,,,,,,,,,,0.0,0.0,0.0,0.0,0.0,0.0,,1988-08-30,,bmo,,2025-04-25,1988-08-31,,,
1988-05-31,MKC,USD,63754,1988-05-31,1988-05-30 20:00:00,1988,Q2,277200000.0,0.0,0.0,0.0,0,0.0,0.0,0.0,277200000.0,277200000.0,277200000.0,0.0,0.0,0.0,277200000.0,1.0,277200000.0,1.0,-277200000.0,0.0,0.0,0.0,0.0,0.0,0.0013,0.0013,374432000,374432000,,,0.7403213400564055,0.0,,,,,,,,569136640.0,,0.0,2.053162481962482,0.0,0.0,0.0,0.0,,,0.0,0.0,0.0,,0.0,0.0,,0.0,0.0,0.0,0.0051398026315789,0.0,0.0,0.0,0.0,0.0,,0.0,,,0.0,0.0,,,,,,,,,,0.0,0.0,0.0,0.0,0.0,0.0,,1988-05-30,,bmo,,2025-04-25,1988-05-31,,,
1988-02-29,MKC,USD,63754,1988-02-29,1988-02-28 19:00:00,1988,Q1,272100000.0,0.0,0.0,0.0,0,0.0,0.0,0.0,272100000.0,272100000.0,272100000.0,0.0,0.0,0.0,272100000.0,1.0,272100000.0,1.0,-272100000.0,0.0,0.0,0.0,0.0,0.0,0.0008,0.0008,373344000,373344000,,,0.7288184623296478,0.0,,,,,,,,477880320.0,,0.0,1.7562672546857774,0.0,0.0,0.0,0.0,,,0.0,0.0,0.0,,0.0,0.0,,0.0,0.0,0.0,0.006103515625,0.0,0.0,0.0,0.0,0.0,,0.0,,,0.0,0.0,,,,,,,,,,0.0,0.0,0.0,0.0,0.0,0.0,,1988-02-28,,bmo,,2025-04-25,1988-02-29,,,
1987-11-30,MKC,USD,63754,1987-11-30,1987-11-29 19:00:00,1987,Q4,324500000.0,0.0,0.0,0.0,0,0.0,0.0,0.0,324500000.0,324500000.0,324500000.0,0.0,0.0,0.0,-690900000.0,-2.1291217257,-690900000.0,-2.1291217257,690900000.0,0.0,0.0,0.0,0.0,0.0,0.08,0.08,373344000,384448000,,,0.8691715950972829,0.0,,,0.0198208622610782,0.7507821205108426,0.5895367275220708,0.7507821205108426,0.5774835004714151,399478080.0,607678080.0,0.0,1.2310572573189522,0.0,0.0,1.425180449518373,1.425180449518373,1.872659722650231,-0.8795456361267912,0.0,0.0,0.0,,0.7691758829825187,0.3002785515320334,-0.3013460703430308,1.3480176211453745,0.0,0.0,0.0073014018691588,0.0,0.0,0.0,0.0838440111420612,0.0,,0.0,,0.0,,0.0,-0.6317230221993657,94800000.0,220100000.0,-70500000.0,353500000.0,,,,31.45146379044684,0.0,0.0,2.861552028218695,0.0,0.0,0.0,,1987-11-29,,bmo,,2025-04-25,1987-11-30,,,
1987-08-31,MKC,USD,63754,1987-08-31,1987-08-30 20:00:00,1987,Q3,261200000.0,0.0,0.0,0.0,0,0.0,0.0,0.0,261200000.0,261200000.0,261200000.0,0.0,0.0,0.0,261200000.0,1.0,261200000.0,1.0,-261200000.0,0.0,0.0,0.0,0.0,0.0,0.0008,0.0008,384448000,384448000,,,0.6794156817046779,0.0,,,,,,,,592049920.0,,0.0,2.266653598774885,0.0,0.0,0.0,0.0,,,0.0,0.0,0.0,,0.0,0.0,,0.0,0.0,0.0,0.0050730519480519,0.0,0.0,0.0,0.0,0.0,,0.0,,,0.0,0.0,,,,,,,,,,0.0,0.0,0.0,0.0,0.0,0.0,,1987-08-30,,bmo,,2025-04-25,1987-08-31,,,
1987-05-31,MKC,USD,63754,1987-05-31,1987-05-30 20:00:00,1987,Q2,260800000.0,0.0,0.0,0.0,0,0.0,0.0,0.0,260800000.0,260800000.0,260800000.0,0.0,0.0,0.0,260800000.0,1.0,260800000.0,1.0,-260800000.0,0.0,0.0,0.0,0.0,0.0,0.0013,0.0013,384448000,384448000,,,0.6783752288996171,0.0,,,,,,,,534382720.0,,0.0,2.049013496932515,0.0,0.0,0.0,0.0,,,0.0,0.0,0.0,,0.0,0.0,,0.0,0.0,0.0,0.0056205035971223,0.0,0.0,0.0,0.0,0.0,,0.0,,,0.0,0.0,,,,,,,,,,0.0,0.0,0.0,0.0,0.0,0.0,,1987-05-30,,bmo,,2025-04-25,1987-05-31,,,
1987-02-28,MKC,USD,63754,1987-02-28,1987-02-27 19:00:00,1987,Q1,232000000.0,0.0,0.0,0.0,0,0.0,0.0,0.0,232000000.0,232000000.0,232000000.0,0.0,0.0,0.0,232000000.0,1.0,232000000.0,1.0,-232000000.0,0.0,0.0,0.0,0.0,0.0,0.0008,0.0008,384448000,384448000,,,0.6034626269352422,0.0,,,,,,,,522849280.00000006,,0.0,2.2536606896551725,0.0,0.0,0.0,0.0,,,0.0,0.0,0.0,,0.0,0.0,,0.0,0.0,0.0,0.0057444852941176,0.0,0.0,0.0,0.0,0.0,,0.0,,,0.0,0.0,,,,,,,,,,0.0,0.0,0.0,0.0,0.0,0.0,,1987-02-27,,bmo,,2025-04-25,1987-02-28,,,
1986-11-30,MKC,USD,63754,1986-11-30,1986-11-29 19:00:00,1986,Q4,293800000.0,0.0,0.0,0.0,0,0.0,0.0,0.0,293800000.0,293800000.0,293800000.0,0.0,0.0,0.0,-615000000.0,-2.0932607216,-615000000.0,-2.0932607216,615000000.0,0.0,0.0,0.0,0.0,0.0,0.09,0.09,385920000,385920000,,,0.7612976782752903,0.0,,,0.0114013266998341,0.7029954394693201,0.5698072139303483,0.7029954394693201,0.3993055555555556,517132800.00000006,666832800.0,0.0,1.7601524846834584,0.0,0.0,1.9061290084777,1.9061290084777,2.269682777399592,-1.084280975609756,0.0,0.0,0.0,,0.5680058975304091,0.2450310065193194,-0.2434146341463414,1.3858301323090056,0.0,0.0,0.0051492537313432,0.0,0.0,0.0,0.0817300047702337,0.0,,0.0,,0.0,,0.0,-0.458903399668325,90400000.0,219900000.0,-32900000.0,319200000.0,,,,33.57385976855004,0.0,0.0,2.68065693430657,0.0,0.0,0.0,,1986-11-29,,bmo,,2025-04-25,1986-11-30,,,
1986-08-31,MKC,USD,63754,1986-08-31,1986-08-30 20:00:00,1986,Q3,235200000.0,0.0,0.0,0.0,0,0.0,0.0,0.0,235200000.0,235200000.0,235200000.0,0.0,0.0,0.0,235200000.0,1.0,235200000.0,1.0,-235200000.0,0.0,0.0,0.0,0.0,0.0,0.0008,0.0008,385920000,385920000,,,0.6094527363184079,0.0,,,,,,,,532569600.0,,0.0,2.2643265306122444,0.0,0.0,0.0,0.0,,,0.0,0.0,0.0,,0.0,0.0,,0.0,0.0,0.0,0.005,0.0,0.0,0.0,0.0,0.0,,0.0,,,0.0,0.0,,,,,,,,,,0.0,0.0,0.0,0.0,0.0,0.0,,1986-08-30,,bmo,,2025-04-25,1986-08-31,,,
1986-05-31,MKC,USD,63754,1986-05-31,1986-05-30 20:00:00,1986,Q2,223500000.0,0.0,0.0,0.0,0,0.0,0.0,0.0,223500000.0,223500000.0,223500000.0,0.0,0.0,0.0,223500000.0,1.0,223500000.0,1.0,-223500000.0,0.0,0.0,0.0,0.0,0.0,0.0006,0.0006,390496000,390496000,,,0.5723490125379005,0.0,,,,,,,,480310080.0,,0.0,2.149038389261745,0.0,0.0,0.0,0.0,,,0.0,0.0,0.0,,0.0,0.0,,0.0,0.0,0.0,0.0056097560975609,0.0,0.0,0.0,0.0,0.0,,0.0,,,0.0,0.0,,,,,,,,,,0.0,0.0,0.0,0.0,0.0,0.0,,1986-05-30,,bmo,,2025-04-25,1986-05-31,,,
1986-02-28,MKC,USD,63754,1986-02-28,1986-02-27 19:00:00,1986,Q1,223200000.0,0.0,0.0,0.0,0,0.0,0.0,0.0,223200000.0,223200000.0,223200000.0,0.0,0.0,0.0,223200000.0,1.0,223200000.0,1.0,-223200000.0,0.0,0.0,0.0,0.0,0.0,0.0008,0.0008,390496000,390496000,,,0.571580758829796,0.0,,,,,,,,460785280.0,,0.0,2.0644501792114696,0.0,0.0,0.0,0.0,,,0.0,0.0,0.0,,0.0,0.0,,0.0,0.0,0.0,0.0058474576271186,0.0,0.0,0.0,0.0,0.0,,0.0,,,0.0,0.0,,,,,,,,,,0.0,0.0,0.0,0.0,0.0,0.0,,1986-02-27,,bmo,,2025-04-25,1986-02-28,,,
1985-11-30,MKC,USD,63754,1985-11-30,1985-11-29 19:00:00,1985,Q4,267200000.0,0.0,0.0,0.0,0,0.0,0.0,0.0,267200000.0,267200000.0,267200000.0,0.0,0.0,0.0,-545200000.0,-2.0404191617,-545200000.0,-2.0404191617,545200000.0,0.0,0.0,0.0,0.0,0.0,0.085,0.085,390688000,390688000,,,0.6839216971086903,0.0,,,0.0066549266934228,0.6677962978130887,0.5308583831599639,0.6677962978130887,0.3872655418134163,433663680.00000006,582363680.0,0.0,1.6229928143712578,0.0,0.0,1.662183518589498,1.662183518589498,2.179504790419162,-1.0681652237710932,0.0,0.0,0.0,,0.5799156765044078,0.2597870879120879,-0.2727439471753485,1.3126760563380282,0.0,0.0,0.0062162162162162,0.0,0.0,0.0,0.0918612637362637,0.0,,0.0,,0.0,,0.0,-0.4183005364894749,66600000.0,207400000.0,-41900000.0,281700000.0,,,,32.03218562874251,0.0,0.0,2.8096740273396423,0.0,0.0,0.0,,1985-11-29,,bmo,,2025-04-25,1985-11-30,,,
1985-08-31,MKC,USD,63754,1985-08-31,1985-08-30 20:00:00,1985,Q3,205700000.0,0.0,0.0,0.0,0,0.0,0.0,0.0,205700000.0,205700000.0,205700000.0,0.0,0.0,0.0,205700000.0,1.0,205700000.0,1.0,-205700000.0,0.0,0.0,0.0,0.0,0.0,0.0006,0.0006,390688000,390688000,,,0.5265070849373413,0.0,,,,,,,,414129280.0,,0.0,2.0132682547399123,0.0,0.0,0.0,0.0,,,0.0,0.0,0.0,,0.0,0.0,,0.0,0.0,0.0,0.0065094339622641,0.0,0.0,0.0,0.0,0.0,,0.0,,,0.0,0.0,,,,,,,,,,0.0,0.0,0.0,0.0,0.0,0.0,,1985-08-30,,bmo,,2025-04-25,1985-08-31,,,
