date,symbol,reportedCurrency,cik,fillingDate,acceptedDate,calendarYear,period,revenue,costOfRevenue,grossProfit,grossProfitRatio,researchAndDevelopmentExpenses,generalAndAdministrativeExpenses,sellingAndMarketingExpenses,sellingGeneralAndAdministrativeExpenses,otherExpenses,operatingExpenses,costAndExpenses,interestIncome,interestExpense,depreciationAndAmortization,ebitda,ebitdaratio,operatingIncome,operatingIncomeRatio,totalOtherIncomeExpensesNet,incomeBeforeTax,incomeBeforeTaxRatio,incomeTaxExpense,netIncome,netIncomeRatio,eps,epsdiluted,weightedAverageShsOut,weightedAverageShsOutDil,link,finalLink,revenuePerShare,netIncomePerShare,operatingCashFlowPerShare,freeCashFlowPerShare,cashPerShare,bookValuePerShare,tangibleBookValuePerShare,shareholdersEquityPerShare,interestDebtPerShare,marketCap,enterpriseValue,peRatio,priceToSalesRatio,pocfratio,pfcfRatio,pbRatio,ptbRatio,evToSales,enterpriseValueOverEBITDA,evToOperatingCashFlow,evToFreeCashFlow,earningsYield,freeCashFlowYield,debtToEquity,debtToAssets,netDebtToEBITDA,currentRatio,interestCoverage,incomeQuality,dividendYield,payoutRatio,salesGeneralAndAdministrativeToRevenue,researchAndDdevelopementToRevenue,intangiblesToTotalAssets,capexToOperatingCashFlow,capexToRevenue,capexToDepreciation,stockBasedCompensationToRevenue,grahamNumber,roic,returnOnTangibleAssets,grahamNetNet,workingCapital,tangibleAssetValue,netCurrentAssetValue,investedCapital,averageReceivables,averagePayables,averageInventory,daysSalesOutstanding,daysPayablesOutstanding,daysOfInventoryOnHand,receivablesTurnover,payablesTurnover,inventoryTurnover,roe,capexPerShare,report_date,epsEstimated,time,revenueEstimated,updatedFromDate,fiscalDateEnding,surprise(%),QuarterAvgPrice,QuarterAvgVolume
2024-12-31,MKTX,USD,1278021,2025-02-24,2025-02-24 16:06:08,2024,Q4,202404000.0,63838000.0,138566000.0,0.6846010948,0,17287000.0,3972000.0,21259000.0,37331000.0,58590000.0,122428000.0,6719000.0,318000.0,20154000.0,105067000.0,0.5190954724,79976000.0,0.395130531,4619000.0,84595000.0,0.4179512263,19456000.0,65139000.0,0.3218266437,1.74,1.73,37479000,37601000,https://www.sec.gov/Archives/edgar/data/1278021/000095017025025606/0000950170-25-025606-index.htm,https://www.sec.gov/Archives/edgar/data/1278021/000095017025025606/mktx-20241231.htm,5.400464259985592,1.7380132874409668,4.702580111529123,4.407801702286614,17.32316764054537,37.051682275407565,28.11910669975186,37.051682275407565,1.9470103257824385,8471753160.0,7999929160.0,32.514135771196976,41.85566075769253,48.06723003948981,51.28179878934625,6.10066766523123,6.10066766523123,39.52456058180668,76.14121617634461,45.3901840588262,48.42572130750605,0.0076889634022339,0.0195000960108238,0.0523195022539714,0.0406066120580187,-4.490696412765188,4.410020473507589,251.4968553459119,2.705721652247066,0.0032694531435096,0.4252137736225609,0.085408391138515,0.0,0.1871121206159569,0.0626843992555944,0.0545839015039228,0.5481790215341867,0.0327019228868994,38.06464386574153,0.0402665176653785,0.0447865558513564,13.477940980282291,886087000.0,1053876000.0,745379000.0,1386301000.0,406420500.0,35378500.0,0.0,152.03696567261517,52.61443027663774,0.0,0.5919613010022783,1.7105573419078242,0.0,0.0469078104071551,0.2947784092425091,2025-02-06,1.7,bmo,212950000.0,2025-05-06,2024-12-31,0.0176470588235294,263.23296875,391652.578125
2024-09-30,MKTX,USD,1278021,2024-11-06,2024-11-06 16:17:39,2024,Q3,206715000.0,80819000.0,125896000.0,0.6090317587,0,16663000.0,2898000.0,19561000.0,0.0,15726000.0,119660000.0,6953000.0,346000.0,18728000.0,111279000.0,0.5383208766,87055000.0,0.4211353796,5842000.0,92897000.0,0.4493965121,21408000.0,71489000.0,0.3458336357,1.91,1.9,37527000,37608000,https://www.sec.gov/Archives/edgar/data/1278021/000095017024122345/0000950170-24-122345-index.htm,https://www.sec.gov/Archives/edgar/data/1278021/000095017024122345/mktx-20240930.htm,5.508433927572148,1.9050017320862311,2.5338822714312363,2.20968902390279,13.82324726197138,36.94017640632078,27.85239960561729,36.94017640632078,2.0098329202973857,9614417400.0,9243147400.0,33.62201667389389,46.51049706117118,101.10966988820998,115.94391664556277,6.935538075994731,6.935538075994731,44.714449362649056,83.06281868097305,97.20522247578585,111.4666304885255,0.0074356039503756,0.0086248595780749,0.0541581845751211,0.0409574430361654,-3.336388716649143,3.58464669396868,251.60404624277456,1.3301207178726795,0.0028814018413637,0.3875141630180867,0.0806085673511839,0.0,0.186049036332362,0.1279432952286805,0.058853977698764,0.593029490616622,0.0386087124785332,39.79132758336005,0.0442448994403509,0.047914493985303,11.328909851573531,824249000.0,1045217000.0,696356000.0,1334766000.0,523754000.0,34887500.0,-49763500.0,205.0301139249692,37.23542731288435,0.0,0.4389599082646734,2.417052965277985,0.0,0.0515699143158468,0.3241932475284462,2024-11-06,1.85,bmo,207170174.0,2025-04-25,2024-09-30,0.0270270270270269,234.3671875,375528.75
2024-06-30,MKTX,USD,1278021,2024-08-06,2024-08-06 17:10:36,2024,Q2,197248000.0,40249000.0,156999000.0,0.7959472339,0,34043000.0,3010000.0,37053000.0,-1136000.0,59531000.0,115406000.0,6401000.0,621000.0,19995000.0,101837000.0,0.5162891385,81842000.0,0.4149192894,4998000.0,86337000.0,0.4377078602,21399000.0,64938000.0,0.3292200681,1.72,1.72,37655000,37689000,https://www.sec.gov/Archives/edgar/data/1278021/000095017024091990/0000950170-24-091990-index.htm,https://www.sec.gov/Archives/edgar/data/1278021/000095017024091990/mktx-20240630.htm,5.238295047138494,1.7245518523436465,2.9199575089629533,2.4368609746381624,13.035214446952596,35.29998672155092,26.134510689151508,35.29998672155092,2.280414287611207,7282100449.999999,6887144449.999999,28.034819558655947,36.9185008213011,66.23041582159325,79.36029261115954,5.47847231573982,5.47847231573982,34.91616873174886,67.62909797028584,62.638306609307776,75.05606418918917,0.0089174820432475,0.0126007599908897,0.0641338046871062,0.0451833426705598,-3.878315347074246,2.8916037862731367,131.79066022544282,1.6931688687671318,0.003819777026009,0.4283470387138501,0.1725898361453601,0.0,0.182924482949977,0.1654464261352784,0.0922240022712524,0.9097774443610904,0.0404617537313432,37.00979321055478,0.0422935979145968,0.0421241227384507,8.392683574558491,815739000.0,984095000.0,689489000.0,1330167000.0,613320500.0,31998500.0,-99476999.5,263.0846447112265,81.25468955750453,-222.55037392233348,0.3420952222384094,1.1076283780064946,-0.4044028253639716,0.0488541785000387,0.4830965343247909,2024-08-06,1.68,bmo,198073842.0,2025-04-25,2024-06-30,0.0238095238095238,206.19984126984127,433393.2380952381
2024-03-31,MKTX,USD,1278021,2024-05-07,2024-05-07 16:42:04,2024,Q1,211655000.0,40162000.0,171493000.0,0.8102478089,0,31610000.0,1833000.0,33443000.0,-79410000.0,79410000.0,119572000.0,5973000.0,316000.0,19799000.0,111882000.0,0.5286055137,92083000.0,0.4350617751,4217000.0,96717000.0,0.4569558952,24102000.0,72615000.0,0.3430819022,1.92,1.92,37740000,37790000,https://www.sec.gov/Archives/edgar/data/1278021/000095017024054646/0000950170-24-054646-index.htm,https://www.sec.gov/Archives/edgar/data/1278021/000095017024054646/mktx-20240331.htm,5.608240593534712,1.9240858505564389,-0.1238738738738738,-0.5255696873343932,11.494117647058824,34.92933227344992,25.64788023317435,34.92933227344992,2.0770005299417065,8172974400.0,7828736400.0,28.138037595538112,38.61460584441662,-1748.2298181818182,-412.0481169649609,6.199946746895275,6.199946746895275,36.988194939878575,69.97315385852953,-1674.5960213903743,-394.6930375598689,0.0088847702740877,-0.0024269010312818,0.0592232177467867,0.0405145298586428,-3.076795194937524,2.5046584129324,291.4018987341772,-0.0643806376093093,0.0036070099522151,0.4059767265716449,0.1493468143913444,0.0,0.1817793076462807,-3.242780748663101,0.07162599513359,0.7656952371331885,0.0335593300418133,38.88647920455657,0.0459973724696546,0.0460556066826453,6.965666414944356,755331000.0,967951000.0,648596000.0,1274858000.0,656338500.0,32336000.0,-99554499.0,276.4157237013064,61.981724017728205,-222.80837383596435,0.3255965282830784,1.4520409270038686,-0.4039345490051449,0.055085102557742,0.4016958134605193,2024-05-07,1.87,bmo,212988963.0,2025-04-25,2024-03-31,0.0267379679144384,236.24114754098363,439859.475409836
2023-12-31,MKTX,USD,1278021,2024-02-22,2024-02-22 17:22:26,2023,Q4,196749000.0,41368000.0,155381000.0,0.7897422604,0,14948000.0,2646000.0,17594000.0,-78853000.0,78853000.0,120221000.0,6274000.0,1636000.0,21176000.0,101869000.0,0.5177612084,76528000.0,0.3889625868,6785000.0,83812000.0,0.425984376,14185000.0,69627000.0,0.3538874403,1.84,1.84,37730000,37809000,https://www.sec.gov/Archives/edgar/data/1278021/000095017024018935/0000950170-24-018935-index.htm,https://www.sec.gov/Archives/edgar/data/1278021/000095017024018935/mktx-20231231.htm,5.214656771799629,1.845401537238272,3.804134640869335,3.449218128809965,13.441001855287569,34.26883116883117,24.83829843625762,34.26883116883117,2.1551285449244637,11049230500.0,10632505500.0,39.67293758168527,56.15901732664461,76.98202814742562,84.90329954894382,8.545666426649486,8.545666426649486,54.040963359407165,104.37429934523752,74.07862816136,81.70114646647046,0.0063015247984916,0.0117781052716748,0.0616235731416908,0.0395406207337026,-4.090793077383698,2.3100430531870866,46.77750611246944,2.0614129576170166,0.0024905806788988,0.3952346072644233,0.0759749731891902,0.0,0.1765767589861776,0.0932975684525883,0.0680613370334792,0.6323668303740083,0.0372606722270507,37.72127329057433,0.0420352273374683,0.04196285919025,6.15298172541744,762842000.0,937149000.0,623041000.0,1284372000.0,594382000.0,38516000.0,-99196498.5,303.10781757467635,80.52528524463354,-216.86762497582671,0.2969240474235766,1.1176613622240834,-0.4149997032061927,0.053850728907169,0.3549165120593692,2024-01-31,1.73,bmo,196700138.0,2025-04-25,2023-12-31,0.2080924855491328,241.8390476190476,394510.7619047619
2023-09-30,MKTX,USD,1278021,2023-10-25,2023-10-25 16:42:47,2023,Q3,172284000.0,48872000.0,123412000.0,0.7163288524,0,29674000.0,2100000.0,31774000.0,-1717000.0,56503000.0,105375000.0,6590000.0,164000.0,19051000.0,84470000.0,0.4902950941,66909000.0,0.3883645608,4834000.0,71743000.0,0.4164228831,16802000.0,54941000.0,0.3188978663,1.47,1.46,37491000,37574000,https://www.sec.gov/Archives/edgar/data/1278021/000095017023055230/0000950170-23-055230-index.htm,https://www.sec.gov/Archives/edgar/data/1278021/000095017023055230/mktx-20230930.htm,4.59534288229175,1.4654450401429675,2.111466752020485,1.6828305459977062,11.710330479315036,31.76703742231469,25.379477741324585,31.76703742231469,2.116054519751407,8009577239.999999,7668249239.999999,36.44626617644381,46.49054607508532,101.1808496608178,126.95277044269388,6.72521007105085,6.72521007105085,44.50935223236051,90.78074156505268,96.86902944631824,121.54268025550394,0.0068594132191676,0.0078769450758177,0.0664739399048513,0.0455645773957244,-4.040819225760625,2.6251924511906,407.9817073170732,1.4408365337361897,0.0033573557248072,0.4894523215813327,0.1722388614148731,0.0,0.1378269617706237,0.203004004497164,0.0932762183371642,0.8435252742638182,0.0434224884493046,32.36416331666493,0.0367780784841621,0.0366753535963087,6.341455309274226,688243000.0,951502000.0,565193000.0,1092474000.0,495065500.0,36220500.0,-86324498.5,274.8519885770008,73.6967998035685,-181.78077058438367,0.327448967955297,1.2212199205377443,-0.4951018730455951,0.0461309948630453,0.4286362060227788,2023-10-25,1.48,bmo,172324285.0,2025-04-25,2023-09-30,-0.0135135135135135,242.3726984126984,417708.5555555556
2023-06-30,MKTX,USD,1278021,2023-07-27,2023-07-27 16:17:00,2023,Q2,179846000.0,48383000.0,131463000.0,0.7309753901,0,31241000.0,3308000.0,34549000.0,21187000.0,55736000.0,104119000.0,5312000.0,53000.0,18354000.0,94081000.0,0.5231197803,75727000.0,0.4210658007,3223000.0,78950000.0,0.4389866886,19091000.0,59859000.0,0.3328347586,1.6,1.6,37485000,37588000,https://www.sec.gov/Archives/edgar/data/1278021/000095017023035159/0000950170-23-035159-index.htm,https://www.sec.gov/Archives/edgar/data/1278021/000095017023035159/mktx-20230630.htm,4.79781245831666,1.5968787515006002,2.8116313191943445,2.4893690809657194,11.09859943977591,31.08155262104842,24.5562491663332,31.08155262104842,2.1335200746965453,9799328700.0,9482763700.0,40.92671402796572,54.48733193954828,92.97805093269066,105.01456051610693,8.410776745527393,8.410776745527393,52.72713154587814,100.79361082471488,89.97441694973148,101.62208993291468,0.0061084796553461,0.0095224890251921,0.0685971579926735,0.0493592170411026,-3.364813299178368,2.947420605756099,1428.811320754717,1.7607043218229506,0.002744167567315,0.4492390450892932,0.1737097294351834,0.0,0.1510637102108398,0.1146175304097007,0.067168577560802,0.6581671570229922,0.0383105545855898,33.417855949245165,0.0433344385938205,0.0435468030467266,7.2817460450847005,728680000.0,920491000.0,648758000.0,1135977000.0,561214500.0,33348000.0,-74383499.5,232.1941549992772,60.31002624888907,-137.536322882004,0.3876066561635893,1.492289186354944,-0.6543725912842191,0.0513770586357128,0.3222622382286247,2023-07-20,1.57,bmo,179470000.0,2025-04-25,2023-06-30,0.0127388535031847,298.3222580645161,361768.87096774194
2023-03-31,MKTX,USD,1278021,2023-04-27,2023-04-27 16:32:03,2023,Q1,203169000.0,52315000.0,150854000.0,0.7425050081,0,31497000.0,2995000.0,34492000.0,21006000.0,55498000.0,107813000.0,4249000.0,130000.0,17829000.0,113185000.0,0.5570977856,95356000.0,0.4693432561,2839000.0,98195000.0,0.4833168446,24567000.0,73628000.0,0.3623978068,1.96,1.96,37478000,37645000,https://www.sec.gov/Archives/edgar/data/1278021/000095017023015318/0000950170-23-015318-index.htm,https://www.sec.gov/Archives/edgar/data/1278021/000095017023015318/mktx-20230331.htm,5.421020331928064,1.9645658786488072,0.2008378248572495,-0.0901862425956561,9.966513688030313,29.92507604461284,23.27584182720529,29.92507604461284,2.1731949410320723,14664766620.0,14413303620.0,49.79344345901016,72.18013880070286,1948.288377839777,-4338.688349112426,13.075655995548946,13.075655995548946,70.94243521403364,127.3428777664885,1914.8802471104025,-4264.29101183432,0.0050207413392849,-0.0002304844043948,0.072505287410435,0.0499348464993349,-2.2216989883818528,2.604598543747489,733.5076923076923,0.1022301298419079,0.00193368232409,0.3851388058890639,0.1550285722723447,0.0,0.153027826255694,1.4490500863557858,0.0536843711392978,0.6117561276571877,0.0368560164198278,36.369906853707874,0.0556775974768275,0.0533821710450951,8.61862959602967,682938000.0,872332000.0,601621000.0,1096175000.0,562150000.0,44768500.0,-81876000.0,291.67550167594464,58.96320367007551,-128.73191245340726,0.3085620817753531,1.526375678356772,-0.6991273436769168,0.0656494865951216,0.2910240674529057,2023-04-26,1.9,bmo,200360000.0,2025-04-25,2023-03-31,0.031578947368421,354.10403225806454,358495.46774193546
2022-12-31,MKTX,USD,1278021,2023-02-22,2023-02-22 17:27:14,2022,Q4,177902000.0,44108000.0,133794000.0,0.7520657441,6700000,32335000.0,3442000.0,35777000.0,20344000.0,56121000.0,100229000.0,3294000.0,52000.0,17206000.0,94879000.0,0.5333217165,77673000.0,0.4366055469,1755000.0,79428000.0,0.4464705287,20202000.0,59226000.0,0.3329136266,1.58,1.58,37480000,37573000,https://www.sec.gov/Archives/edgar/data/1278021/000095017023003824/0000950170-23-003824-index.htm,https://www.sec.gov/Archives/edgar/data/1278021/000095017023003824/mktx-20221231.htm,4.7465848452508,1.5802027748132337,3.5812700106723585,3.097785485592316,12.39986659551761,28.844530416221986,22.098159018143008,28.844530416221986,2.2072572038420493,10452797200.0,10104727200.0,44.12250194171479,58.75592854492923,77.87460849611848,90.02882907712846,9.668730812242794,9.668730812242794,56.79940191790986,106.50119836844824,75.28144472754906,87.03093923603635,0.0056660431525448,0.0111075531054979,0.076474456869113,0.0514226182146133,-3.668567333129565,2.4881803399053166,1493.7115384615386,2.266335730928984,0.0024956956019389,0.4404653361699254,0.1817573720362896,0.037661184247507,0.1572695184338604,0.1350036505595041,0.1018594507088172,1.0531791235615482,0.044468302773437,32.02428231112636,0.0497670697032933,0.0437117736015605,6.483457844183564,660761000.0,828239000.0,578085000.0,1079977000.0,520875500.0,51312500.0,-92619000.0,235.67795752717788,112.7611771107282,-181.44259544753783,0.3818770365473037,0.7981470423248829,-0.4960246505403551,0.0547834460125077,0.4834845250800427,2023-01-25,1.56,bmo,176872268.0,2025-04-25,2022-12-31,0.0128205128205128,257.3784126984127,346386.68253968254
2022-09-30,MKTX,USD,1278021,2022-10-26,2022-10-26 16:18:02,2022,Q3,172112000.0,44805000.0,127307000.0,0.7396753277,0,29686000.0,1797000.0,31483000.0,19513000.0,50996000.0,95801000.0,1433000.0,138000.0,16535000.0,92846000.0,0.5394510551,76311000.0,0.4433798922,2552000.0,78863000.0,0.4582074463,19556000.0,59307000.0,0.3445837594,1.58,1.58,37479000,37567000,https://www.sec.gov/Archives/edgar/data/1278021/000095017022020175/0000950170-22-020175-index.htm,https://www.sec.gov/Archives/edgar/data/1278021/000095017022020175/mktx-20220930.htm,4.592224979321753,1.582406147442568,2.270551508844953,1.9367912697777423,9.391739374049468,27.18162170815657,20.386456415592733,27.18162170815657,2.2258864964380054,8338702710.0,8103289710.0,35.15058386868329,48.44928134005764,97.98940879926674,114.8755694388957,8.185310000588963,8.185310000588963,47.08149176117877,87.27667007733235,95.22303356130578,111.6324747551282,0.0071122573933325,0.0087050711033203,0.0817539313269332,0.0533971214562361,-2.535521185619197,2.428560192781192,552.9782608695652,1.434872780616116,0.0031573256555155,0.4439273610197784,0.1724807102351956,0.0,0.163280326873525,0.1469952290300594,0.0726794180533606,0.7565164801935289,0.0427105605652133,31.10913401221608,0.0520748426112736,0.0454435046062628,5.196116491902131,653882000.0,764064000.0,570596000.0,1068732000.0,596609500.0,45079500.0,-60376500.0,301.14117551361903,95.13625711416137,-193.4683629059257,0.2988631489748892,0.9460115704573286,-0.4651923376421118,0.058216031568408,0.333760239067211,2022-10-19,1.5,bmo,172441692.0,2025-04-25,2022-09-30,0.0533333333333333,256.63125,350190.578125
2022-06-30,MKTX,USD,1278021,2022-07-27,2022-07-27 16:41:21,2022,Q2,182229000.0,45435000.0,136794000.0,0.7506708592,0,29554000.0,2949000.0,32503000.0,4682000.0,52006000.0,97441000.0,0.0,337000.0,16643000.0,101433000.0,0.5566238085,84788000.0,0.4652826938,4790000.0,89578000.0,0.4915683014,22656000.0,66922000.0,0.3672412185,1.78,1.78,37529000,37608000,https://www.sec.gov/Archives/edgar/data/1278021/000095017022013225/0000950170-22-013225-index.htm,https://www.sec.gov/Archives/edgar/data/1278021/000095017022013225/mktx-20220630.htm,4.855684936982067,1.7832076527485412,2.495057155799515,2.217378560579818,8.65573289989075,26.66743052039756,19.728902981694155,26.66743052039756,2.2886834181566256,9607799290.0,9402810290.0,35.89178181315561,52.72376674404184,102.60686790478124,115.45615374447222,9.600100009792149,9.600100009792149,51.5988689506061,92.69971597014778,100.4176798701368,112.99281736685252,0.006965382808283,0.0086612966703637,0.08548643987522,0.0545732310184919,-2.020930072067276,2.308409836440201,251.59643916913947,1.3991960790173634,0.0027167511739309,0.3900361615014494,0.1621805530404052,0.0,0.166099597502089,0.1112914766598673,0.0571862875832057,0.6261491317671093,0.0356858677817471,32.71017027042264,0.0580148749292922,0.0511904561566693,5.561339230994697,629807000.0,740406000.0,544252000.0,1052060000.0,664323000.0,56547000.0,-54884500.0,304.8894522825675,84.77451304060746,-48.40805546384946,0.2951889589036658,1.0616398345678435,-1.8591946967836976,0.066868371566004,0.2776785952196968,2022-07-20,1.7,bmo,183771800.0,2025-04-25,2022-06-30,0.0470588235294118,273.48258064516125,407704.1612903226
2022-03-31,MKTX,USD,1278021,2022-04-27,2022-04-27 16:45:34,2022,Q1,186057000.0,47756000.0,138301000.0,0.74332597,0,28659000.0,1789000.0,30448000.0,19749000.0,50197000.0,97953000.0,59000.0,173000.0,16770000.0,103761000.0,0.5576839356,88104000.0,0.4735323046,2315000.0,90419000.0,0.4859747282,25650000.0,64769000.0,0.3481137501,1.71,1.71,37384000,37824000,https://www.sec.gov/Archives/edgar/data/1278021/000095017022006389/0000950170-22-006389-index.htm,https://www.sec.gov/Archives/edgar/data/1278021/000095017022006389/mktx-20220331.htm,4.976915257864327,1.7325326342820455,-0.6347635352022255,-0.924218917183822,10.0545420500749,27.379119409372997,20.252835437620373,27.379119409372997,2.3155360582067197,12718036800.0,12439860800.0,49.08998440612021,68.35559425337397,-535.9476106194691,-368.0946079708257,12.425527458108665,12.425527458108665,66.86048254029679,119.88956158865084,-524.2250653181627,-360.0434372377066,0.0050926885193475,-0.0027166928782593,0.0844040443909916,0.0505954664316231,-2.680930214627846,2.076317916569744,509.271676300578,-0.3663789775973073,0.0021563862749634,0.4234278744461084,0.154033441364743,0.0,0.1560242110472419,-0.4560050568900126,0.0581595962527612,0.6452593917710197,0.0435296710147965,32.66944141211299,0.0564476383802553,0.0449448884028323,4.888628825165847,643157000.0,757132000.0,556766000.0,1074057000.0,557489000.0,70757500.0,-55107000.0,344.0797175059256,132.48031660943127,-160.81309154870593,0.2615672921739423,0.6793462025406489,-0.5596559280917838,0.063279341032748,0.2894553819815964,2022-04-20,1.69,bmo,183855142.0,2025-04-25,2022-03-31,0.0118343195266272,362.4529032258065,289147.2741935484
2021-12-31,MKTX,USD,1278021,2022-02-23,2022-02-23 17:22:11,2021,Q4,165060000.0,41218000.0,123842000.0,0.7502847449,0,30009000.0,2906000.0,32915000.0,-919000.0,51261000.0,92479000.0,0.0,166000.0,16351000.0,88946000.0,0.5388707137,72581000.0,0.4397249485,-1006000.0,71575000.0,0.4336301951,19390000.0,52185000.0,0.3161577608,1.39,1.37,37527000,38046000,https://www.sec.gov/Archives/edgar/data/1278021/000095017022001811/0000950170-22-001811-index.htm,https://www.sec.gov/Archives/edgar/data/1278021/000095017022001811/mktx-20211231.htm,4.398433128147734,1.390598768886402,3.882831028326272,3.579076398326538,13.801529565379594,27.748261251898636,20.522370559863564,27.748261251898636,2.360726943267514,15433729290.0,15015419290.0,73.93757444668007,93.50375190839696,105.92013842468997,114.9095336976592,14.821469218070716,14.821469218070716,90.96946134738884,168.81500337283296,103.04931878856092,111.79506886949788,0.0033812307459488,0.0087024981115241,0.0849171571550807,0.0577770488718365,-4.702965844444944,2.635736353245924,437.23493975903614,2.7922008239915685,0.0016064166692404,0.4750982082974034,0.1818066157760814,0.0,0.1771803362666715,0.0782301953867587,0.0690597358536289,0.6971439055715247,0.0424209378407851,29.465245689653447,0.0468415307733062,0.0414401494180035,8.50299784155408,655469000.0,770143000.0,567044000.0,1093656000.0,511634500.0,59009000.0,-24923500.0,220.09923664122132,155.50536173516426,-54.33233053520307,0.4089064613463739,0.5787581791120222,-1.6564722903186917,0.0501148074202758,0.3037546299997335,2022-01-26,1.42,bmo,174990000.0,2025-04-25,2021-12-31,-0.0352112676056336,394.45375,253794.625
2021-09-30,MKTX,USD,1278021,2021-10-26,2021-10-26 16:59:11,2021,Q3,162093000.0,40878000.0,121215000.0,0.7478114416,0,28158000.0,1821000.0,29979000.0,697000.0,47212000.0,88090000.0,0.0,314000.0,15651000.0,89659000.0,0.5531330779,74003000.0,0.4565465504,491000.0,74494000.0,0.4595756757,16536000.0,57958000.0,0.3575601661,1.54,1.52,37529000,38084000,https://www.sec.gov/Archives/edgar/data/1278021/000095017021002319/0000950170-21-002319-index.htm,https://www.sec.gov/Archives/edgar/data/1278021/000095017021002319/mktx-20210930.htm,4.319139865170935,1.5443523675024649,1.6737189906472327,1.3286791547869647,11.818007407604783,28.11956087292494,20.80292573742972,28.11956087292494,2.4055263929228063,15788075010.0,15445323010.0,68.10136223644707,97.40133756547168,251.3504371706494,316.62271398203114,14.960759945759447,14.960759945759447,95.28679838117624,172.26740215706175,245.89373234839923,309.74897741857853,0.0036709985202939,0.0031583331070074,0.0852488252144652,0.0558111516838945,-3.822839871067043,2.428778372077076,235.67834394904452,1.0837675558162807,0.001568335594068,0.4272231615997791,0.1737150894856656,0.0,0.1703473749905392,0.2061515928231417,0.0798862381472364,0.8273592741677848,0.0416674378289006,31.258542578992778,0.0466117436143108,0.0433385277552619,9.03627194969224,666748000.0,780713000.0,576785000.0,1109495000.0,591235500.0,37236000.0,-24977000.0,344.02861320353134,103.03830911492734,-54.96257155438133,0.2616061471222888,0.8734615384615385,-1.637477968274315,0.054920927623356,0.345039835860268,2021-10-20,1.46,bmo,174810000.0,2025-04-25,2021-09-30,0.0410958904109589,458.85,199524.078125
2021-06-30,MKTX,USD,1278021,2021-07-27,2021-07-27 16:51:53,2021,Q2,176334000.0,40732000.0,135602000.0,0.7690065444,0,27828000.0,3128000.0,30956000.0,-1060000.0,48425000.0,89157000.0,0.0,171000.0,14801000.0,101978000.0,0.5783229553,87177000.0,0.4943856545,-1124000.0,86053000.0,0.4880113875,18765000.0,67288000.0,0.3815940204,1.79,1.77,37508000,38104000,https://www.sec.gov/Archives/edgar/data/1278021/000156459021038311/0001564590-21-038311-index.htm,https://www.sec.gov/Archives/edgar/data/1278021/000156459021038311/mktx-10q_20210630.htm,4.701237069425189,1.793963954356404,2.5788098538978352,2.207262450677189,11.316519142582916,27.24378799189506,19.917937506665243,27.24378799189506,2.4377732750346595,17388333720.0,17065986720.0,64.6041408572108,98.61021538670931,179.76897338874758,210.02939630390145,17.016356174035582,17.016356174035582,96.78216747762768,167.3496903253643,176.43639476459276,206.13584635825583,0.0038697209912992,0.0047612382723466,0.0893126259957332,0.0593430230252099,-3.1609464786522583,2.495993389799387,509.8070175438597,1.4374925692545475,0.0014253234610682,0.3683271905837593,0.1578141481506686,0.0,0.1786682428183985,0.1440770837210264,0.0790318373087436,0.941558002837646,0.0347862578969455,33.16132396098987,0.056598690512114,0.0532702104667318,8.479524368134799,635495000.0,747082000.0,544230000.0,1077287000.0,607636500.0,36112500.0,-19397999.5,287.28299703970873,61.14308160659924,-55.2170283806344,0.3132799397367747,1.4719572130673606,-1.6299319727891155,0.0658485506820895,0.3715474032206463,2021-07-21,1.69,bmo,176070000.0,2025-04-25,2021-06-30,0.0473372781065089,475.9996825396825,283899.90476190473
2021-03-31,MKTX,USD,1278021,2021-04-28,2021-04-28 16:14:53,2021,Q1,195464000.0,48088000.0,147376000.0,0.7539802726,0,26225000.0,1204000.0,27429000.0,-1589000.0,43902000.0,91990000.0,0.0,191000.0,11779000.0,115435000.0,0.5905691074,103474000.0,0.5293762534,-1673000.0,101801000.0,0.5208171326,21344000.0,80457000.0,0.4116205542,2.15,2.11,37470000,38155000,https://www.sec.gov/Archives/edgar/data/1278021/000156459021021356/0001564590-21-021356-index.htm,https://www.sec.gov/Archives/edgar/data/1278021/000156459021021356/mktx-10q_20210331.htm,5.216546570589805,2.147237790232185,-0.618067787563384,-0.9471844141980252,10.891539898585537,26.37397918334668,20.01334400854017,26.37397918334668,2.480410995463037,18657062400.0,18358897400.0,57.97215406987584,95.45012073834567,-805.6074269182608,-525.6843256036742,18.879214112461337,18.879214112461337,93.92469917734212,159.04099623164552,-792.7327345740317,-517.2831816516864,0.004312415227812,-0.0019022823228591,0.0938543845429165,0.0599986156653636,-2.582968770303634,2.407794599106017,541.7486910994764,-0.2878431957443106,0.0013643090993789,0.3163677492325092,0.1341679286211271,0.0,0.154174124715613,-0.5324927673906472,0.0630909016494085,0.917354757122666,0.0379814185732411,35.695967665533,0.0696744763996028,0.0615332962151711,8.883740338937818,654464000.0,749900000.0,561714000.0,1056675000.0,505950500.0,44453500.0,-7068499.5,300.39705521221305,83.38400432540342,-25.83887685077358,0.2996034696026572,1.0793437030054094,-3.4831235320240137,0.0814150104277027,0.329116626634641,2021-04-22,2.13,bmo,194740000.0,2025-04-25,2021-03-31,-0.0093896713615023,533.2827868852459,292260.3278688525
2020-12-31,MKTX,USD,1278021,2021-02-19,2021-02-19 17:20:28,2020,Q4,171346000.0,36472000.0,134874000.0,0.7871441411,0,25281000.0,2307000.0,27588000.0,-1431000.0,43177000.0,79649000.0,0.0,96000.0,10592000.0,102309000.0,0.5970900984,91697000.0,0.5351569339,-1408000.0,90289000.0,0.5269396426,17358000.0,72931000.0,0.4256358479,1.95,1.91,37405000,38188000,https://www.sec.gov/Archives/edgar/data/1278021/000156459021006981/0001564590-21-006981-index.htm,https://www.sec.gov/Archives/edgar/data/1278021/000156459021006981/mktx-10k_20201231.htm,4.580831439647106,1.9497660740542708,6.08528271621441,5.77831840663013,12.834647774361716,25.53297687474937,19.04341665552733,25.53297687474937,2.505226573987435,21341796800.0,20974550800.0,73.15749406973714,124.5538080842272,93.76063966259557,98.74152994845883,22.34600386781577,22.34600386781577,122.41050739439494,205.0117858643912,92.14722256392233,97.04240253911853,0.0034172849026469,0.010127450937027,0.0980167758918016,0.0703094194282984,-3.5895766745838587,3.179833496017768,955.1770833333334,3.121032208525867,0.0010524887014199,0.3079897437303753,0.1475435668180173,0.0,0.182316894104004,0.050443721992795,0.0670106101105365,0.9344075520833334,0.0390671506775763,33.46826813266512,0.0706305139348116,0.0669898694482436,9.976353428686004,616361000.0,712319000.0,522749000.0,1020231000.0,411025500.0,33859500.0,-11784000.0,188.8242503472506,109.4499890326826,-0.8167909629304673,0.4766336942129449,0.8222933670018487,-110.18731117824774,0.0763626616519782,0.3069643095842801,2021-01-27,1.83,bmo,164827402.0,2025-04-25,2020-12-31,0.0437158469945354,544.7140625,262718.1875
2020-09-30,MKTX,USD,1278021,2020-10-30,2020-10-30 16:39:09,2020,Q3,164006000.0,37583000.0,126423000.0,0.7708437496,0,23598000.0,1148000.0,24746000.0,860000.0,38616000.0,76199000.0,0.0,1046000.0,9032000.0,97699000.0,0.5957038157,87807000.0,0.5353889492,158000.0,87965000.0,0.5363523286,20189000.0,67776000.0,0.4132531737,1.81,1.78,37386000,38160000,https://www.sec.gov/Archives/edgar/data/1278021/000156459020049336/0001564590-20-049336-index.htm,https://www.sec.gov/Archives/edgar/data/1278021/000156459020049336/mktx-10q_20200930.htm,4.386829294388273,1.8128711282298189,-1.2933451024447655,-1.6110843631305836,8.873107580377681,24.007355694645053,18.490290483068527,24.007355694645053,2.534478146899909,18004723740.0,17788063740.0,66.41260822415013,109.7808844798361,-372.3600136496184,-298.922893810599,20.06010183401501,20.06010183401501,108.45983524992988,182.0700697038864,-367.8792161810022,-295.32580256342146,0.0037643454561552,-0.0033453443035166,0.1044054910148751,0.0752370124865114,-2.217627611336862,3.3397349925469118,83.9455066921606,-0.7134236307837583,0.0012461174258483,0.3310316336166194,0.1438849798178115,0.0,0.1656044460716304,-0.2456724505201332,0.0724302769410875,1.0945360729752145,0.0393339268075558,31.292977568285657,0.0623567455374134,0.0652167010025566,8.534364467982668,594894000.0,691278000.0,501186000.0,959921000.0,280890500.0,22994500.0,-22440999.5,253.8340670463276,55.95215922092436,-55.645637655322886,0.3545623369126965,1.6085170126257222,-1.6173774583638163,0.0755131531888865,0.3177392606858182,2020-10-27,1.74,bmo,506143516.0,2025-04-25,2020-09-30,0.0229885057471264,494.38765625,204724.265625
2020-06-30,MKTX,USD,1278021,2020-07-24,2020-07-24 17:26:56,2020,Q2,184795000.0,41636000.0,143159000.0,0.7746908737,0,23196000.0,1810000.0,25006000.0,-446000.0,39024000.0,80660000.0,0.0,0.0,8305000.0,112708000.0,0.6099082767,104135000.0,0.5635163289,268000.0,104403000.0,0.5649665846,20549000.0,83854000.0,0.4537676885,2.25,2.2,37340000,38153000,https://www.sec.gov/Archives/edgar/data/1278021/000156459020033405/0001564590-20-033405-index.htm,https://www.sec.gov/Archives/edgar/data/1278021/000156459020033405/mktx-10q_20200630.htm,4.948982324584896,2.245688269951794,2.8080610605249063,2.508168184252812,12.887412961971076,22.857096946973755,17.314890198178897,22.857096946973755,2.536181039100161,18704352800.0,18394905800.0,55.76464092350992,101.2167688519711,178.3864343414113,199.71547488121297,21.91529401839988,21.91529401839988,99.54222679185042,163.2085193597615,175.4351883112548,196.4113587101596,0.0044831275851469,0.005007123261704,0.1109581433278186,0.0911272621598761,-2.745563757674699,5.981105545302751,0.0,1.2504233548787178,0.0011988653250809,0.2674171774751354,0.1255228767012094,0.0,0.1991364652425816,0.1067971350366703,0.0605968776211477,1.1214822233350026,0.0313374279607132,33.98415919552554,0.0801993207222491,0.100753240230646,9.61641672469202,453440000.0,646538000.0,358739000.0,816780000.0,96397000.0,28694000.0,-24983499.0,48.32371005709029,48.90383322125084,-46.787633538284176,1.8624397815000704,1.840346534653465,-1.9235852124548496,0.0982490591504937,0.2998928762720942,2020-07-22,2.12,bmo,178075181.0,2025-04-25,2020-06-30,0.0377358490566038,465.8973015873016,294635.92063492065
2020-03-31,MKTX,USD,1278021,2020-05-01,2020-05-01 16:21:49,2020,Q1,168978000.0,41194000.0,127784000.0,0.7562167856,0,20443000.0,2675000.0,23118000.0,-656000.0,36695000.0,77889000.0,0.0,0.0,8067000.0,99769000.0,0.5904259726,91089000.0,0.539058339,613000.0,91702000.0,0.5426860301,16886000.0,74816000.0,0.4427558617,2.01,1.96,37303000,38075000,https://www.sec.gov/Archives/edgar/data/1278021/000156459020020511/0001564590-20-020511-index.htm,https://www.sec.gov/Archives/edgar/data/1278021/000156459020020511/mktx-10q_20200331.htm,4.529876953596226,2.0056295740288985,3.226791410878481,2.9300592445647804,11.839235450231884,21.389244832855265,15.821891000723802,21.389244832855265,2.5815886121759646,12405858710.0,12138348710.0,41.45456423091317,73.41700523145025,103.0652303333915,113.50282442817932,15.548468522327209,15.548468522327209,71.83389973842749,121.66453216931112,100.84281426280852,111.05534043915829,0.006030699022849,0.0088103534430789,0.1206956408395717,0.0987092085612692,-2.681293788651786,5.866836979083506,0.0,1.6088670872540634,0.0018736308822591,0.3106822070145423,0.1209802459491768,0.0,0.2128724491417103,0.0919588930704749,0.0655055687722662,1.1397240527182866,0.0395140195765129,31.068075174778446,0.0750297861936527,0.0974263078117105,8.576709661421333,396253000.0,590204000.0,299952000.0,758509000.0,77794500.0,28778500.0,-14160499.5,49.837730355430885,75.95183764625916,-61.877455697431664,1.805860727568076,1.1849614543780922,-1.454487728779314,0.0937681339243974,0.2967321663137013,2020-04-29,1.9,bmo,163805204.0,2025-04-25,2020-03-31,0.031578947368421,348.3451612903226,336084.48387096776
2019-12-31,MKTX,USD,1278021,2020-02-18,2020-02-18 09:40:30,2019,Q4,129774000.0,33117000.0,96657000.0,0.7448102085,0,21644000.0,3087000.0,24731000.0,-661000.0,35806000.0,68923000.0,0.0,0.0,7730000.0,68581000.0,0.5284648697,60851000.0,0.4688997796,1106000.0,61957000.0,0.477422288,11684000.0,50273000.0,0.3873888452,1.35,1.32,37176000,38091000,https://www.sec.gov/Archives/edgar/data/1278021/000156459020004935/0001564590-20-004935-index.htm,https://www.sec.gov/Archives/edgar/data/1278021/000156459020004935/mktx-10k_20191231.htm,3.490800516462233,1.3522971809769744,2.397810415321713,2.0708790617602757,9.590838175166777,20.71473531310523,15.123870238863782,20.71473531310523,2.63586722616742,14093793360.0,13921660360.0,70.08629562588268,108.60259651393962,158.10674504436793,183.06718484939017,18.301464839869578,18.301464839869578,107.27619060828826,202.9958787419256,156.17572564813048,180.83131385818385,0.0035670311544854,0.0054624754339381,0.1272460007973083,0.1026158985475375,-2.509922573307476,4.17870302137067,0.0,1.773138662900563,0.0013479692453785,0.3778966841047879,0.1667822522230955,0.0,0.2176557444001131,0.1363457892552248,0.0936551235224313,1.318078299533673,0.0479680059179804,25.10539302208629,0.0568789263442179,0.0672922991256672,5.870003496879708,276064000.0,562245000.0,178073000.0,637104000.0,67414500.0,19539000.0,-44472000.0,43.009616718294886,61.94311078902074,0.0027176374671618,2.092555267104181,1.4529460799368228,33117.0,0.0652818952565346,0.3269313535614375,2020-01-29,1.3,bmo,127807727.0,2025-04-25,2019-12-31,0.0153846153846153,366.7828125,278516.3125
2019-09-30,MKTX,USD,1278021,2019-10-25,2019-10-25 09:12:11,2019,Q3,131597000.0,32681000.0,98916000.0,0.7516584725,0,20963000.0,2506000.0,23469000.0,-838000.0,32951000.0,65632000.0,0.0,0.0,6700000.0,74038000.0,0.5626116097,65965000.0,0.5012652264,1373000.0,67338000.0,0.511698595,13336000.0,54002000.0,0.4103588988,1.46,1.42,37066000,37995000,https://www.sec.gov/Archives/edgar/data/1278021/000156459019037845/0001564590-19-037845-index.htm,https://www.sec.gov/Archives/edgar/data/1278021/000156459019037845/mktx-10q_20190930.htm,3.5503426320617275,1.4569146927103005,1.8262558679112937,1.58015431932229,11.786866670263851,18.74016619003939,17.05703339988129,18.74016619003939,2.482895375816112,12139115000.0,11910619000.0,56.19752509166327,92.24461803840514,179.32865035750163,207.25823800580503,17.475832214021132,17.475832214021132,90.50828666306982,160.87170101839595,175.95312592329964,203.3569916339423,0.0044485944815581,0.0048248986849535,0.132490574023607,0.1076353233702834,-3.086198978902725,6.024834727666296,0.0,1.2535091292915077,0.0015577741869979,0.3501722158438576,0.1592969444592201,0.0,0.0729650326422822,0.1347574307155941,0.0693176896129851,1.1166605459664585,0.0603661177686421,24.785349059217967,0.0602046429820052,0.0681293754155422,7.732841418011115,343558000.0,632236000.0,251527000.0,547866000.0,69572000.0,16667500.0,-84817999.5,49.796575909785176,44.84715889966647,-244.9450751201003,1.8073531835411745,2.006816088424931,-0.367429310247906,0.0777428907479308,0.2461015485890034,2019-10-23,1.39,bmo,128816781.0,2025-04-25,2019-09-30,0.0215827338129496,357.9253125,376052.640625
2019-06-30,MKTX,USD,1278021,2019-07-25,2019-07-25 16:28:38,2019,Q2,125490000.0,32623000.0,92867000.0,0.7400350626,0,19368000.0,3667000.0,23035000.0,-64000.0,31990000.0,64613000.0,0.0,0.0,6345000.0,67222000.0,0.5356761495,60877000.0,0.4851143517,2032000.0,62909000.0,0.501306877,14804000.0,48105000.0,0.3833373177,1.3,1.27,37049000,37910000,https://www.sec.gov/Archives/edgar/data/1278021/000156459019026136/0001564590-19-026136-index.htm,https://www.sec.gov/Archives/edgar/data/1278021/000156459019026136/mktx-10q_20190630.htm,3.387135955086507,1.2984156117574024,1.882183054873276,1.6233096709762749,11.164511862668355,17.86574536424735,16.17924910253988,17.86574536424735,2.4214418742746093,11951266420.0,11754799420.0,62.11031296123064,95.23680309187984,171.38609295455524,198.717475640983,18.05578180049191,18.05578180049191,93.67120423938162,174.8653628276457,168.56867508926908,195.4507568753949,0.0040250964466408,0.0050322700445665,0.1355354520567813,0.1104815340716666,-2.922659248460325,6.21152858964381,0.0,1.449599833697121,0.0015823427689933,0.3931192183764681,0.1543389911546736,0.0,0.0769486545099869,0.137538898369495,0.076428400669376,1.215743440233236,0.0472467925731133,22.845922189178022,0.0553303314841641,0.0641805621152568,7.366906002861076,314719000.0,599425000.0,225007000.0,518130000.0,68639000.0,15383500.0,-82225999.5,47.5725555821181,47.03736627532723,-222.60950587009168,1.8918470723029608,1.9133724340175955,-0.4042954035059102,0.0726762631664823,0.2588733838970012,2019-07-24,1.32,bmo,130430551.0,2025-04-25,2019-06-30,-0.0378787878787879,289.07079365079363,495357.98412698414
2019-03-31,MKTX,USD,1278021,2019-04-25,2019-04-25 16:22:21,2019,Q1,124491000.0,32658000.0,91833000.0,0.7376677832,0,17686000.0,2299000.0,19985000.0,42000.0,28644000.0,61302000.0,0.0,0.0,6082000.0,69271000.0,0.5564337984,63189000.0,0.5075788611,2031000.0,65220000.0,0.5238932935,12698000.0,52522000.0,0.4218939522,1.42,1.39,37043000,37832000,https://www.sec.gov/Archives/edgar/data/1278021/000156459019013062/0001564590-19-013062-index.htm,https://www.sec.gov/Archives/edgar/data/1278021/000156459019013062/mktx-10q_20190331.htm,3.360715924736118,1.4178657236184975,1.0627918905056286,0.9593175498744704,9.305779796452772,17.038198849985154,15.348837837108226,17.038198849985154,2.452420160354183,9139248960.0,8969140960.0,43.50200373176954,73.4129291274068,232.1432843099901,257.1828275551553,14.480403836830146,14.480403836830146,72.04650103220312,129.47901661589987,227.82242271838248,252.39590724898693,0.0057468617202435,0.0038882844920333,0.1439365851958184,0.117248250859244,-2.4556885276667004,6.609829982203037,0.0,0.7495716080880392,0.0021240257361366,0.3695975019991622,0.1420664947666899,0.0,0.080767001932089,0.0973608676877746,0.030789374332281,0.5198697951986979,0.0417379569607441,23.31420721761253,0.0626035575429582,0.0737430324473835,5.73333695974948,296300000.0,568567000.0,205455000.0,498116000.0,64240500.0,21541500.0,-53114500.0,51.28997276911584,37.80176373323535,-230.83134300936985,1.7547289487779438,2.380841291827659,-0.3898950585594727,0.0832168785035475,0.1034743406311583,2019-04-24,1.38,bmo,123595381.0,2025-04-25,2019-03-31,0.0072463768115942,226.51081967213116,251429.868852459
2018-12-31,MKTX,USD,1278021,2019-03-18,2019-03-18 16:02:02,2018,Q4,112444000.0,27802000.0,84642000.0,0.7527480346,0,19038000.0,3534000.0,22572000.0,175000.0,30677000.0,58479000.0,0.0,0.0,5848000.0,59813000.0,0.531935897,53965000.0,0.4799277863,2101000.0,56066000.0,0.4986126427,10235000.0,45831000.0,0.4075895557,1.24,1.21,36978000,37845000,https://www.sec.gov/Archives/edgar/data/1278021/000156459019008251/0001564590-19-008251-index.htm,https://www.sec.gov/Archives/edgar/data/1278021/000156459019008251/mktx-10ka_20181231.htm,3.040835091135269,1.2394126237222132,1.8958569960517064,1.5010005949483476,9.06920331007626,16.43890962193737,14.74398290875656,16.43890962193737,0.0,7813821180.0,7567499180.0,42.62301269882831,69.49077923232898,111.45882861422152,140.77942454597866,12.854258880893862,12.854258880893862,67.30015990181779,126.51930483339744,107.94521332287285,136.3415101614298,0.0058653761001477,0.0071033107517313,0.0,0.0,-4.118201728721181,6.251172646477946,0.0,1.5296415090222777,0.0019886556963669,0.339049987999389,0.1693109458930667,0.0,0.090109972266113,0.2082733043292204,0.1298513037600939,2.496751025991792,0.0382323645548006,21.410939315623192,0.0681889463246606,0.0724184026899934,7.561719130293688,255249000.0,545203000.0,216196000.0,380934000.0,59769500.0,24352500.0,-20531000.0,46.05092312617837,95.06294511186243,-72.73289691389108,1.954358216737638,0.9467411291970306,-1.2374043083496529,0.0753950628251063,0.3948564011033587,2019-01-30,1.16,bmo,107797553.0,2025-04-25,2018-12-31,0.0431034482758621,206.98809523809524,254885.19047619047
2018-09-30,MKTX,USD,1278021,2018-10-25,2018-10-25 16:10:28,2018,Q3,101443000.0,26282000.0,75161000.0,0.7409185454,0,17836000.0,2980000.0,20816000.0,-250000.0,28749000.0,55031000.0,0.0,0.0,6173000.0,52585000.0,0.518369922,46412000.0,0.457518015,1385000.0,47797000.0,0.4711710024,9203000.0,38594000.0,0.380450105,1.04,1.02,36951000,37828000,https://www.sec.gov/Archives/edgar/data/1278021/000156459018025116/0001564590-18-025116-index.htm,https://www.sec.gov/Archives/edgar/data/1278021/000156459018025116/mktx-10q_20180930.htm,2.745338421152337,1.0444642905469406,1.840112581526887,1.558090444101648,7.942031338800032,15.659062001028389,13.960298774052124,15.659062001028389,0.0,6425409389.999999,6215324389.999999,41.621815502409696,63.34009631024318,94.49965276347912,111.60456099213172,11.10475199527149,11.10475199527149,61.26913034906301,118.19576666349718,91.40989484366266,107.95554148646065,0.0060064655273272,0.0089602072810492,0.0,0.0,-3.9951507083769138,7.548592037730614,0.0,1.7617764419339794,0.0024189898349807,0.4027309944550966,0.1758228759007521,0.0,0.0971490301502327,0.1532635232520516,0.102727640152598,1.688158107889195,0.0389381228867442,19.18319445190321,0.0614268688334486,0.066158118486012,7.121837027414684,236044000.0,515847000.0,204576000.0,353135000.0,61943500.0,19690000.0,-19812000.0,55.009808463866406,66.22441214519442,-63.67323643558328,1.6360718663312044,1.3590154609855731,-1.4134667096912985,0.066700310049117,0.2820221374252388,2018-10-24,0.93,bmo,92452941.0,2025-04-25,2018-09-30,0.096774193548387,192.09238095238092,190300.6349206349
2018-06-30,MKTX,USD,1278021,2018-07-26,2018-07-26 16:11:36,2018,Q2,108347000.0,26199000.0,82148000.0,0.7581935817,0,17394000.0,3535000.0,20929000.0,-207000.0,28731000.0,54930000.0,0.0,0.0,5790000.0,57824000.0,0.5336926726,52034000.0,0.4802532604,1176000.0,53210000.0,0.4911072757,12723000.0,40487000.0,0.3736790128,1.1,1.07,36950000,37862000,https://www.sec.gov/Archives/edgar/data/1278021/000156459018017609/0001564590-18-017609-index.htm,https://www.sec.gov/Archives/edgar/data/1278021/000156459018017609/mktx-10q_20180630.htm,2.932259810554804,1.095723951285521,1.4716914749661705,1.0196481732070366,7.168822706359946,15.0846549391069,13.383247631935047,15.0846549391069,0.0,7310927000.000001,7140241000.000001,45.14366957294934,67.47696752102043,134.44393975615588,194.047324556747,13.116640771612802,13.116640771612802,65.90160318236777,123.482308384062,131.30511778443886,189.51696039919315,0.0055378750191323,0.0051533820540131,0.0,0.0,-2.9518193137797453,6.352955638111888,0.0,1.3431224837602194,0.0021250383159344,0.3837281102576135,0.1605397472934183,0.0,0.1017927519195334,0.3071590135898049,0.1541620903209133,2.884801381692573,0.0336880578142449,19.284550774059515,0.0681460823894425,0.072984924224534,6.510561542625169,195961000.0,494511000.0,172349000.0,308916000.0,64706000.0,17286500.0,-19459000.0,51.40400749443916,68.84575747165923,-72.24321538990037,1.7508362555144386,1.3072700963025796,-1.2457917261055635,0.072638317264047,0.452043301759134,2018-07-25,1.04,bmo,104000000.0,2025-04-25,2018-06-30,0.0288461538461538,207.29796875,184635.109375
2018-03-31,MKTX,USD,1278021,2018-04-26,2018-04-26 16:21:21,2018,Q1,115882000.0,28834000.0,87048000.0,0.7511779224,0,16648000.0,2065000.0,18713000.0,-328000.0,25707000.0,54541000.0,0.0,0.0,5269000.0,65442000.0,0.5647296388,60173000.0,0.5192609724,840000.0,61013000.0,0.5265097254,13073000.0,47940000.0,0.4136966915,1.3,1.27,36954000,37886000,https://www.sec.gov/Archives/edgar/data/1278021/000156459018009322/0001564590-18-009322-index.htm,https://www.sec.gov/Archives/edgar/data/1278021/000156459018009322/mktx-10q_20180331.htm,3.1358445635113927,1.2972885208637766,0.8507604048276235,0.6919683931374141,6.630675975537154,14.536017751799534,12.8321967851924,14.536017751799534,0.0,8035277760.0,7879108760.0,41.90278347934919,69.34017155382199,255.58312160055985,314.2340057095929,14.95870490204109,14.95870490204109,67.99251618025232,120.39834907246112,250.61575622634308,308.12673575534785,0.005966190769241,0.0031823417638769,0.0,0.0,-2.38637266587207,6.129048167022851,0.0,0.6557989153108051,0.0019680713563783,0.3298706716729245,0.1436633817158834,0.0,0.1068486083699745,0.1866471579884856,0.0506377176783279,1.1136838109698235,0.0340950277005919,20.598342209771065,0.0855320578576298,0.0910870019570215,6.349075878118742,187200000.0,474201000.0,171589000.0,289786000.0,60082500.0,14386500.0,-18302500.0,52.44654044631608,45.35895123812166,-55.83408476104599,1.7160331117001584,1.9841728598954032,-1.6119186046511629,0.0892464871063585,0.1587920116902094,2018-04-25,1.22,bmo,110184251.0,2025-04-25,2018-03-31,0.040983606557377,205.74573770491804,266121.4918032787
2017-12-31,MKTX,USD,1278021,2018-02-21,2018-02-21 17:20:24,2017,Q4,99565000.0,24334000.0,75231000.0,0.7555968463,0,16170000.0,3005000.0,19175000.0,6685000.0,25860000.0,50194000.0,0.0,0.0,5208000.0,54579000.0,0.5481745593,49371000.0,0.4958670215,0.0,49371000.0,0.4958670215,15898000.0,33473000.0,0.3361924371,0.91,0.88,36887000,37943000,https://www.sec.gov/Archives/edgar/data/1278021/000156459018002713/0001564590-18-002713-index.htm,https://www.sec.gov/Archives/edgar/data/1278021/000156459018002713/mktx-10k_20171231.htm,2.6991894163255346,0.9074470680727628,1.2593054463632174,1.036516930083769,7.002900723832244,13.955268793884024,12.245750535418985,13.955268793884024,0.0,7441952250.0,7274938250.0,55.581754324380846,74.74466177873751,160.2073592095066,194.642262122718,14.456905343766511,14.456905343766511,73.0672249284387,133.2918934022243,156.61194889348144,190.2740558141968,0.0044978788999889,0.0051376303845539,0.0,0.0,-3.060041407867495,7.330952539883853,0.0,1.3877453469960863,0.001635457953926,0.3636064888118782,0.1624064681363933,0.0,0.1084919619016158,0.176913803496082,0.082539044845076,1.5779569892473118,0.0344699442575202,16.8799444430807,0.0607197924791844,0.0645981168451463,6.017580692384851,189688000.0,451709000.0,153186000.0,291295000.0,57831500.0,13477500.0,-17445500.0,47.57937026063376,52.67074874660969,-69.22536368866606,1.891576107606961,1.7087283196404748,-1.3001015119944437,0.0650254095048643,0.222788516279448,2018-01-31,0.9,bmo,72085714.0,2025-04-25,2017-12-31,-0.0111111111111111,188.676507936508,261334.22222222225
2017-09-30,MKTX,USD,1278021,2017-10-27,2017-10-27 16:27:56,2017,Q3,96701000.0,25595000.0,71106000.0,0.7353181456,0,15741000.0,2089000.0,17830000.0,6059000.0,23889000.0,49484000.0,0.0,0.0,4583000.0,51800000.0,0.5356718131,47217000.0,0.4882783012,-6059000.0,47217000.0,0.4882783012,13087000.0,34130000.0,0.3529436097,0.93,0.9,36865000,38019000,https://www.sec.gov/Archives/edgar/data/1278021/000156459017020294/0001564590-17-020294-index.htm,https://www.sec.gov/Archives/edgar/data/1278021/000156459017020294/mktx-10q_20170930.htm,2.623111352231114,0.925810389258104,1.423165604231656,1.2903838329038384,5.557493557574936,13.858890546588906,12.14574799945748,13.858890546588906,0.0,6801961150.0,6662969150.0,49.82391700849692,70.34013247019162,129.64759649290002,142.98846226613412,13.31347551809719,13.31347551809719,68.90279469705587,128.62874806949807,126.99836367101878,140.06662076939247,0.0050176705287415,0.0069935712584891,0.0,0.0,-2.683243243243244,9.897070350774056,0.0,1.537210665104014,0.0017909540691804,0.3569293876355113,0.1627801160277556,0.0,0.1123061028155213,0.0933002954350519,0.0506199522238653,1.0680776783766093,0.0364112056752257,16.990905189586456,0.0629780324208622,0.0683704867065177,5.2250440797504405,181607000.0,447753000.0,150580000.0,280083000.0,59121000.0,13842500.0,-18616000.0,58.65947611710324,44.70638796639969,-56.87282672396953,1.5342789598108748,2.013135126632059,-1.5824780511932732,0.0668026337422784,0.1327817713278177,2017-10-25,0.9,bmo,95600000.0,2025-04-25,2017-09-30,0.0,191.29142857142855,205603.87301587305
2017-06-30,MKTX,USD,1278021,2017-07-27,2017-07-27 16:18:12,2017,Q2,97314000.0,25421000.0,71893000.0,0.738773455,0,13231000.0,2782000.0,16013000.0,6307000.0,22320000.0,47741000.0,0.0,0.0,4790000.0,54363000.0,0.5586349343,49573000.0,0.5094128286,-6307000.0,49573000.0,0.5094128286,11550000.0,38023000.0,0.39072487,1.03,1.0,36853000,38077000,https://www.sec.gov/Archives/edgar/data/1278021/000156459017014282/0001564590-17-014282-index.htm,https://www.sec.gov/Archives/edgar/data/1278021/000156459017014282/mktx-10q_20170630.htm,2.640599137112311,1.0317477545925704,1.0465633734024369,0.9075516240197542,5.494125308658726,13.600738067457195,11.884432746316447,13.600738067457195,0.0,7411138300.0,7282995300.0,48.72799555532178,76.15695891649712,192.15272109725427,221.58519105423667,14.78596227664855,14.78596227664855,74.84015968925334,133.96970917719773,188.8302859809692,217.7538509836752,0.005130520907969,0.0045129369667814,0.0,0.0,-2.3571730772768245,8.065719438701446,0.0,1.0143597296373248,0.0016433372994807,0.3203061304999605,0.1359619376451487,0.0,0.1156238746273131,0.132826881692551,0.0526440183324084,1.0695198329853863,0.036222948393859,17.768847645324804,0.072520350633597,0.0785940180656896,5.088981901066399,160625000.0,437977000.0,137545000.0,258519000.0,55928500.0,15073500.0,-17426000.0,51.06510882298539,53.00302899177845,-74.55332205656741,1.7624558543873947,1.6980161645848642,-1.2071896666350082,0.0758596886047866,0.1390117493826825,2017-07-26,0.92,bmo,88596000.0,2025-04-25,2017-06-30,0.0869565217391303,191.54222222222225,168109.57142857142
2017-03-31,MKTX,USD,1278021,2017-04-27,2017-04-27 17:10:35,2017,Q1,103891000.0,27401000.0,76490000.0,0.7362524184,0,12977000.0,1886000.0,14863000.0,6020000.0,20883000.0,48284000.0,0.0,0.0,4693000.0,60300000.0,0.5804160129,55607000.0,0.5352436688,-6020000.0,55607000.0,0.5352436688,13144000.0,42463000.0,0.4087264537,1.15,1.11,36850000,38112000,https://www.sec.gov/Archives/edgar/data/1278021/000156459017007588/0001564590-17-007588-index.htm,https://www.sec.gov/Archives/edgar/data/1278021/000156459017007588/mktx-10q_20170331.htm,2.819294436906377,1.1523202170963365,0.8290094979647219,0.6303392130257802,5.78179104477612,13.089687924016282,11.370637720488467,13.089687924016282,0.0,6909006500.0,6771351500.0,40.67662729906037,66.5024544955771,226.1614619136469,297.4430213535388,14.323488924132642,14.323488924132642,65.17746003022398,112.2943864013267,221.6554224360863,291.516768555192,0.0061460356130798,0.0033619884421877,0.0,0.0,-2.282835820895522,5.633920027836576,0.0,0.719426324093917,0.0017883902700048,0.2909827379130066,0.1249097611920185,0.0,0.1193618408408295,0.2396477789780353,0.0704680867447613,1.5599829533347538,0.0379532394528881,18.42224255302077,0.0855717242310474,0.0908557942687438,5.435128900949796,159810000.0,419008000.0,145938000.0,257045000.0,53655000.0,15162500.0,-12706000.0,49.068542992174486,49.84635597240977,-45.30710558008832,1.8341689912079373,1.8055482340537687,-1.9864433811802231,0.0880326730312736,0.1986702849389416,2017-04-26,0.96,bmo,89081081.0,2025-04-25,2017-03-31,0.1562500000000001,181.26548387096776,207701.56451612903
2016-12-31,MKTX,USD,1278021,2017-02-21,2017-02-21 17:17:01,2016,Q4,94436000.0,22529000.0,71907000.0,0.7614363167,0,14096000.0,3192000.0,17288000.0,4292000.0,21580000.0,44109000.0,0.0,0.0,4292000.0,54619000.0,0.5783705367,50327000.0,0.5329217671,0.0,50327000.0,0.5329217671,17162000.0,33165000.0,0.3511902241,0.9,0.88,36837000,37742000,https://www.sec.gov/Archives/edgar/data/1278021/000156459017001915/0001564590-17-001915-index.htm,https://www.sec.gov/Archives/edgar/data/1278021/000156459017001915/mktx-10k_20161231.htm,2.563618101365475,0.9003176154409969,1.52876184271249,1.4014170535059858,6.581697749545294,12.704970545918506,10.98270760376795,12.704970545918506,0.0,5412092040.0,5243849040.0,40.79671370420623,57.309628107924944,96.10391618574091,104.83674337517434,11.563978009157864,11.563978009157864,55.52807234529205,96.00778190739486,93.116381781053,101.5777359367736,0.0061279445646678,0.0095386404404164,0.0,0.0,-3.0803017265054287,8.671116216430326,0.0,1.6980250263832353,0.0017702950964595,0.2888888888888888,0.1492651107628446,0.0,0.1201476397710788,0.0832992985882979,0.0496738531915794,1.092963653308481,0.041033080604854,16.042644660041642,0.0659611452756187,0.0713841398711577,5.826017319542851,193665000.0,404570000.0,158882000.0,288212000.0,53625500.0,15207000.0,-11688000.0,48.28794103943411,60.51799902348085,-46.41217985707311,1.8638193731743904,1.4871608687042048,-1.9391461525219489,0.0708634161871571,0.1273447892065043,2017-01-25,0.84,bmo,90109090.0,2025-04-25,2016-12-31,0.0476190476190476,158.8766666666667,241306.09523809524
2016-09-30,MKTX,USD,1278021,2016-10-28,2016-10-28 08:25:34,2016,Q3,90271000.0,23914000.0,66357000.0,0.7350865727,0,13538000.0,2140000.0,15678000.0,4325000.0,20003000.0,43917000.0,0.0,0.0,4325000.0,50679000.0,0.5614095335,46354000.0,0.5134982442,0.0,46354000.0,0.5134982442,15436000.0,30918000.0,0.3425020217,0.84,0.82,36889000,37792000,https://www.sec.gov/Archives/edgar/data/1278021/000156459016026433/0001564590-16-026433-index.htm,https://www.sec.gov/Archives/edgar/data/1278021/000156459016026433/mktx-10q_20160930.htm,2.447098050909485,0.8381360297107538,1.4270649787199436,1.324974924774323,6.397300008132506,12.244842636016156,10.52240505299683,12.244842636016156,0.0,6108449510.0,5947005510.0,49.39234030338314,67.66790563968495,116.03536101665938,124.97595003785013,13.523244432145228,13.523244432145228,65.87946860010413,117.34654413070504,112.96859050586023,121.67288315567647,0.0050615135558352,0.0080015394937757,0.0,0.0,-3.18561929004124,9.953298333713764,0.0,1.7026651141729736,0.0015717572821519,0.3105310822174785,0.1499706439498842,0.0,0.1265336522281146,0.0715384761506753,0.0417188244286648,0.8707514450867052,0.0409766148597002,15.19585421442736,0.0643795055034294,0.070490547454242,6.020690449727561,196122000.0,388161000.0,167576000.0,290434000.0,59721500.0,15205500.0,-12610500.0,56.41313378604424,57.44961110646483,-44.25106632098352,1.59537316861955,1.5665902391090731,-2.033849294097636,0.0684480850121762,0.1020900539456206,2016-10-26,0.78,bmo,85895121.0,2025-04-25,2016-09-30,0.0512820512820511,162.38015625,271968.234375
2016-06-30,MKTX,USD,1278021,2016-07-29,2016-07-29 16:57:38,2016,Q2,96639000.0,25815000.0,70824000.0,0.7328718219,0,13909000.0,1824000.0,15733000.0,4540000.0,20273000.0,46088000.0,0.0,0.0,4540000.0,55091000.0,0.5700700545,50551000.0,0.5230910916,-4540000.0,50551000.0,0.5230910916,17425000.0,33126000.0,0.3427808649,0.9,0.88,36876000,37748000,https://www.sec.gov/Archives/edgar/data/1278021/000156459016021803/0001564590-16-021803-index.htm,https://www.sec.gov/Archives/edgar/data/1278021/000156459016021803/mktx-10q_20160630.htm,2.6206475756589653,0.8983078424991865,0.778663629460896,0.6604566655819504,6.119725566764291,11.827502982969952,10.101854864952816,11.827502982969952,0.0,5361770400.0,5208495400.0,40.46497011410976,55.48246981032502,186.730180399805,220.1507041675221,12.29338096209799,12.29338096209799,53.89641242148615,94.54348986222794,181.39219196210908,213.85733524943544,0.0061781832358953,0.0045423429544838,0.0,0.0,-2.78221488083353,10.415140709329222,0.0,0.8668115679526656,0.0017878423141729,0.2893799432469963,0.143927399911009,0.0,0.1333745533047588,0.1518074806714494,0.0451060131003011,0.9601321585903084,0.035627438197829,15.461455961604964,0.0725869538065093,0.0801151204411338,6.104797158043172,195383000.0,372516000.0,175171000.0,290513000.0,57807500.0,15507500.0,-13153500.0,58.54158259087946,52.80418361417781,-46.93666472980826,1.537368755965638,1.704410405387561,-1.917477531010919,0.075950760172509,0.1182069638789456,2016-07-28,0.85,bmo,93306818.0,2025-04-25,2016-06-30,0.0352941176470588,132.93359375,341702.375
2016-03-31,MKTX,USD,1278021,2016-04-28,2016-04-28 16:02:16,2016,Q1,88573000.0,24527000.0,64046000.0,0.723087171,0,13217000.0,1778000.0,14995000.0,4681000.0,19676000.0,44203000.0,0.0,0.0,4681000.0,49051000.0,0.5537917876,44370000.0,0.5009427252,-4681000.0,44370000.0,0.5009427252,15407000.0,28963000.0,0.3269958114,0.79,0.77,36775000,37671000,https://www.sec.gov/Archives/edgar/data/1278021/000156459016016948/0001564590-16-016948-index.htm,https://www.sec.gov/Archives/edgar/data/1278021/000156459016016948/mktx-10q_20160331.htm,2.4085112168592797,0.7875730795377295,-1.5603806934058464,-1.7150237933378654,5.743847722637661,11.160190346702922,9.427192386131884,11.160190346702922,0.0,4590623250.0,4452628250.0,39.624894261644165,51.828697797297146,-79.9997081017026,-72.78616220072935,11.185293092861878,11.185293092861878,50.27071737436916,90.77548368025116,-77.59490180018473,-70.59819644839068,0.0063091651008389,-0.013738875216998,0.0,0.0,-2.813296365007849,6.250819242364662,0.0,-1.9812519421330663,0.0021188844020253,0.3358422815316093,0.1492215460693439,0.0,0.1410470916824907,-0.0991060070055591,0.0642069253610016,1.2149113437299723,0.0394476872184525,14.062822379968802,0.0687424939358121,0.0746255581521781,5.518647178789939,160234000.0,346685000.0,149324000.0,256059000.0,46607000.0,14063000.0,-11362000.0,53.60493604145733,58.23011375219146,-47.13010152077303,1.678949862572268,1.5455920347848005,-1.909607598878854,0.0705698608241394,0.154643099932019,2016-04-27,0.78,bmo,89750649.0,2025-04-25,2016-03-31,-0.0128205128205128,114.17229508196722,256751.18032786885
2015-12-31,MKTX,USD,1278021,2016-02-25,2016-02-25 17:14:56,2015,Q4,76644000.0,21087000.0,55557000.0,0.7248708314,0,11998000.0,1888000.0,13886000.0,4685000.0,18571000.0,39658000.0,0.0,0.0,4685000.0,41671000.0,0.5436955274,36986000.0,0.4825687595,-4685000.0,36986000.0,0.4825687595,12495000.0,24491000.0,0.3195422995,0.67,0.65,36673000,37638000,https://www.sec.gov/Archives/edgar/data/1278021/000156459016013407/0001564590-16-013407-index.htm,https://www.sec.gov/Archives/edgar/data/1278021/000156459016013407/mktx-10k_20151231.htm,2.08992992119543,0.667821012734164,1.1959207046055682,1.083112916859815,7.755951244784992,10.653968859924197,8.90497095956153,10.653968859924197,0.0,4092340070.0,3892612070.0,41.77391766363154,53.39413483116748,93.30886200921154,103.02711588328592,10.474030989498686,10.474030989498686,50.78821655967852,93.412974730628,88.75489237995349,97.9988436847008,0.0059845955079681,0.009706182604712,0.0,0.0,-4.792973530752802,17.07088062211013,0.0,1.790780286635907,0.0017918843191347,0.299416112041158,0.1565419341370492,0.0,0.146093417243492,0.0943271467007159,0.0539768279317363,0.8830309498399146,0.0423125097855018,12.652519360097362,0.0583106552478637,0.0653267538010136,7.130866032230797,305861000.0,326572000.0,276565000.0,400899000.0,44869500.0,12822500.0,-8526500.0,47.50939408172851,52.31327358087921,-42.16816047801963,1.8943621938258484,1.7204046667210573,-2.134311740890688,0.0626828388100728,0.112807787745753,2016-01-27,0.62,bmo,73064615.0,2025-04-25,2015-12-31,0.0483870967741935,102.26734375,339923.515625
2015-09-30,MKTX,USD,1278021,2015-10-23,2015-10-23 16:01:28,2015,Q3,74192000.0,21002000.0,53190000.0,0.7169236575,0,11891000.0,1304000.0,13195000.0,4642000.0,17837000.0,38839000.0,0.0,0.0,4642000.0,39995000.0,0.5390742937,35353000.0,0.476506901,-4642000.0,35353000.0,0.476506901,12638000.0,22715000.0,0.3061650852,0.62,0.6,36681000,37643000,https://www.sec.gov/Archives/edgar/data/1278021/000156459015008583/0001564590-15-008583-index.htm,https://www.sec.gov/Archives/edgar/data/1278021/000156459015008583/mktx-10q_20150930.htm,2.022627518333742,0.6192579264469343,0.974428178075843,0.8630353589051553,6.976145688503585,10.181592650145852,8.417409558081841,10.181592650145852,0.0,3406931280.0,3246555280.0,37.49649218578032,45.92046689670045,95.31744061774332,107.6201560476356,9.122344921024656,9.122344921024656,43.758832219107184,81.1740287535942,90.83052010183812,102.55410430552485,0.0066672903364226,0.0092919396953612,0.0,0.0,-4.009901237654707,15.248688352570827,0.0,1.5735417125247633,0.002154137960775,0.3230904688531807,0.1602733448350226,0.0,0.1554373777989152,0.1143160898637495,0.0550733232693551,0.8802240413614821,0.0438187405650204,11.91063469888465,0.0573163869606796,0.0646028269958192,6.717769417409558,285159000.0,308759000.0,262321000.0,380898000.0,48109000.0,13276000.0,-9884500.0,59.78003019193444,57.371678887724975,-30.738501095133795,1.5055194805194805,1.5687182551538692,-2.927924160044612,0.0608213221374618,0.1113928191706878,2015-10-21,0.62,bmo,76673333.0,2025-04-25,2015-09-30,-0.032258064516129,96.6678125,219716.03125
2015-06-30,MKTX,USD,1278021,2015-07-24,2015-07-24 16:01:03,2015,Q2,75491000.0,20593000.0,54898000.0,0.7272125154,0,11472000.0,1764000.0,13236000.0,4603000.0,17839000.0,38432000.0,0.0,0.0,4603000.0,41662000.0,0.5518803566,37059000.0,0.4909062007,-4603000.0,37059000.0,0.4909062007,12821000.0,24238000.0,0.321071386,0.66,0.64,36699000,37642000,https://www.sec.gov/Archives/edgar/data/1278021/000156459015005639/0001564590-15-005639-index.htm,https://www.sec.gov/Archives/edgar/data/1278021/000156459015005639/mktx-10q_20150630.htm,2.057031526744598,0.6604539633232513,0.8327474863075288,0.7321997874601488,6.451946919534592,9.805635030927274,8.026812719692634,9.805635030927274,0.0,3404566230.0,3235303230.0,35.11599791649476,45.09896848630962,111.40231765976245,126.70039187227866,9.460886491022825,9.460886491022825,42.85680716906651,77.6559749891988,105.86378816138216,120.40129619292172,0.0071192622973294,0.0078926354151142,0.0,0.0,-4.0627670299073495,12.346301131418626,0.0,1.2608713590230216,0.0021573967148231,0.3030365541711362,0.151965134916745,0.0,0.1636336747329212,0.1207421223127515,0.048879998940271,0.80165109711058,0.0395146441297638,12.071198643019578,0.0644685955644925,0.0726417214871203,6.17445979454481,260738000.0,294576000.0,244629000.0,357309000.0,46500000.0,12960000.0,-9901500.0,55.95925342093759,57.53217112611081,-55.04977419511484,1.6083130938685073,1.5643421452446065,-1.6348840901873611,0.0673545324948521,0.10054769884738,2015-07-22,0.64,bmo,75500000.0,2025-04-25,2015-06-30,0.0,88.21761904761905,231721.7619047619
2015-03-31,MKTX,USD,1278021,2015-04-24,2015-04-24 14:41:44,2015,Q1,76771000.0,21174000.0,55597000.0,0.724192729,0,11291000.0,1192000.0,12483000.0,4612000.0,17095000.0,38269000.0,0.0,0.0,4612000.0,43114000.0,0.5615922679,38502000.0,0.5015175001,-4612000.0,38502000.0,0.5015175001,13909000.0,24593000.0,0.3203423168,0.67,0.65,36706000,37626000,https://www.sec.gov/Archives/edgar/data/1278021/000156459015002831/0001564590-15-002831-index.htm,https://www.sec.gov/Archives/edgar/data/1278021/000156459015002831/mktx-10q_20150331.htm,2.091510924644472,0.6699994551299515,0.273361303329156,0.1787991064131204,6.081921211790988,9.3900179807116,7.596033346046968,9.3900179807116,0.0,3042927400.0,2881879400.0,30.932860976700688,39.63641739719425,303.2616503886785,463.64884961145816,8.828524095511648,8.828524095511648,37.53864610334632,66.84323885512826,287.2114211680287,439.11007161359134,0.0080820199653793,0.0021568046611956,0.0,0.0,-3.735399174282135,10.744693584423874,0.0,0.4080022770707112,0.0024703185491707,0.3056560809986581,0.147073764833075,0.0,0.1738870961779167,0.3459238588798086,0.0452123848849174,0.752601908065915,0.0396243373148715,11.897663885889004,0.0695444391030172,0.0786110649397143,5.997983980820575,244241000.0,278820000.0,235281000.0,341281000.0,39949000.0,12358500.0,-6946000.0,53.99929660939678,54.21932558798527,-30.63332388778691,1.6666883765359732,1.6599247412982123,-2.9379769668377964,0.0713523080047581,0.0945621969160355,2015-04-22,0.64,bmo,75618461.0,2025-04-25,2015-03-31,0.015625,79.17196721311475,174766.18032786885
2014-12-31,MKTX,USD,1278021,2015-02-25,2015-02-25 16:30:41,2014,Q4,70167000.0,19376000.0,50791000.0,0.723858794,0,11448000.0,1429000.0,12877000.0,4425000.0,17302000.0,36678000.0,0.0,0.0,4425000.0,37914000.0,0.5403394758,33489000.0,0.4772756424,43730000.0,33489000.0,0.4772756424,11853000.0,21636000.0,0.3083500791,0.59,0.57,36729000,37711000,https://www.sec.gov/Archives/edgar/data/1278021/000156459015000953/0001564590-15-000953-index.htm,https://www.sec.gov/Archives/edgar/data/1278021/000156459015000953/mktx-10k_20141231.htm,1.9103977783223067,0.5890713060524382,1.1261673337145035,1.034332543766506,6.365188270848648,9.099294835143892,7.290941762639876,9.099294835143892,0.0,2633836590.0,2464912590.0,30.43349729617304,37.53668519389456,63.67614994076831,69.32973387733614,7.8808304708445025,7.8808304708445025,35.129228697250845,65.01325605317297,59.59221018784904,64.88319531455646,0.0082146326321634,0.0144238257393181,0.0,0.0,-4.455451811995569,13.140675635863694,0.0,1.9117674246625995,0.0022321050676875,0.2717230541689776,0.1631536192227115,0.0,0.1748402143812321,0.0815463095036626,0.0480710305414226,0.7622598870056497,0.0369119386606239,10.981939882626584,0.0601805751033327,0.0690220598790933,5.721514334721882,247257000.0,267789000.0,221947000.0,345861000.0,35391500.0,11622000.0,-7742500.0,43.399888836632606,55.55790668868704,-31.051300578034684,2.073738030500059,1.6199314438592092,-2.898429319371728,0.064738127154347,0.0918347899479975,2015-01-28,0.52,bmo,64042105.0,2025-04-25,2014-12-31,0.096153846153846,65.79921875,204731.15625
2014-09-30,MKTX,USD,1278021,2014-10-24,2014-10-24 16:48:00,2014,Q3,64245000.0,18589000.0,45656000.0,0.7106545256,0,11575000.0,1331000.0,12906000.0,4482000.0,17388000.0,35977000.0,0.0,0.0,4482000.0,32750000.0,0.5097672971,28268000.0,0.4400031131,-4482000.0,28268000.0,0.4400031131,10764000.0,17504000.0,0.2724570005,0.47,0.46,36856000,37805000,https://www.sec.gov/Archives/edgar/data/1278021/000156459014004514/0001564590-14-004514-index.htm,https://www.sec.gov/Archives/edgar/data/1278021/000156459014004514/mktx-10q_20140930.htm,1.743135446060343,0.4749294551769047,0.8730464510527458,0.8000868243976558,5.755399392229217,8.85345669633167,7.035869329281528,8.85345669633167,0.0,2279912160.0,2124812160.0,32.56273080438757,35.48777585804343,70.85533642042452,77.31660879001628,6.987101436395007,6.987101436395007,33.073580200793835,64.87976061068703,66.03512322466358,72.05684210526316,0.0076774887678128,0.0129338316262149,0.0,0.0,-4.735877862595419,13.668532543079792,0.0,1.8382655393053016,0.0025869417705987,0.3369515539305301,0.1801696630087944,0.0,0.1845889740954344,0.0835690089194144,0.0418553973071834,0.5999553770638107,0.0393493657093937,9.726626636068394,0.0507823039453185,0.0591511219248445,5.394650803125678,230846000.0,259314000.0,212462000.0,330635000.0,38921500.0,14938500.0,-10578000.0,51.75858043427504,54.627467857334985,-42.60584216472108,1.7388421252063766,1.6475228219445184,-2.112386363636364,0.0536433927974919,0.07295962665509,2014-10-22,0.47,bmo,65595652.0,2025-04-25,2014-09-30,-0.0212765957446807,56.33875,256946.828125
2014-06-30,MKTX,USD,1278021,2014-07-25,2014-07-25 13:00:52,2014,Q2,64964000.0,18421000.0,46543000.0,0.716442953,0,11321000.0,1800000.0,13121000.0,4351000.0,17472000.0,35893000.0,0.0,0.0,4351000.0,33422000.0,0.5144695524,29071000.0,0.4474939967,-4351000.0,29071000.0,0.4474939967,10880000.0,18191000.0,0.2800166246,0.49,0.48,37015000,37942000,https://www.sec.gov/Archives/edgar/data/1278021/000156459014002895/0001564590-14-002895-index.htm,https://www.sec.gov/Archives/edgar/data/1278021/000156459014002895/mktx-10q_20140630.htm,1.7550722679994597,0.4914494124003782,0.7095771984330677,0.5871403485073619,5.3733891665541,8.725624746724302,6.9004727813048765,8.725624746724302,0.0,2001030900.0,1867876900.0,27.50028722994888,30.80215042177206,76.18621359223302,92.07338609487876,6.195544911588679,6.195544911588679,28.752492149498185,55.88764586200706,71.11657719398438,85.94657433396218,0.0090908141398516,0.0108609017481938,0.0,0.0,-3.984022500149602,11.130337913108058,0.0,1.44384585784179,0.0029644719629267,0.3260953218624594,0.1742657471830552,0.0,0.1893871646870505,0.1725490196078431,0.0697617141801613,1.041599632268444,0.0359429838064158,9.822656004288596,0.0542731408965465,0.0629095901591155,5.123598541131973,218248000.0,255421000.0,206052000.0,320202000.0,39986500.0,18900500.0,-10844500.0,56.65660981466658,90.84523098637425,-60.36805819445198,1.5885172143974962,0.9906959234161558,-1.4908546455163485,0.056322547286356,0.1224368499257057,2014-07-23,0.46,bmo,62291666.0,2025-04-25,2014-06-30,0.0434782608695651,54.64412698412698,236982.92063492065
2014-03-31,MKTX,USD,1278021,2014-04-25,2014-04-25 12:51:21,2014,Q1,63398000.0,18609000.0,44789000.0,0.7064733903,0,11751000.0,1209000.0,12960000.0,4121000.0,17081000.0,35690000.0,0.0,0.0,4121000.0,31829000.0,0.5020505379,27708000.0,0.4370484873,-3421000.0,27708000.0,0.4370484873,10233000.0,17475000.0,0.2756396101,0.47,0.46,37121000,38096000,https://www.sec.gov/Archives/edgar/data/1278021/000119312514159062/0001193125-14-159062-index.htm,https://www.sec.gov/Archives/edgar/data/1278021/000119312514159062/d710712d10q.htm,1.7078742490773418,0.4707577920853425,0.2733493170981385,0.1603943859271032,5.213437138008136,8.573610624713774,6.738342178281835,8.573610624713774,0.0,2198305620.0,2068260620.0,31.44929356223176,34.67468405943405,216.6458677441608,369.2149177023849,6.907241603589506,6.907241603589506,32.62343638600587,64.98038329825002,203.8297644624027,347.3732986227746,0.0079493041554431,0.0027084496103867,0.0,0.0,-4.085739420025763,10.607186830224816,0.0,0.5806580829756796,0.0028349106435892,0.356623748211731,0.1853528502476419,0.0,0.1966868087293178,0.4132255839164285,0.0661377330515158,1.0174714875030333,0.0365311208555474,9.529539085261051,0.0538613751525687,0.0628041373460894,5.119938848630156,210676000.0,250134000.0,204493000.0,312196000.0,36617500.0,15797000.0,-9986500.0,55.47383198208145,92.89214896018056,-45.13783653071095,1.622386570105177,0.968865517779976,-1.9938926390228224,0.0549077643820637,0.1129549311710352,2014-04-23,0.45,bmo,62021739.0,2025-04-25,2014-03-31,0.0222222222222222,61.81852459016393,202125.68852459016
2013-12-31,MKTX,USD,1278021,2014-02-24,2014-02-24 16:56:26,2013,Q4,60442000.0,16768000.0,43674000.0,0.722577016,0,13772000.0,1131000.0,14903000.0,3972000.0,18875000.0,35643000.0,0.0,0.0,3972000.0,28771000.0,0.4760100592,24799000.0,0.4102941663,-3972000.0,24799000.0,0.4102941663,9329000.0,23133000.0,0.3827305516,0.63,0.61,36982000,38093000,https://www.sec.gov/Archives/edgar/data/1278021/000119312514065153/0001193125-14-065153-index.htm,https://www.sec.gov/Archives/edgar/data/1278021/000119312514065153/d663037d10k.htm,1.6343626629170949,0.6255205234979179,0.6367962792709967,0.406440971283327,5.419744740684657,8.392244875885567,6.534665512952247,8.392244875885567,0.0,2475205260.0000005,2342514260.0000005,26.749721825962915,40.95174315873069,105.10425732484076,164.67335905794695,7.975220097821254,7.975220097821254,38.75639886171868,81.41928539154011,99.46981995753715,155.8455365577806,0.0093458915807249,0.0060726276898748,0.0,0.0,-4.611970386847868,13.478368284975582,0.0,1.5202375572913305,0.0019428691744134,0.2078848398391907,0.2278548029515899,0.0,0.1953961851993014,0.3617409766454352,0.1409450382184573,2.274159103043246,0.0407001753747394,10.868037158657025,0.0462933869582521,0.0817764360278703,4.854131739765291,217186000.0,241665000.0,193375000.0,318586000.0,35517000.0,16409000.0,-10591500.0,50.86231428476887,66.4855677480916,-57.108778625954194,1.7694829908074243,1.353677242270122,-1.5759398496240602,0.0745355423666557,0.2303553079876696,2014-01-29,0.42,bmo,61873170.0,2025-04-25,2013-12-31,-0.0238095238095238,65.771875,186135.0625
2013-09-30,MKTX,USD,1278021,2013-10-25,2013-10-25 16:26:22,2013,Q3,61133000.0,17910000.0,43223000.0,0.7070322085,0,12180000.0,1195000.0,13375000.0,3460000.0,16835000.0,34745000.0,0.0,0.0,3460000.0,29848000.0,0.488246937,26388000.0,0.4316490275,-3460000.0,26388000.0,0.4316490275,8129000.0,18213000.0,0.2979241981,0.49,0.48,36919000,37965000,https://www.sec.gov/Archives/edgar/data/1278021/000119312513411626/0001193125-13-411626-index.htm,https://www.sec.gov/Archives/edgar/data/1278021/000119312513411626/d610724d10q.htm,1.655868252119505,0.4933232211056637,1.0043608981825076,0.8943091633034481,4.806359868902192,7.763482217828218,5.880793087570086,7.763482217828218,0.0,2213294050.0,2094285050.0,30.38069030362928,36.20457118086794,59.68969929881338,67.03498349335192,7.722050275626265,7.722050275626265,34.25784846155104,70.1650043554007,56.48017934196332,63.43050701153951,0.0082289111110202,0.0149175840417589,0.0,0.0,-3.987168319485393,66.84070260448213,0.0,2.0357966399472933,0.0021551587327494,0.2619008400592983,0.1992377275775767,0.0,0.2089254797287548,0.1095738942826321,0.0664616491911079,1.1416128125878056,0.0366577789409975,9.28293521633379,0.0554334428299927,0.0692033239481573,4.164887998049784,217406000.0,217113000.0,174640000.0,314530000.0,39351000.0,18649500.0,-10873500.0,54.288845631655576,102.66834170854273,-52.97989949748744,1.6577991105325958,0.8766090744456952,-1.6987574694109835,0.0635440653129579,0.1100517348790595,2013-10-23,0.43,bmo,54735416.0,2025-04-25,2013-09-30,0.1162790697674418,53.43734375,138466.46875
2013-06-30,MKTX,USD,1278021,2013-07-26,2013-07-26 12:13:16,2013,Q2,65559000.0,15927000.0,49632000.0,0.7570585274,0,12185000.0,1432000.0,13617000.0,4504000.0,18121000.0,34048000.0,0.0,0.0,4504000.0,36015000.0,0.5493524916,31511000.0,0.4806510166,-4593000.0,31511000.0,0.4806510166,12168000.0,19343000.0,0.2950472094,0.52,0.51,36868000,37819000,https://www.sec.gov/Archives/edgar/data/1278021/000119312513304117/0001193125-13-304117-index.htm,https://www.sec.gov/Archives/edgar/data/1278021/000119312513304117/d550842d10q.htm,1.7782087447108603,0.5246555278290116,0.5416621460345015,0.3100249538895519,4.06713138765325,7.338721926874254,5.400808289031138,7.338721926874254,0.0,1771138720.0,1635670720.0,22.891210256940496,27.015950822922864,88.68997095643465,154.95526859142606,6.546098963646309,6.546098963646309,24.949598377034427,45.41637428849091,81.90639559339009,143.10330008748906,0.0109212224777063,0.0064534753099407,0.0,0.0,-3.76143273635985,8.597758350145707,0.0,1.032414827069224,0.0027400451162854,0.2508917954815695,0.1858631156668039,0.0,0.2339624989357452,0.4276414621932899,0.1302643420430451,2.6880705067673905,0.0332677435592367,9.307619088038972,0.0683321969951214,0.0826867751601968,3.821755994358251,169468000.0,199117000.0,156959000.0,267358000.0,38646500.0,18049500.0,-10067500.0,57.419118656477366,95.31738557167075,-63.311358071199855,1.5674221775928847,0.9442138961346928,-1.4215458764726885,0.0714914031430641,0.2316371921449495,2013-07-24,0.45,bmo,56029411.0,2025-04-25,2013-06-30,0.1333333333333333,42.9684375,240820.21875
2013-03-31,MKTX,USD,1278021,2013-04-26,2013-04-26 15:26:32,2013,Q1,55557000.0,16353000.0,39204000.0,0.705653653,0,11337000.0,985000.0,12322000.0,2569000.0,14891000.0,31244000.0,0.0,0.0,2569000.0,26882000.0,0.4838634196,24313000.0,0.4376226218,-2211000.0,24313000.0,0.4376226218,8987000.0,15326000.0,0.2758608276,0.42,0.41,36774000,37673000,https://www.sec.gov/Archives/edgar/data/1278021/000119312513177467/0001193125-13-177467-index.htm,https://www.sec.gov/Archives/edgar/data/1278021/000119312513177467/d502574d10q.htm,1.5107684777288302,0.4167618426061891,0.2795181378147604,0.2207809865665959,3.8880187088703977,6.866291401533692,4.905041605482134,6.866291401533692,0.0,1370934720.0,1245015720.0,22.36289181782592,24.67618337923214,133.3723825274832,168.85512008868088,5.429422932978484,5.429422932978484,22.409700307792,46.314103117327576,121.122260920323,153.34594408178347,0.0111792339754879,0.0059222367641254,0.0,0.0,-4.684138084963917,7.245320557066872,0.0,0.6706903301579016,0.0039425655511883,0.352668667623646,0.204060694421945,0.0,0.2549587989295852,0.2101371728767389,0.0388789891462822,0.8407940833008953,0.0359450654282988,8.024100308970459,0.0593451357588711,0.0727184733201112,3.6638045901995975,153816000.0,180378000.0,148065000.0,244682000.0,33255500.0,15787500.0,-8513500.0,57.45504616879961,105.83929554210236,-49.15244909190975,1.5664420447176248,0.8503457958504498,-1.8310379576755125,0.0606967893196462,0.0587371512481644,2013-04-24,0.37,bmo,48460975.0,2025-04-25,2013-03-31,0.108108108108108,37.87716666666667,300837.05
2012-12-31,MKTX,USD,1278021,2013-02-21,2013-02-21 17:23:01,2012,Q4,50387000.0,14579000.0,35808000.0,0.7106594955,0,10718000.0,1224000.0,11942000.0,2337000.0,14279000.0,28858000.0,0.0,0.0,2337000.0,23866000.0,0.4736539187,21529000.0,0.4272729077,-8233000.0,21529000.0,0.4272729077,1064000.0,20465000.0,0.4061563499,0.56,0.54,36501000,37589000,https://www.sec.gov/Archives/edgar/data/1278021/000119312513069592/0001193125-13-069592-index.htm,https://www.sec.gov/Archives/edgar/data/1278021/000119312513069592/d444406d10k.htm,1.3804279334812746,0.5606695706966932,0.7756499821922687,0.7336785293553602,4.934549738363333,6.64959864113312,5.74184268924139,6.64959864113312,0.0,1288485300.0,1159577300.0,15.740108722208648,25.571780419552663,45.510218282000565,48.11371545929799,5.308591075202807,5.308591075202807,23.01342211284657,48.5869982401743,40.95709593105397,43.30012322628828,0.0158829906712944,0.0207840943160158,0.0,0.0,-5.401324059331266,12.271036727103672,0.0,1.3834351331541657,0.0400881562249875,2.5239677498167605,0.2127135967610693,0.0,0.1184029502467472,0.0541113308844306,0.0304046678706809,0.6555412922550278,0.0436819020779169,9.158882101389992,0.0779224240670441,0.0829526523365773,4.44445357661434,193952000.0,209583000.0,174036000.0,245095000.0,32229000.0,12369500.0,-4048000.0,55.45001686943061,76.20275739076754,-49.97873653885726,1.6230833655456771,1.1810596241088789,-1.80076581027668,0.084316302525163,0.0419714528369085,2013-01-30,0.35,bmo,48600000.0,2025-04-25,2012-12-31,0.0285714285714286,31.706774193548387,183331.90322580645
2012-09-30,MKTX,USD,1278021,2012-11-02,2012-11-02 14:56:04,2012,Q3,48257000.0,18630000.0,29627000.0,0.6139420188,0,23900000.0,1067000.0,24967000.0,2081000.0,27048000.0,27048000.0,0.0,0.0,2081000.0,23290000.0,0.4826242825,21209000.0,0.439501005,-1790000.0,21209000.0,0.439501005,7727000.0,13482000.0,0.2793791574,0.37,0.36,36500000,37541000,https://www.sec.gov/Archives/edgar/data/1278021/000119312512448860/0001193125-12-448860-index.htm,https://www.sec.gov/Archives/edgar/data/1278021/000119312512448860/d400700d10q.htm,1.322109589041096,0.3693698630136986,0.75,0.6068219178082191,5.596767123287672,7.450246575342466,6.532986301369863,7.450246575342466,0.0,1144640000.0,994539000.0,21.22533748701973,23.71966761298879,41.81333333333333,51.67908257709151,4.209256657865511,4.209256657865511,20.609217315622605,42.70240446543581,36.33019178082192,44.90220777461737,0.0117783757338551,0.0193501887056192,0.0,0.0,-6.444869042507514,7.407346790325514,0.0,2.030485091232755,0.003587154039698,0.3045542204420709,0.4952649356570031,0.0,0.1097964109560289,0.190904109589041,0.1082951696126986,2.5112926477654973,0.0446774561203556,7.868778337927164,0.0495782064765715,0.0496669712062715,5.37941095890411,211404000.0,238454000.0,211404000.0,263350000.0,33311500.0,6197500.0,-2911000.0,62.31759123028784,59.8792270531401,0.0,1.4442149997007243,1.5030254134731746,0.0,0.0495782064765715,0.1431780821917808,2012-11-02,0.32,bmo,40129729.0,2025-04-25,2012-09-30,0.1562499999999999,30.74857142857143,319416.3968253968
2012-06-30,MKTX,USD,1278021,2012-07-26,2012-07-26 14:01:19,2012,Q2,48825000.0,19077000.0,29748000.0,0.6092780338,0,23932000.0,1732000.0,25664000.0,1961000.0,27625000.0,27625000.0,0.0,0.0,1961000.0,23161000.0,0.4743676395,21200000.0,0.434203789,-1961000.0,21200000.0,0.434203789,8571000.0,12629000.0,0.2586584741,0.35,0.34,36128000,37440000,https://www.sec.gov/Archives/edgar/data/1278021/000119312512316502/0001193125-12-316502-index.htm,https://www.sec.gov/Archives/edgar/data/1278021/000119312512316502/d357250d10q.htm,1.3514448627103632,0.3495626660761736,0.3465732949512843,0.2996014171833481,5.208896147032772,7.244657883082374,6.308126660761736,7.244657883082374,0.0,962449920.0,832854920.0,19.05237786047985,19.71223594470046,76.86685727976999,88.91813747228382,3.677192274628919,3.677192274628919,17.05796047107015,35.959367902940286,66.51664563533264,76.94520694752401,0.013121721699556,0.0112462994438193,0.0,0.0,-5.595397435343897,7.908977244311078,0.0,0.9914482540185288,0.0042402206236351,0.3231451421331855,0.4901587301587302,0.0,0.1167819472056549,0.1355323057263796,0.0347567844342037,0.8653748087710352,0.0423143881208397,7.548535838124566,0.0482510936634382,0.0493526591192412,5.042896091674048,193403000.0,227900000.0,193403000.0,242198000.0,33124000.0,0.0,-5753000.0,61.2147465437788,0.0,-27.466582796037116,1.470233972718239,0.0,-3.2767090346959806,0.0482510936634382,0.0469718777679362,2012-07-25,0.32,bmo,43200000.0,2025-04-25,2012-06-30,0.0625,32.43888888888889,312471.4761904762
2012-03-31,MKTX,USD,1278021,2012-04-26,2012-04-26 15:33:07,2012,Q1,50735000.0,19555000.0,31180000.0,0.6145658815,0,24686000.0,1447000.0,26133000.0,1854000.0,27987000.0,27987000.0,0.0,0.0,1854000.0,24602000.0,0.4849117966,22748000.0,0.4483689761,-1854000.0,22748000.0,0.4483689761,9255000.0,13493000.0,0.2659505272,0.37,0.35,36934000,38695000,https://www.sec.gov/Archives/edgar/data/1278021/000119312512185702/0001193125-12-185702-index.htm,https://www.sec.gov/Archives/edgar/data/1278021/000119312512185702/d335263d10q.htm,1.373666540315157,0.3653273406617209,0.362105377159257,0.3105268857962853,4.870715330048194,6.73950831212433,5.8138300752694,6.73950831212433,0.0,1377268860.0,1257459860.0,25.5182105536204,27.14632620478959,102.9810722296994,120.0862202458802,5.533044589160242,5.533044589160242,24.784859761505864,51.11209901634013,94.02272020337968,109.6398866509722,0.0097969251987589,0.0083273501152127,0.0,0.0,-4.869888626940899,8.320009377564178,0.0,0.991180612169273,0.0030502395879334,0.3113466241754984,0.4865674583620775,0.0,0.1245455538960329,0.142440556303275,0.0375480437567754,1.0275080906148868,0.0386715285306001,7.442973169594846,0.0542068239614007,0.0561457384082123,4.771734715979856,187341000.0,214728000.0,187341000.0,236405000.0,34604500.0,6134000.0,-2842000.0,58.608652803784366,0.0,-26.160061365379697,1.5356094312781865,0.0,-3.440358902181562,0.0542068239614007,0.0515784913629717,2012-04-25,0.37,bmo,53702857.0,2025-04-25,2012-03-31,-0.0540540540540541,33.36274193548387,255364.24193548388
2011-12-31,MKTX,USD,1278021,2012-07-06,2012-07-06 15:50:13,2011,Q4,45135000.0,58786000.0,-13651000.0,-0.3024482109,0,-35690000.0,1380000.0,-34310000.0,1793000.0,-32517000.0,26269000.0,0.0,0.0,1793000.0,20659000.0,0.4577157417,18866000.0,0.417990473,-6781000.0,18866000.0,0.417990473,7323000.0,11543000.0,0.2557438795,0.31,0.31,36934000,36934000,https://www.sec.gov/Archives/edgar/data/1278021/000119312512296221/0001193125-12-296221-index.htm,https://www.sec.gov/Archives/edgar/data/1278021/000119312512296221/d356610d10ka.htm,1.2220447284345048,0.3125304597389939,0.5059565711810257,0.4569502355553149,6.707369903070342,8.459387014674826,7.524097037959604,8.459387014674826,0.0,1112082740.0,942462740.0,24.08565234341159,24.639032679738563,59.51103654947289,65.89338982046573,3.5593595549851327,3.5593595549851327,20.880973523872825,45.61995933975507,50.43413817092096,55.843025419209575,0.0103796233722681,0.0151760290785557,0.0,0.0,-8.210465172564016,7.669034819957319,0.0,1.618903231395651,0.0030995895143557,0.2986225418002252,-0.7907388944278276,0.0,0.0988502194827418,0.0968587788302028,0.0401019164728038,1.0094813162297824,0.041254015730586,7.712707860287719,0.0369448116272296,0.0366544516915729,6.439554340174365,246881000.0,277895000.0,246881000.0,295885000.0,34014000.0,6134000.0,0.0,72.12362911266202,18.782022930629743,0.0,1.247857340337296,4.791816106944897,0.0,0.0369448116272296,0.0490063356257107,2012-02-01,0.29,bmo,42283870.0,2025-04-25,2011-12-31,0.0689655172413793,28.07079365079365,202585.22222222225
2011-09-30,MKTX,USD,1278021,2011-10-26,2011-10-26 16:00:22,2011,Q3,46564000.0,17200000.0,29364000.0,0.6306159265,0,21189000.0,1280000.0,22469000.0,1799000.0,24268000.0,24268000.0,0.0,0.0,1799000.0,24095000.0,0.5174598402,22296000.0,0.4788248432,-1799000.0,22296000.0,0.4788248432,8852000.0,13444000.0,0.2887209003,0.36,0.34,37126000,39828000,https://www.sec.gov/Archives/edgar/data/1278021/000095012311092054/0000950123-11-092054-index.htm,https://www.sec.gov/Archives/edgar/data/1278021/000095012311092054/c23532e10vq.htm,1.2542153746700426,0.3621181921025696,0.7375424230997145,0.6807358724344126,6.4058072509831385,8.23770403490815,7.297365727522491,8.23770403490815,0.0,966018520.0,808396520.0,17.963748140434394,20.746038141053173,35.27932656489664,38.2233419063823,3.158647104792485,3.158647104792485,17.36097672021304,33.55038472712181,29.52291724490541,31.98656748308472,0.0139169174520587,0.0261620243057037,0.0,0.0,-6.54168914712596,8.082236940689903,0.0,2.036745016364178,0.0035527269187344,0.2552811663195478,0.4550511124473842,0.0,0.1029215801886792,0.0770214009203126,0.0452925006442745,1.1723179544191218,0.0407611029980242,8.192557968939377,0.0439586310175814,0.0441816825452119,6.150635673113182,236313000.0,270922000.0,236313000.0,285300000.0,33176000.0,0.0,-24395000.0,61.57589554162014,0.0,0.0,1.461610898361479,0.0,0.0,0.0439586310175814,0.0568065506653019,2011-10-26,0.28,bmo,38294117.0,2025-04-25,2011-09-30,0.2142857142857142,26.8559375,255543.8125
2011-06-30,MKTX,USD,1278021,2011-07-27,2011-07-27 17:20:59,2011,Q2,45791000.0,18536000.0,27255000.0,0.5952042978,0,23011000.0,1248000.0,24259000.0,1627000.0,25886000.0,25886000.0,0.0,0.0,1627000.0,21532000.0,0.4702234063,19905000.0,0.4346924068,-1627000.0,19905000.0,0.4346924068,7968000.0,11937000.0,0.260684414,0.32,0.3,36762000,39490000,https://www.sec.gov/Archives/edgar/data/1278021/000095012311068990/0000950123-11-068990-index.htm,https://www.sec.gov/Archives/edgar/data/1278021/000095012311068990/c18093e10vq.htm,1.2456068766661226,0.3247102986779827,0.4989663239214406,0.4454871878570263,5.7522441651705565,7.96629671943855,7.006664490506501,7.96629671943855,0.0,921255720.0,785487720.0,19.294121638602665,20.11870716953113,50.22383034400043,56.25302069976186,3.1457527735379385,3.1457527735379385,17.153757725317202,36.4800167193015,42.822205746061165,47.96285766623924,0.0129573143925771,0.017776823138748,0.0,0.0,-6.305405907486532,7.443294614572333,0.0,1.5366507497696238,0.0037079824047116,0.286169054201223,0.5025223297154463,0.0,0.1098089750892559,0.1071798506242163,0.0429342010438732,1.208358942839582,0.0176672271843812,7.62899850637961,0.0407605076880525,0.0417393675980544,5.01957184048746,183054000.0,257579000.0,183054000.0,231741000.0,32279000.0,0.0,-49547500.0,67.796291847743,0.0,-236.89577039274923,1.3275062329680525,0.0,-0.3799139167862267,0.0407605076880525,0.0534791360644143,2011-07-27,0.26,bmo,39693333.0,2025-04-25,2011-06-30,0.1538461538461537,23.24936507936508,159255.6507936508
2011-03-31,MKTX,USD,1278021,2011-04-28,2011-04-28 16:13:07,2011,Q1,43609000.0,19534000.0,24075000.0,0.5520649407,0,23407000.0,974000.0,24381000.0,1562000.0,25943000.0,25943000.0,0.0,0.0,1562000.0,19228000.0,0.4409181591,17666000.0,0.4050998647,-1562000.0,17666000.0,0.4050998647,6886000.0,10780000.0,0.2471966796,0.3,0.27,36507000,39301000,https://www.sec.gov/Archives/edgar/data/1278021/000095012311040944/0000950123-11-040944-index.htm,https://www.sec.gov/Archives/edgar/data/1278021/000095012311040944/c15992e10vq.htm,1.1945380338017366,0.2952858355931739,0.0291998794751691,-0.0075054099213849,5.375133536034185,7.70767250116416,6.731284411208809,7.70767250116416,0.0,883104330.0,766537330.0,20.48015607606679,20.250506317503262,828.428076923077,-3223.0085036496357,3.1384312185483183,3.1384312185483183,17.57750303836364,39.86568181818182,719.0781707317074,-2797.581496350365,0.0122069382221237,-0.0003102691162209,0.0,0.0,-6.062356979405035,8.781437393716997,0.0,0.098886827458256,0.0038364662983817,0.3142857142857143,0.5367470017656906,0.0,0.117357521482896,1.2570356472795496,0.0307276021004838,0.8578745198463509,0.0525120961269462,7.156063623749982,0.0383106359992039,0.0402111270679075,4.691689265072452,173884000.0,245739000.0,173884000.0,222230000.0,27873000.0,0.0,-25152500.0,62.04590795477998,0.0,-231.7728063888605,1.4505388504523682,0.0,-0.3883113010635126,0.0383106359992039,0.036705289396554,2011-04-27,0.27,bmo,43600000.0,2025-04-25,2011-03-31,0.0,21.34435483870968,121464.06451612904
2010-12-31,MKTX,USD,1278021,2011-02-24,2011-02-24 17:13:11,2010,Q4,38605000.0,74931000.0,-36326000.0,-0.9409661961,0,-53332000.0,1009000.0,-52323000.0,1552000.0,-50771000.0,24160000.0,0.0,0.0,1552000.0,15997000.0,0.4143763761,14445000.0,0.3741743298,-6350000.0,14445000.0,0.3741743298,5498000.0,8947000.0,0.2317575444,0.25,0.25,36507000,36507000,https://www.sec.gov/Archives/edgar/data/1278021/000095012311017944/0000950123-11-017944-index.htm,https://www.sec.gov/Archives/edgar/data/1278021/000095012311017944/c12988e10vk.htm,1.0574684307119182,0.2450762867395294,0.6180458542197387,0.5880789985482237,3.559125647136166,6.422768236228668,5.351494233982524,6.422768236228668,0.0,759710670.0,634716670.0,21.22808399463507,19.679074472218623,33.67064087222444,35.38640225441334,3.2400359525068665,3.2400359525068665,16.44130734360834,39.67723135587923,28.130863360368743,29.56433322464949,0.0117768518375554,0.0282594425059213,0.0,0.0,-7.813590048134025,6.569737978692773,0.0,2.5218508997429305,0.0034105088980782,0.2895942774114228,-1.381479083020334,0.0,0.1305718129947483,0.0484864601338474,0.0283382981479083,0.7048969072164949,0.0606398134956611,5.951179233839221,0.0337889127651619,0.0343570956791545,2.3050236940860658,193437000.0,195367000.0,163122000.0,241994000.0,26501000.0,0.0,-3491000.0,59.87255536847559,0.0,0.0,1.5031928977493965,0.0,0.0,0.0381574233610262,0.029966855671515,2011-02-02,0.2,bmo,33565217.0,2025-04-25,2010-12-31,0.15,18.6275,138215.75
2010-09-30,MKTX,USD,1278021,2010-10-28,2010-10-28 16:00:39,2010,Q3,37413000.0,17575000.0,19838000.0,0.5302434982,0,21650000.0,679000.0,22329000.0,1560000.0,23889000.0,23889000.0,0.0,0.0,1560000.0,15084000.0,0.4031753669,13524000.0,0.3614786304,-1560000.0,13524000.0,0.3614786304,4913000.0,8611000.0,0.2301606393,0.24,0.22,32945000,38744000,https://www.sec.gov/Archives/edgar/data/1278021/000095012310097410/0000950123-10-097410-index.htm,https://www.sec.gov/Archives/edgar/data/1278021/000095012310097410/c07211e10vq.htm,1.1356199726817422,0.2613750189710123,0.5775079678251631,0.5359235088784338,5.553589315525876,6.852359993929276,5.655850660191228,6.852359993929276,0.0,559406100.0,450661100.0,16.241031819765418,14.952185069360915,29.402191737622204,31.683625962845493,2.4779783921222944,2.4779783921222944,12.04557506748991,29.876763457968707,23.68659203195627,25.52452990484821,0.0153931106578923,0.0315620441035591,0.0,0.0,-7.209294616812516,9.232839275954088,0.0,2.209499477412612,0.0047514676725906,0.3086749506445244,0.5786758613316227,0.0,0.1372676020043946,0.0720067276358667,0.0366182877609387,0.8782051282051282,0.0568786250768449,6.348094499667839,0.0262523284422073,0.0347568113017154,4.205311883442101,256066000.0,186332000.0,225751000.0,305080000.0,25705500.0,0.0,-3491000.0,65.72047149386577,0.0,-35.754196301564726,1.3694363103953149,0.0,-2.51718705242051,0.0381437955978046,0.0415844589467293,2010-10-27,0.18,bmo,30599999.0,2025-04-25,2010-09-30,0.2222222222222222,14.96578125,142731.515625
2010-06-30,MKTX,USD,1278021,2010-07-30,2010-07-30 14:59:08,2010,Q2,35326000.0,17249000.0,18077000.0,0.5117194135,0,21089000.0,759000.0,21848000.0,1622000.0,23470000.0,23470000.0,0.0,0.0,1622000.0,13478000.0,0.3815320161,11856000.0,0.3356168261,-1622000.0,11856000.0,0.3356168261,4687000.0,7169000.0,0.2029383457,0.19,0.18,33733000,39514000,https://www.sec.gov/Archives/edgar/data/1278021/000095012310070457/0000950123-10-070457-index.htm,https://www.sec.gov/Archives/edgar/data/1278021/000095012310070457/y85786e10vq.htm,1.047223786796312,0.2125218628642575,0.6710935878813031,0.6330003260901788,5.561705155189281,6.82151009397326,5.64094506862716,6.82151009397326,0.0,465178070.0,351652070.0,16.22186044078672,13.168150087754062,20.548549783549785,21.785138856366785,2.0215465212289776,2.0215465212289776,9.954483100266094,26.09081985457783,15.533707482993195,16.468508874631198,0.0154113026007438,0.0459028517831891,0.0,0.0,-8.423059801157441,8.660109551797209,0.0,3.157762588924536,0.0058042289052878,0.3766215650718371,0.5969823925720432,0.0,0.1395198923751734,0.0567629649262302,0.0363754741550133,0.7922318125770653,0.0652776991451055,5.711278380202371,0.0275280791014687,0.0291883132745957,4.4572154863190345,191587000.0,190286000.0,161272000.0,240797000.0,25388000.0,0.0,-5485500.0,61.376606465492834,0.0,0.0,1.466356730729318,0.0,0.0,0.0311546651601408,0.0380932617911244,2010-07-28,0.17,bmo,33338888.0,2025-04-25,2010-06-30,0.0588235294117645,15.352380952380951,138132.57142857142
2010-03-31,MKTX,USD,1278021,2010-04-30,2010-04-30 14:13:13,2010,Q1,34884000.0,17288000.0,17596000.0,0.5044146313,0,21555000.0,628000.0,22183000.0,1616000.0,23799000.0,23799000.0,0.0,0.0,1616000.0,12701000.0,0.3640924206,11085000.0,0.3177674579,-1616000.0,11085000.0,0.3177674579,4384000.0,6701000.0,0.1920937966,0.18,0.17,33626000,39305000,https://www.sec.gov/Archives/edgar/data/1278021/000095012310041602/0000950123-10-041602-index.htm,https://www.sec.gov/Archives/edgar/data/1278021/000095012310041602/y84117e10vq.htm,1.037411526794742,0.1992803188009278,-0.002408850294415,-0.1023315291738535,4.987033842859692,6.608368524356153,5.406263010765479,6.608368524356153,0.0,528936980.0,424384980.0,19.733509177734668,15.162738791423005,-6530.086172839507,-153.71606509735545,2.380315193080513,2.380315193080513,12.165605435156518,33.4135091725061,-5239.320740740741,-123.33187445510026,0.0126688060267595,-0.0065055009010714,0.0,0.0,-8.23179277222266,9.367855543948664,0.0,-0.0120877480972989,0.0050686567613404,0.4000895388747948,0.6179050567595459,0.0,0.1482663380173201,-41.48148148148148,0.0963192294461644,2.0792079207920797,0.0628941635133585,5.443404283302271,0.0265356712918963,0.0288576239508373,3.919712424909296,168219000.0,181791000.0,137904000.0,217758000.0,24917500.0,0.0,-5485500.0,68.8467492260062,0.0,-57.11418324849607,1.3072512647554806,0.0,-1.5757907209917057,0.0301557514636857,0.0999226788794385,2010-04-28,0.17,bmo,34900000.0,2025-04-25,2010-03-31,0.0,14.77409836065574,106706.5737704918
2009-12-31,MKTX,USD,1278021,2010-02-26,2010-02-26 12:53:20,2009,Q4,33959000.0,61839000.0,-27880000.0,-0.8209900174,0,20376000.0,878000.0,21254000.0,1666000.0,22920000.0,22920000.0,0.0,0.0,1666000.0,12705000.0,0.3741276245,11039000.0,0.3250684649,-6790000.0,11039000.0,0.3250684649,5603000.0,5436000.0,0.160075385,0.16,0.16,33328472,33626000,https://www.sec.gov/Archives/edgar/data/1278021/000095012310017821/0000950123-10-017821-index.htm,https://www.sec.gov/Archives/edgar/data/1278021/000095012310017821/y82820e10vk.htm,1.018918599088491,0.1631037870563043,0.5795045149384587,0.4649778123641552,5.230902874875272,6.496007377715966,5.267328187142813,6.496007377715966,0.0,463265760.8,359924760.8,21.305452575423104,13.641914096410378,23.98600811846329,29.89389951603536,2.1397758949109016,2.1397758949109016,10.598803286315851,28.32937904761905,18.63543340581961,23.225447557591792,0.0117340853997341,0.0334516411772773,0.0,0.0,-8.13388429752066,6.644753684072336,0.0,3.552980132450331,0.0057202587029608,0.4874908020603384,0.6000176683647929,0.0,0.1476814552483717,0.1976286631459045,0.1124002473571071,2.291116446578632,0.0621337495214817,4.882548165778935,0.0220244148498685,0.0230011509037979,3.928067869418076,171990000.0,175552000.0,141675000.0,219796000.0,23401500.0,0.0,0.0,61.35339674313142,0.0,0.0,1.4669114470842333,0.0,0.0,0.025108313087177,0.1145267025743034,2010-02-03,0.14,bmo,27917647.0,2025-04-25,2009-12-31,0.2142857142857142,12.70078125,88848.796875
2009-09-30,MKTX,USD,1278021,2009-10-30,2009-10-30 16:21:09,2009,Q3,30009000.0,15862000.0,14147000.0,0.4714252391,0,19161000.0,651000.0,19812000.0,1654000.0,21466000.0,21466000.0,0.0,0.0,1654000.0,10197000.0,0.3397980606,8543000.0,0.2846812623,-1654000.0,8543000.0,0.2846812623,3903000.0,4640000.0,0.1546202806,0.13,0.12,33287000,38197000,https://www.sec.gov/Archives/edgar/data/1278021/000095012309055652/0000950123-09-055652-index.htm,https://www.sec.gov/Archives/edgar/data/1278021/000095012309055652/y80064e10vq.htm,0.9015231171328146,0.1393937573226785,0.5445369062997567,0.5127527262895425,4.87658845795656,6.3631748129900565,5.113828221227506,6.3631748129900565,0.0,400442610.0,294309610.0,21.575571659482755,13.34408377486754,22.092166501158555,23.461601242090463,1.8905656929998915,1.8905656929998915,9.807378119897365,28.86237226635285,16.236875758578837,17.243356573705178,0.0115871784973132,0.042622836765548,0.0,0.0,-10.408257330587428,7.509103807046583,0.0,3.9064655172413794,0.0,0.0,0.6385084474657603,0.0,0.1554654205607476,0.0583691934238111,0.0352560898397147,0.6396614268440145,0.0717118197873971,4.467348657524239,0.0191635759893609,0.0205388800113317,3.736526271517409,165162000.0,170224000.0,134847000.0,210759000.0,22669000.0,0.0,0.0,70.93771868439468,0.0,0.0,1.2687185557857354,0.0,0.0,0.0219063221456864,0.0317841800102142,2009-10-28,0.09,bmo,22500000.0,2025-04-25,2009-09-30,0.3333333333333333,10.73359375,87398.453125
2009-06-30,MKTX,USD,1278021,2009-07-30,2009-07-30 16:01:32,2009,Q2,25839000.0,14730000.0,11109000.0,0.4299314989,0,17716000.0,708000.0,18424000.0,1679000.0,20103000.0,20103000.0,0.0,0.0,1679000.0,7415000.0,0.28696931,5736000.0,0.2219900151,-1679000.0,5736000.0,0.2219900151,2549000.0,3187000.0,0.1233406866,0.09,0.08,33256000,37854000,https://www.sec.gov/Archives/edgar/data/1278021/000095012309027653/0000950123-09-027653-index.htm,https://www.sec.gov/Archives/edgar/data/1278021/000095012309027653/y78489e10vq.htm,0.7769725763771951,0.0958323310079384,0.2470832331007938,0.215058936733221,4.359363723839307,6.157836179937455,4.886306230454655,6.157836179937455,0.0,316929680.0,228192680.0,24.861129588955126,12.265555168543674,38.56999878301083,44.313434004474274,1.54762155431306,1.54762155431306,8.831327837764618,30.774467970330413,27.77080199586224,31.90613534675615,0.0100558584478424,0.0225665201189109,0.0,0.0,-11.967228590694535,10.075316269491028,0.0,2.5782867900847197,0.0,0.0,0.6856302488486397,0.0,0.1677383526051687,0.1296093464768163,0.0412167653546963,0.6343061346039309,0.0817756105112427,3.6438572131039337,0.0135559336452573,0.0151900061484493,3.42581038008179,154235000.0,162499000.0,123920000.0,200418000.0,19801000.0,0.0,0.0,75.53117380703587,0.0,0.0,1.1915609868572743,0.0,0.0,0.015562663281002,0.0320242963675727,2009-07-28,0.08,bmo,25900000.0,2025-04-25,2009-06-30,0.0,9.80253968253968,125932.19047619047
2009-03-31,MKTX,USD,1278021,2009-05-01,2009-05-01 09:45:40,2009,Q1,24632000.0,14360000.0,10272000.0,0.4170185125,0,17465000.0,645000.0,18110000.0,1791000.0,19901000.0,19901000.0,0.0,0.0,1791000.0,6522000.0,0.2647775252,4731000.0,0.1920672296,-1791000.0,4731000.0,0.1920672296,1892000.0,2839000.0,0.1152565768,0.08,0.08,33183476,37516962,https://www.sec.gov/Archives/edgar/data/1278021/000095012309007696/0000950123-09-007696-index.htm,https://www.sec.gov/Archives/edgar/data/1278021/000095012309007696/y76718e10vq.htm,0.7422971601890049,0.0855546296596534,-0.0702156699918959,-0.0960719124180962,4.141458839333167,5.992470469338414,4.703545825036533,5.992470469338414,0.0,253521756.64,143698756.64,22.32491692849595,10.292374011042543,-108.80762087553649,-79.52376306148055,1.274933274864094,1.274933274864094,5.833824157193893,22.03292803434529,-61.67328611158798,-45.07489229611041,0.011198249955452,-0.0125748576463476,0.0,0.0,-16.838853112542164,11.358210017074558,0.0,-0.8207115181401902,0.0,0.0,0.7090370250081195,0.0,0.1758516910476848,-0.3682403433476395,0.0348327379019162,0.4790619765494137,0.0827784995128288,3.396377601856102,0.0123883996753445,0.0141630622945258,3.20927048148904,145595000.0,156080000.0,115280000.0,192368000.0,15600000.0,0.0,0.0,65.4648424813251,0.0,0.0,1.3747837249539543,0.0,0.0,0.0142770214884511,0.0258562424262003,2009-04-29,0.07,bmo,21612500.0,2025-04-25,2009-03-31,0.1428571428571427,7.815245901639344,68775.0655737705
2008-12-31,MKTX,USD,1278021,2009-04-30,2009-04-30 16:31:33,2008,Q4,21828000.0,6436000.0,15392000.0,0.7051493495,0,16158000.0,869000.0,17027000.0,1789000.0,18816000.0,18816000.0,0.0,0.0,1789000.0,4801000.0,0.2199468572,3012000.0,0.1379879054,-7880000.0,3012000.0,0.1379879054,1076000.0,1936000.0,0.0886934213,0.0583,0.0583,33026712,33183476,https://www.sec.gov/Archives/edgar/data/1278021/000095012309007621/0000950123-09-007621-index.htm,https://www.sec.gov/Archives/edgar/data/1278021/000095012309007621/y76708e10vkza.htm,0.6609195611116239,0.0586192170749543,0.296275330102494,0.2706899796746342,4.316203199398111,5.888960426941683,4.554676832498494,5.888960426941683,0.0,269497969.92,162174969.92000002,34.80087421487603,12.346434392523363,27.541948893203884,30.145186791946312,1.3856435446005768,1.3856435446005768,7.429676100421478,33.77941468860654,16.57383443229433,18.140376948545864,0.0071837275827149,0.0331727916267934,0.0,0.0,-22.354301187252656,7.407446808510638,0.0,5.054235537190083,0.0,0.0,0.740241891148983,0.0,0.1788230233577353,0.086356668369954,0.0387117463807953,0.4723309111235327,0.0808594465823712,2.7869590266607767,0.0086117931746201,0.0095670608467046,3.0453303980123727,138529000.0,150426000.0,108214000.0,185965000.0,15018500.0,0.0,0.0,54.767729521715225,0.0,0.0,1.6433034706015208,0.0,0.0,0.0099540857511581,0.0255853504278597,2009-02-04,0.04,bmo,17440000.0,2025-04-25,2008-12-31,0.25,6.125,128737.203125
2008-09-30,MKTX,USD,1278021,2008-10-31,2008-10-31 16:07:41,2008,Q3,22681000.0,13840000.0,8841000.0,0.389797628,0,1781000.0,646000.0,2427000.0,2494000.0,20583000.0,20583000.0,0.0,0.0,2494000.0,4592000.0,0.202460209,2098000.0,0.0925003307,-2494000.0,2098000.0,0.0925003307,579000.0,1519000.0,0.0669723557,0.04,0.04,32952000,37438000,https://www.sec.gov/Archives/edgar/data/1278021/000095012308014074/0000950123-08-014074-index.htm,https://www.sec.gov/Archives/edgar/data/1278021/000095012308014074/y72252e10vq.htm,0.6883042000485555,0.0460973537266326,0.2709395484340859,0.194221898519058,4.036113134255888,5.778799465889779,4.471382617140082,5.778799465889779,0.0,265922640.0,150960640.0,43.76606978275181,11.724467175168645,29.78524193548387,41.5504125,1.3964838281089993,1.3964838281089993,6.65581940831533,32.874703832752616,16.908673835125448,23.5876,0.0057121875745517,0.0240671497545301,0.0,0.0,-25.0352787456446,7.97310715763343,0.0,5.877551020408164,0.0,0.0,0.0785238746087033,0.0,0.1794530019910527,0.2831541218637993,0.1114589303822582,1.013632718524459,0.0787002336757638,2.448206623147633,0.0068814612798883,0.0077109730344379,2.910673100267055,134832000.0,147341000.0,104517000.0,181493000.0,17596500.0,5301500.0,0.0,66.48119571447467,0.0,0.0,1.3537662647725917,0.0,0.0,0.0079769775709866,0.0767176499150279,2008-10-29,0.04,bmo,22700000.0,2025-04-25,2008-09-30,0.0,8.713125,165167.09375
2008-06-30,MKTX,USD,1278021,2008-08-01,2008-08-01 16:00:22,2008,Q2,25637000.0,14363000.0,11274000.0,0.4397550415,0,1495000.0,683000.0,2178000.0,18700000.0,20878000.0,20878000.0,0.0,0.0,1816000.0,6575000.0,0.256465265,4759000.0,0.1856301439,-1816000.0,4759000.0,0.1856301439,1911000.0,2848000.0,0.111089441,0.08,0.08,32931838,34758642,https://www.sec.gov/Archives/edgar/data/1278021/000095012308008710/0000950123-08-008710-index.htm,https://www.sec.gov/Archives/edgar/data/1278021/000095012308008710/y64100e10vq.htm,0.77848676408526,0.0864816594810165,0.3288307199859297,0.3182634385605808,3.594636898189527,5.665490034294472,4.463765429673254,5.665490034294472,0.0,248964695.28,152708695.28,21.854344740168536,9.71114776611928,22.990552708468,23.75390661959737,1.3343947221224708,1.3343947221224708,5.956574298084799,23.225657076806083,14.101827987810507,14.570050117355214,0.0114393729472244,0.0420983384339392,0.0,0.0,-14.639695817490496,107.48099829835508,0.0,3.802317415730337,0.0,0.0,0.0583141553223856,0.0,0.1727683092934725,0.0321359312955951,0.0135741311385887,0.1916299559471365,0.0,3.320259334543962,0.0125296413126207,0.015029896194502,2.7243620595971594,187726000.0,147000000.0,147000000.0,230123000.0,17958000.0,5301500.0,0.0,64.73105277528572,66.43946250783263,0.0,1.3903682412278322,1.3546166179383194,0.0,0.0152646388851668,0.0105672814253489,2008-07-30,0.07,bmo,22400000.0,2025-04-25,2008-06-30,0.1428571428571427,8.38328125,148371.625
2008-03-31,MKTX,USD,1278021,2008-05-12,2008-05-12 16:45:51,2008,Q1,22939000.0,13891000.0,9048000.0,0.394437421,0,3721000.0,583000.0,583000.0,0.0,19975000.0,19975000.0,0.0,0.0,1780000.0,4744000.0,0.206809364,2964000.0,0.1292122586,-1780000.0,2964000.0,0.1292122586,1368000.0,1596000.0,0.0695758316,0.05,0.05,32413129,33394866,https://www.sec.gov/Archives/edgar/data/1278021/000095012308005522/0000950123-08-005522-index.htm,https://www.sec.gov/Archives/edgar/data/1278021/000095012308005522/y57778e10vq.htm,0.7077070529043956,0.0492393067019231,-0.0588650358316224,-0.0899326936316453,2.8713364883717336,5.553428673917906,4.143351911504749,5.553428673917906,0.0,322186502.26,267887502.26,50.467810504385966,14.04535953005798,-168.86085024109013,-110.52710197598628,1.7898852373280592,1.7898852373280592,11.678255471467804,56.4686977782462,-140.40225485324947,-91.89965772212692,0.0049536525857065,-0.0090475546913124,0.0,0.0,-11.445826306913997,92.0378223495702,0.0,-1.1954887218045114,0.0,0.0,0.1622128253193251,0.0,0.2276247441369384,-0.5277777777777778,0.0438990365752648,0.5657303370786517,0.075809756310214,2.480434840658329,0.008018247038373,0.0102910643127039,2.6344186024126213,158861000.0,134299000.0,139819000.0,207540000.0,17937000.0,0.0,0.0,68.57012075504599,0.0,0.0,1.3125250329003837,0.0,0.0,0.0088664696340081,0.0310676578000229,2008-05-07,0.05,bmo,22900000.0,2025-04-25,2008-03-31,0.0,10.107213114754098,200445.868852459
2007-12-31,MKTX,USD,1278021,2008-03-03,2008-03-03 17:12:48,2007,Q4,22376000.0,-17478000.0,39854000.0,1.7811047551,0,9546000.0,541000.0,-3441000.0,-51770000.0,19276000.0,19276000.0,0.0,0.0,1694000.0,4794000.0,0.2142474079,3100000.0,0.1385412942,-7170000.0,3100000.0,0.1385412942,1192000.0,1908000.0,0.0852699321,0.0589,0.0589,32413129,32413129,https://www.sec.gov/Archives/edgar/data/1278021/000095012308002433/0000950123-08-002433-index.htm,https://www.sec.gov/Archives/edgar/data/1278021/000095012308002433/y50504e10vk.htm,0.690337548096637,0.0588650358316224,0.2094830153546731,0.1626809926311032,3.97200159231773,5.380443214846675,5.098211900492545,5.380443214846675,0.0,415860445.07,343149445.07,54.489052026991615,18.585111059617446,61.24601547422681,78.86600513369999,2.384561919471092,2.384561919471092,15.335602657758312,71.57894139966625,50.537473500736375,65.07670113218282,0.0045880776174296,0.0126797344217539,0.0,0.0,-15.167083854818523,236.04963680387408,0.0,3.558700209643606,0.0,0.0,0.4266178047908473,0.0,0.0461167740439389,0.2234167893961708,0.0677958526993207,0.8955135773317592,0.2517876296031462,2.6694942609451484,0.0096588032803482,0.0100836072678075,3.6582012801047377,194151000.0,165249000.0,171008000.0,206230000.0,19039500.0,0.0,0.0,73.99579907043261,0.0,0.0,1.2162852639017232,0.0,0.0,0.0109405551701004,0.0468020227235698,2008-02-06,0.06,bmo,22300000.0,2025-04-25,2007-12-31,0.0,14.67046875,192690.890625
2007-09-30,MKTX,USD,1278021,2007-11-02,2007-11-02 12:04:10,2007,Q3,22198000.0,0.0,22198000.0,1.0,0,1481000.0,481000.0,1962000.0,16593000.0,18555000.0,18555000.0,0.0,0.0,1686000.0,5329000.0,0.2400666727,3643000.0,0.1641138841,0.0,3643000.0,0.1641138841,1233000.0,2410000.0,0.1085683395,0.07,0.07,32828978,34575086,https://www.sec.gov/Archives/edgar/data/1278021/000095012307014736/0000950123-07-014736-index.htm,https://www.sec.gov/Archives/edgar/data/1278021/000095012307014736/y41435e10vq.htm,0.6761709121739946,0.073410753146199,0.3055532219126651,0.2477689070917772,4.007587443020614,5.371199797934618,5.188708585445456,5.371199797934618,0.0,525263648.0,450913648.0,54.48793029045644,23.66265645553653,52.36403628750872,64.57630292598968,2.978850275901572,2.978850275901572,20.31325560861339,84.61505873522236,44.95201355797029,55.43565871649865,0.0045881720716374,0.015485556693236,0.0,0.0,-13.951960968286732,165.3208041958042,0.0,4.162240663900415,0.0,0.0,0.0667177223173258,0.0,0.0302012915324471,0.1891137473831123,0.0854581493828272,1.1251482799525503,0.4621137039372917,2.978562741569259,0.0122195462035745,0.012527419975257,3.78593875203791,187983000.0,170340000.0,167089000.0,197225000.0,19344500.0,0.0,0.0,79.79908099828813,0.0,0.0,1.127832537343766,0.0,0.0,0.013667477641481,0.0577843148208878,2007-10-31,0.06,bmo,19028571.0,2025-04-25,2007-09-30,0.1666666666666668,17.204444444444444,216898.11111111112
2007-06-30,MKTX,USD,1278021,2007-08-02,2007-08-02 14:08:58,2007,Q2,25304000.0,13750000.0,11554000.0,0.456607651,0,1320000.0,530000.0,1850000.0,17415000.0,19265000.0,19265000.0,0.0,0.0,1879000.0,7918000.0,0.3129149542,6039000.0,0.2386579197,-1879000.0,6039000.0,0.2386579197,2487000.0,3552000.0,0.1403730635,0.11,0.1,32927868,34631142,https://www.sec.gov/Archives/edgar/data/1278021/000095012307010719/0000950123-07-010719-index.htm,https://www.sec.gov/Archives/edgar/data/1278021/000095012307010719/y37796e10vq.htm,0.7684676092603384,0.1078721525487164,0.4269635677596861,0.383656785796153,3.815005575216713,5.324547583827778,5.141511135795369,5.324547583827778,0.0,592372345.3199999,527022345.31999993,41.69287340371621,23.410225471071765,42.13474253645351,46.890868781762045,3.378690812087197,3.378690812087197,20.82762983401833,66.56003350846173,37.4864745230813,41.71790907306261,0.0059962286019297,0.0213261137185187,0.0,0.0,-8.253346804748674,282.7092307692308,0.0,3.9580518018018016,0.0,0.0,0.0521656655074296,0.0,0.0311858057238656,0.1014296891670815,0.0563547265254505,0.7589143161255987,0.4351090736642428,3.594903921852477,0.0184413143589929,0.0189709134024803,3.7032537302445454,183111000.0,169299000.0,165826000.0,192611000.0,19502500.0,4232000.0,0.0,67.60314574770787,0.0,0.0,1.3312989951070655,0.0,0.0,0.0202594024845145,0.0433067819635331,2007-08-01,0.08,bmo,20240000.0,2025-04-25,2007-06-30,0.25,16.9815873015873,200382.09523809524
2007-03-31,MKTX,USD,1278021,2007-05-10,2007-05-10 11:36:43,2007,Q1,23765000.0,14015000.0,9750000.0,0.4102671997,0,1181000.0,353000.0,1534000.0,17762000.0,19296000.0,19296000.0,0.0,0.0,1911000.0,6380000.0,0.268462024,4469000.0,0.1880496529,-1911000.0,4469000.0,0.1880496529,2019000.0,2450000.0,0.1030927835,0.08,0.07,30813478,34526548,https://www.sec.gov/Archives/edgar/data/1278021/000095012307007173/0000950123-07-007173-index.htm,https://www.sec.gov/Archives/edgar/data/1278021/000095012307007173/y34546e10vq.htm,0.7712534106016854,0.0795106608867717,-0.0571178625145788,-0.1089133787493901,3.780618338507584,5.65810844202657,5.4518026170236284,5.65810844202657,0.0,515817621.72,447526621.72,52.63445119591836,21.70492832821376,-293.07819415909086,-153.70012566150177,2.958585925229141,2.958585925229141,18.831332704397223,70.14523851410658,-254.2764896136364,-133.35119836710368,0.0047497407937139,-0.0065061755525322,0.0,0.0,-10.703918495297806,21.1390595463138,0.0,-0.7183673469387755,0.0,0.0,0.049694929518199,0.0,0.0336039836341146,-0.906818181818182,0.0671575846833578,0.8351648351648352,0.0,3.181556016460732,0.0135576337778761,0.0134013795215981,3.786151631438684,170457000.0,167989000.0,164093000.0,180710000.0,18713500.0,6893500.0,0.0,75.73406269724384,54.35319300749197,0.0,1.1883688368836884,1.655836483931947,0.0,0.0140525162607688,0.0517955162348112,2007-05-02,0.07,bmo,23800000.0,2025-04-25,2007-03-31,0.0,14.055409836065571,280072.0655737705
2006-12-31,MKTX,USD,1278021,2007-03-14,2007-03-14 15:02:18,2006,Q4,22080000.0,-11454000.0,33534000.0,1.51875,0,12407000.0,576000.0,-5442000.0,-32439000.0,18491000.0,18491000.0,0.0,0.0,1703000.0,5292000.0,0.239673913,3589000.0,0.1625452899,-6728000.0,3589000.0,0.1625452899,1351000.0,2238000.0,0.1013586957,0.0726,0.0726,30813478,30813478,https://www.sec.gov/Archives/edgar/data/1278021/000095012307003811/0000950123-07-003811-index.htm,https://www.sec.gov/Archives/edgar/data/1278021/000095012307003811/y31603e10vk.htm,0.716569547910171,0.0726305547202428,0.292793952049165,0.2276925701149347,4.3751309086238175,6.013115429553262,5.7985989118138495,6.013115429553262,0.0,418138896.46,336138896.46000004,46.70899200848972,18.93745002083333,46.34658573043672,59.59790428449259,2.256733661440484,2.256733661440484,15.223681904891306,63.51830998866214,37.25769191531811,47.91033301881414,0.0053522884834372,0.0167791134940998,0.0,0.0,-15.495086923658352,225.6289381563594,0.0,4.031277926720286,0.0,0.0,0.561911231884058,0.0,0.0323578652620448,0.2223453779649745,0.0908514492753623,1.1779213153258954,0.2661684782608696,3.134734112810744,0.0110018139720087,0.0113220146913005,4.18296662259288,192507000.0,178675000.0,174371000.0,203421000.0,18112500.0,6362000.0,0.0,71.04211956521739,-41.82556312205343,0.0,1.266854093751793,-2.151794101070825,0.0,0.0120786895863129,0.0651013819342302,2007-02-07,0.05,bmo,18416666.0,2025-04-25,2006-12-31,0.1999999999999999,12.782698412698412,218213.6031746032
2006-09-30,MKTX,USD,1278021,2006-11-07,2006-11-07 12:14:30,2006,Q3,20774000.0,12439000.0,8335000.0,0.4012226822,0,2181000.0,338000.0,2519000.0,16025000.0,18544000.0,18544000.0,0.0,0.0,1703000.0,3933000.0,0.1893231925,2230000.0,0.1073457206,-1703000.0,2230000.0,0.1073457206,933000.0,1297000.0,0.0624338115,0.04,0.04,31319771,34792784,https://www.sec.gov/Archives/edgar/data/1278021/000095012306013607/0000950123-06-013607-index.htm,https://www.sec.gov/Archives/edgar/data/1278021/000095012306013607/y26630e10vq.htm,0.6632870974695185,0.0414115416105692,0.2384117048620821,0.1891137709787214,4.06318424231135,5.777692308158958,5.576062481427466,5.777692308158958,0.0,327918002.37,262625002.37,63.207016648033935,15.785019850293637,43.91562908396947,55.36349862738477,1.812142191306174,1.812142191306174,12.642004542697602,66.77472727434528,35.17142123610553,44.33986195677866,0.0039552570783733,0.0180624423093334,0.0,0.0,-16.60132214594457,537.4783861671469,0.0,5.757131842713955,0.0,0.0,0.1049870029844998,0.0,0.0319819705755741,0.2067764831927146,0.074323673823048,0.906635349383441,0.5046211610667181,2.3202199835853468,0.006580148953873,0.0067856021764151,3.9864914721119766,186158000.0,174641000.0,170006000.0,197108000.0,17844500.0,6569500.0,0.0,81.43063444690479,53.548516761797565,0.0,1.1052351564162588,1.6807188217808404,0.0,0.0071674882291827,0.0492979338833607,2006-11-01,0.03667,bmo,20700000.0,2025-04-25,2006-09-30,0.0908099263703299,9.895238095238096,117032.92063492064
2006-06-30,MKTX,USD,1278021,2006-08-07,2006-08-07 15:25:23,2006,Q2,20122000.0,12289000.0,7833000.0,0.3892754199,0,1845000.0,477000.0,2322000.0,16414000.0,18736000.0,18736000.0,0.0,0.0,1637000.0,3023000.0,0.1502335752,1386000.0,0.068879833,-1637000.0,1386000.0,0.068879833,586000.0,800000.0,0.0397574794,0.03,0.02,29837704,34944312,https://www.sec.gov/Archives/edgar/data/1278021/000095012306010010/0000950123-06-010010-index.htm,https://www.sec.gov/Archives/edgar/data/1278021/000095012306010010/y23841e10vq.htm,0.6743816481321753,0.026811714467038,0.1820180265881047,0.1025883224795044,4.021287965052539,5.948044795940063,5.726077314796071,5.948044795940063,0.0,328513121.04,277222121.04,102.660350325,16.326067043037472,60.488514277297,107.32215649787652,1.8510284266041608,1.8510284266041608,13.77706594970679,91.70430732385049,51.04439717179157,90.56586770336492,0.0024352147563159,0.0093177404613537,0.0,0.0,-16.966920277869665,382.5290322580645,0.0,6.78875,0.0,0.0,0.0916906868104562,0.0,0.0349627830861004,0.4363837230712576,0.1177815326508299,1.44777031154551,0.5217175231090349,1.8942647045443983,0.0042335882306247,0.0043762000361036,4.045276070839767,177411000.0,170853000.0,165922000.0,188965000.0,16379500.0,6266500.0,0.0,75.5575986482457,42.02294735128977,0.0,1.1911442609364826,2.14168699895434,0.0,0.0045076517388266,0.0794297041086003,2006-08-02,0.02,bmo,20100000.0,2025-04-25,2006-06-30,0.0,10.893650793650792,181134.77777777775
2006-03-31,MKTX,USD,1278021,2006-05-10,2006-05-10 13:01:49,2006,Q1,20340000.0,12335000.0,8005000.0,0.3935594887,0,4543000.0,378000.0,378000.0,0.0,18941000.0,18941000.0,0.0,0.0,1685000.0,3084000.0,0.1516224189,1399000.0,0.0687807276,-1685000.0,1399000.0,0.0687807276,313000.0,1086000.0,0.0533923304,0.04,0.03,29814296,35672980,https://www.sec.gov/Archives/edgar/data/1278021/000095012306006067/0000950123-06-006067-index.htm,https://www.sec.gov/Archives/edgar/data/1278021/000095012306006067/y20826e10vq.htm,0.6822230516528044,0.036425478569073,-0.1616338685307209,-0.2799663624457206,3.890348442237241,5.876912203461052,5.6507790759171375,5.876912203461052,0.0,358665980.88,306507980.88,82.56583353591161,17.63352905014749,-74.4274706121602,-42.969447811189646,2.0469933161355125,2.0469933161355125,15.069222265486726,99.38650482490272,-63.60406326623781,-36.72073569905355,0.0030278868303468,-0.0232723493304838,0.0,0.0,-16.912451361867703,266.72085889570553,0.0,-4.4373848987108655,0.0,0.0,0.2233529990167158,0.0,0.0363452094081369,-0.7321020958705126,0.1734513274336283,2.093768545994066,0.0411996066863323,2.1946662933550107,0.0058751291608735,0.0060752865622045,3.9445673981367855,173250000.0,168474000.0,163619000.0,184847000.0,15331000.0,6614000.0,0.0,70.20353982300885,49.57843534657479,0.0,1.2819866380940377,1.8153053715967624,0.0,0.0061980641037348,0.1183324939149997,2006-05-03,0.025,bmo,20400000.0,2025-04-25,2006-03-31,0.1999999999999999,12.24032258064516,167745.85483870967
2005-12-31,MKTX,USD,1278021,2006-03-14,2006-03-14 16:59:57,2005,Q4,18882000.0,-15789000.0,34671000.0,1.8361931999,0,15973000.0,797000.0,7415000.0,0.0,17250000.0,17250000.0,0.0,0.0,880000.0,2512000.0,0.1330367546,1632000.0,0.0864315221,-4556000.0,1632000.0,0.0864315221,-458000.0,2090000.0,0.1106874272,0.0701,0.0701,29154074,29814296,https://www.sec.gov/Archives/edgar/data/1278021/000095012306003136/0000950123-06-003136-index.htm,https://www.sec.gov/Archives/edgar/data/1278021/000095012306003136/y18398e10vk.htm,0.6476624844953058,0.0716880940893543,0.2669952748284854,0.1768877996262203,4.18274303618767,5.86072464520739,5.648095700106956,5.86072464520739,0.0,333231065.82,275042065.82,39.86017533732057,17.648081020019067,42.809746379753335,64.61723207678882,1.950270775704654,1.950270775704654,14.56636298167567,109.49126824044586,35.334283892600205,53.33373391894512,0.0062719242422882,0.0154757479987944,0.0,0.0,-23.16441082802548,193.9740820734341,0.0,3.724401913875598,0.0,0.0,0.8459379303039932,0.0,0.0325471747645199,0.3374871531346352,0.139127211100519,2.985227272727273,0.0324647812731702,3.074612828543144,0.0110269289211548,0.011342483298329,3.8911542860184825,178694000.0,164665000.0,160022000.0,189536000.0,16020500.0,7231500.0,0.0,70.52430886558628,-36.66920007600228,0.0,1.2761557177615572,-2.454375874397637,0.0,0.0122319505571682,0.090107475202265,2006-02-08,0.03,bmo,18900000.0,2025-04-25,2005-12-31,0.0,11.8484126984127,125315.03174603176
2005-09-30,MKTX,USD,1278021,2005-11-09,2005-11-09 16:21:01,2005,Q3,19088000.0,11332000.0,7756000.0,0.4063285834,0,4337000.0,503000.0,503000.0,0.0,17347000.0,17347000.0,0.0,0.0,1634000.0,2916000.0,0.1527661358,1741000.0,0.0912091366,-1175000.0,1741000.0,0.0912091366,570000.0,1171000.0,0.0613474434,0.04,0.03,28316845,35508128,https://www.sec.gov/Archives/edgar/data/1278021/000095012305013362/0000950123-05-013362-index.htm,https://www.sec.gov/Archives/edgar/data/1278021/000095012305013362/y14452e10vq.htm,0.6740863962775514,0.0413534770557948,0.2037303237701799,0.1509702087220522,4.085942484058517,5.91284092560453,5.698057110529086,5.91284092560453,0.0,385109092.0,330616092.0,82.21799573014518,20.17545536462699,66.75491280984572,90.08399812865495,2.300078789724845,2.300078789724845,17.32062510477787,113.38000411522634,57.30908164326573,77.33709754385966,0.0030406968423378,0.0111007506413273,0.0,0.0,-18.68758573388203,130.89469753547422,0.0,4.926558497011102,0.0,0.0,0.2272108130762783,0.0,0.0327526320040927,0.2589703588143526,0.0782690695725062,0.9143206854345164,0.4326802179379715,2.345553657435685,0.0063518410032762,0.0065195726367245,3.897777100520909,173929000.0,161351000.0,157006000.0,184356000.0,16636000.0,7736000.0,0.0,81.31024727577537,63.77515001764914,0.0,1.1068715569730356,1.4112079701120797,0.0,0.0069938423130446,0.0527601150481277,2005-11-01,0.03,bmo,19100000.0,2025-04-25,2005-09-30,0.0,11.20609375,134295.328125
2005-06-30,MKTX,USD,1278021,2005-08-15,2005-08-15 16:17:40,2005,Q2,19282000.0,10836000.0,8446000.0,0.4380251011,0,3958000.0,589000.0,589000.0,0.0,16467000.0,16467000.0,0.0,0.0,1084000.0,3899000.0,0.2022093144,2815000.0,0.1459910798,-1084000.0,2815000.0,0.1459910798,991000.0,1824000.0,0.0945959963,0.07,0.05,27727594,35424799,https://www.sec.gov/Archives/edgar/data/1278021/000095012305009966/0000950123-05-009966-index.htm,https://www.sec.gov/Archives/edgar/data/1278021/000095012305009966/y11888e10vq.htm,0.6954083358260367,0.0657828443391085,0.2626264651740068,0.2190597568617024,3.987580025876028,5.925432982032267,5.723828760620196,5.925432982032267,0.0,313321812.20000005,275691812.20000005,42.94432733004386,16.249445711025828,43.02688989288657,51.58409815607508,1.9070336352238009,1.9070336352238009,14.297884669640082,70.70833859964094,37.85935350178523,45.38883967731314,0.0058214906494786,0.0193858191913011,0.0,0.0,-9.651192613490638,106.54854981084488,0.0,3.992324561403509,0.0,0.0,0.2052691629499014,0.0,0.031184451287544,0.16588849217248,0.062649102790167,1.1143911439114391,0.0,2.961471981755709,0.0102662238982383,0.0105029193970034,3.881629614167028,167400000.0,158708000.0,154028000.0,177670000.0,15290500.0,6410500.0,0.0,74.80707395498392,61.81063122923588,0.0,1.2030947775628626,1.4560601988712711,0.0,0.0111017784756966,0.0435667083123043,2005-08-10,0.05,bmo,19300000.0,2025-04-25,2005-06-30,0.0,11.45078125,271677.671875
2005-03-31,MKTX,USD,1278021,2005-05-13,2005-05-13 17:05:37,2005,Q1,21308000.0,11086000.0,10222000.0,0.4797259245,0,3198000.0,693000.0,693000.0,0.0,15935000.0,15935000.0,0.0,0.0,1008000.0,6381000.0,0.2994649897,5373000.0,0.2521588136,-958000.0,5373000.0,0.2521588136,2316000.0,3057000.0,0.1434672424,0.11,0.09,27427508,35482963,https://www.sec.gov/Archives/edgar/data/1278021/000095012305006315/0000950123-05-006315-index.htm,https://www.sec.gov/Archives/edgar/data/1278021/000095012305006315/y09010e10vq.htm,0.7768842871178818,0.1114574462980741,-0.1431774261081247,-0.1737306940171159,3.742447181129252,5.826559233890297,5.629785979827259,5.826559233890297,0.0,306365264.36,249323264.36,25.05440500163559,14.377945577247983,-78.01509151005857,-64.29491382161595,1.9170834023327992,1.9170834023327992,11.700922862774544,39.07275730449773,-63.48949945505476,-52.32387499685205,0.0099782852549753,-0.0155533298135287,0.0,0.0,-8.93935119887165,79.85971043434847,0.0,-1.28459273797841,0.0,0.0,0.1500844753144359,0.0,0.0316889003710836,-0.2133944486885663,0.0393279519429322,0.8313492063492064,0.0076027782992303,3.822538657824432,0.0181630215852984,0.0185368219992117,3.757450366981936,157956000.0,154411000.0,149455000.0,168309000.0,14464500.0,5600000.0,0.0,61.47268631499906,43.66859101569547,0.0,1.4640648618936374,2.060977876928797,0.0,0.0191292050460552,0.0305532679089912,2005-05-04,0.1,bmo,23666666.0,2025-04-25,2005-03-31,-0.1,12.787540983606556,107397.54098360657
2004-12-31,MKTX,USD,1278021,2005-03-30,2005-03-30 15:29:40,2004,Q4,19673285.0,-17034966.0,36708251.0,1.8658933167,0,-20606199.0,637183.0,-19969016.0,95573949.0,75604933.0,75604933.0,0.0,0.0,983809.0,-54947839.0,-2.7930179937,-55931648.0,-2.8430253514,61009882.0,5078234.0,0.2581284214,2477773.0,2600461.0,0.1321823478,0.79,0.79,3304257,3304257,https://www.sec.gov/Archives/edgar/data/1278021/000095012305003795/0000950123-05-003795-index.htm,https://www.sec.gov/Archives/edgar/data/1278021/000095012305003795/y06665e10vk.htm,5.953920957116835,0.7870032506551398,3.142273436963287,0.954370074724817,32.457523733777364,47.295655271366606,45.60480616368521,47.295655271366606,0.0,56205411.57000001,-41446588.42999999,5.403408431235847,2.856940849990228,5.413278106197713,17.823274692371996,0.3596524860984022,0.3596524860984022,-2.1067446758383257,0.7542896897182798,-3.9918204218695017,-13.143110423265188,0.0462670929250523,0.0561064123882902,0.0,0.0,1.777176350829739,42.37945791726106,0.0,3.9927070623247194,0.0,0.0,-1.047420346932401,0.0,0.0316176678645199,0.6962803862011683,0.3674726920288096,7.34837249913347,0.0006607945749782,28.939441509982263,-0.1646998381779885,0.0151968875279047,29.538032301966823,116028000.0,150690000.0,98404000.0,126694000.0,7187500.0,2910500.0,0.0,65.76176779831125,-30.75380367650866,0.0,1.368576347826087,-2.926467273664319,0.0,0.0166400749950408,2.18790336223847,2005-03-30,,bmo,,2025-04-25,2004-12-31,,19.297435897435896,544665.282051282
2004-09-30,MKTX,USD,1278021,2004-09-30,2004-09-29 20:00:00,2004,Q3,18707904.0,0.0,18707904.0,1.0,0,8289733.0,630939.0,8920672.0,-14628649.0,-5707977.0,-5707977.0,0.0,0.0,644157.0,25060038.0,1.3395427943,24415881.0,1.3051104496,-19494881.0,4079255.0,0.2180498147,-14602591.0,18681846.0,0.9986071128,1.87,0.3,3316386,29921357,,,5.6410514336992135,5.6331940853688325,1.9778768213350315,1.2270595159912026,7.607659060193837,16.87583200508023,16.814991982236084,16.87583200508023,0.0,58003591.13999999,58003591.13999999,0.7762026185742029,3.100485823532128,8.842815594650915,14.253587354213872,1.0363933461019808,1.0363933461019808,3.100485823532128,2.3145851231350885,8.842815594650915,14.253587354213872,0.3220808510788355,0.0701577767862322,0.0,0.0,0.0,0.0,0.0,0.7181060986660294,0.0,0.0,0.4431139372962359,0.0,0.0017336339699978,0.3796077173486673,0.1330988228291101,3.865517257438792,0.0,46.248879265617454,3.6580430475368058,0.1607963978486845,-10.610435275025283,25229934.0,55765004.0,-35188299.0,30567683.0,0.0,0.0,0.0,0.0,0.0,0.0,0.0,0.0,0.0,0.3338024509649681,0.7508173053438291,2005-02-09,0.06,bmo,16230459.0,2025-04-25,2004-09-30,0.5,,
2004-06-30,MKTX,USD,1278021,2004-06-30,2004-06-29 20:00:00,2004,Q2,18703062.0,0.0,18703062.0,1.0,0,8304944.0,571518.0,8876462.0,-15069850.0,-6193388.0,-6193388.0,0.0,0.0,1094034.0,25990484.0,1.3896379106,24896450.0,1.3311429968,-20638450.0,3633211.0,0.1942575499,-19822404.0,23455615.0,1.2541056112,12.18,1.44,3300453,29981009,,,5.666816646078583,7.106786553239813,2.195370756680977,2.1342867176111886,6.296301447104383,14.93265136634274,14.871517637124358,14.93265136634274,0.0,57724922.96999999,57724922.96999999,0.6152569754619522,3.086388900919004,7.966763676146379,8.19477526411061,1.1712588455270148,1.1712588455270148,3.086388900919004,2.2210022318168448,7.966763676146379,8.19477526411061,0.4063342797735742,0.1220289718474093,0.0,0.0,0.0,0.0,0.0,0.1646932633378664,0.0,0.0,0.4440419435063628,0.0,0.0019390689560921,0.0278240196485703,0.0107792510124812,0.1842767226612701,0.0,48.86482613830945,6.7093200482936455,0.2258544131035917,-10.298409339566415,20780647.0,49082745.0,-33989416.0,23956045.0,,,,0.0,0.0,0.0,0.0,0.0,0.0,0.4759226194256475,0.0610840390697883,2004-06-29,,bmo,,2025-04-25,2004-06-30,,,
2004-03-31,MKTX,USD,1278021,2004-03-31,2004-03-30 19:00:00,2004,Q1,19172000.0,0.0,19172000.0,1.0,0,0.0,625000.0,625000.0,0.0,16164000.0,16164000.0,0.0,0.0,746000.0,3754000.0,0.1958063843,3008000.0,0.1568954726,0.0,3008000.0,0.1568954726,92000.0,2916000.0,0.1520968078,0.02,0.02,3295931,3295931,,,5.816869345869194,0.8847272591568209,-1.157791228032383,-1.854407753074928,,,,,,57645833.19,,4.942201062242798,3.006772021176716,-15.106350416666665,-9.431582655431937,0.0,0.0,,,,,0.050584748951219,-0.1060267440294412,0.0,0.0,,0.0,0.0,-1.308641975308642,0.0,0.0,0.0,0.0,0.0,-0.6016771488469602,0.1197579803880659,3.0777479892761392,0.0,,0.0,0.0,,,,,,,,,,0.0,0.0,0.0,0.0,0.0,0.0,0.6966165250425449,2004-03-30,,bmo,,2025-04-25,2004-03-31,,,
