date,symbol,reportedCurrency,cik,fillingDate,acceptedDate,calendarYear,period,revenue,costOfRevenue,grossProfit,grossProfitRatio,researchAndDevelopmentExpenses,generalAndAdministrativeExpenses,sellingAndMarketingExpenses,sellingGeneralAndAdministrativeExpenses,otherExpenses,operatingExpenses,costAndExpenses,interestIncome,interestExpense,depreciationAndAmortization,ebitda,ebitdaratio,operatingIncome,operatingIncomeRatio,totalOtherIncomeExpensesNet,incomeBeforeTax,incomeBeforeTaxRatio,incomeTaxExpense,netIncome,netIncomeRatio,eps,epsdiluted,weightedAverageShsOut,weightedAverageShsOutDil,link,finalLink,revenuePerShare,netIncomePerShare,operatingCashFlowPerShare,freeCashFlowPerShare,cashPerShare,bookValuePerShare,tangibleBookValuePerShare,shareholdersEquityPerShare,interestDebtPerShare,marketCap,enterpriseValue,peRatio,priceToSalesRatio,pocfratio,pfcfRatio,pbRatio,ptbRatio,evToSales,enterpriseValueOverEBITDA,evToOperatingCashFlow,evToFreeCashFlow,earningsYield,freeCashFlowYield,debtToEquity,debtToAssets,netDebtToEBITDA,currentRatio,interestCoverage,incomeQuality,dividendYield,payoutRatio,salesGeneralAndAdministrativeToRevenue,researchAndDdevelopementToRevenue,intangiblesToTotalAssets,capexToOperatingCashFlow,capexToRevenue,capexToDepreciation,stockBasedCompensationToRevenue,grahamNumber,roic,returnOnTangibleAssets,grahamNetNet,workingCapital,tangibleAssetValue,netCurrentAssetValue,investedCapital,averageReceivables,averagePayables,averageInventory,daysSalesOutstanding,daysPayablesOutstanding,daysOfInventoryOnHand,receivablesTurnover,payablesTurnover,inventoryTurnover,roe,capexPerShare,report_date,epsEstimated,time,revenueEstimated,updatedFromDate,fiscalDateEnding,surprise(%),QuarterAvgPrice,QuarterAvgVolume
2025-03-31,MLM,USD,916076,2025-04-30,2025-04-30 15:02:18,2025,Q1,1353000000.0,1018000000.0,335000000.0,0.2475979305,0,0.0,0.0,130000000.0,0.0,141000000.0,1159000000.0,0.0,56000000.0,-10000000.0,194000000.0,0.1433850702,194000000.0,0.1433850702,-46000000.0,148000000.0,0.1093865484,32000000.0,116000000.0,0.0857354028,1.9,1.9,60900000,61000000,https://www.sec.gov/Archives/edgar/data/916076/000095017025060940/0000950170-25-060940-index.htm,https://www.sec.gov/Archives/edgar/data/916076/000095017025060940/mlm-20250331.htm,22.216748768472907,1.9047619047619049,3.579638752052545,-0.2463054187192118,1.658456486042693,149.16256157635468,75.36945812807882,149.11330049261085,96.27257799671592,29118117000.0,34824117000.0,62.754562500000006,21.52115077605321,133.56934403669723,-1941.2078,3.206487941856623,3.206487941856623,25.738445676274942,179.50575773195877,159.74365596330276,-2321.6078,0.003983774088139,-0.0005151432010524,0.6394670190507653,0.3276348454073572,29.412371134020617,2.2491978609625667,3.4642857142857144,1.8793103448275863,0.001682801123438,0.4224137931034483,0.0,0.0,0.2535545023696682,1.0688073394495412,0.172209903917221,1.5129870129870129,0.0229120473022912,79.94104090585694,0.0089898341051232,0.0087679516250944,-121.55582922824304,1168000000.0,4590000000.0,-6537000000.0,16136000000.0,705500000.0,187500000.0,1144000000.0,48.75831485587583,0.0,103.7033398821218,1.8458390177353343,0.0,0.8678601875532822,0.0127739235766986,3.825944170771757,2025-04-30,1.88,bmo,1356698754.0,2025-05-12,2025-03-31,0.0106382978723404,507.88866666666667,550744.45
2024-12-31,MLM,USD,916076,2025-02-21,2025-02-21 14:57:38,2024,Q4,1631000000.0,1141000000.0,490000000.0,0.3004291845,0,0.0,0.0,107000000.0,-16000000.0,91000000.0,1232000000.0,0.0,50000000.0,149000000.0,600000000.0,0.3678724709,399000000.0,0.2446351931,-46000000.0,353000000.0,0.216431637,59000000.0,294000000.0,0.1802575107,4.81,4.8,61100012,61300000,https://www.sec.gov/Archives/edgar/data/916076/000095017025024770/0000950170-25-024770-index.htm,https://www.sec.gov/Archives/edgar/data/916076/000095017025024770/mlm-20241231.htm,26.693939110846657,4.811783015689096,11.22749370327456,7.4140738302964655,10.965627960924133,154.76265372910237,81.16201351973548,154.71355390241166,95.81012848246247,31558156198.0,36692156198.0,26.835166835034016,19.348961494788472,46.00314314577259,69.66480396909492,3.338427610070877,3.338427610070877,22.49672360392397,61.15359366333333,53.487108160349855,80.99813730242826,0.0093161336218569,0.0143544507846979,0.6139849783137629,0.3194276279581728,8.556666666666667,2.501968503937008,7.98,2.333333333333333,0.0015210014076501,0.1632653061224489,0.0,0.0,0.247495872317006,0.3396501457725947,0.1428571428571428,0.0,0.006131207847946,129.42210455212737,0.0192321091921337,0.0215022306735902,-114.20619688258,1526000000.0,4959000000.0,-6172000000.0,16508000000.0,797000000.0,345000000.0,1102000000.0,37.41263028816677,29.57931638913234,87.94916739702016,2.405604719764012,3.042666666666667,1.023318385650224,0.0311012377023167,3.8134198729780935,2025-02-12,4.62,bmo,1646861361.0,2025-05-12,2024-12-31,0.0367965367965367,567.37234375,429131.296875
2024-09-30,MLM,USD,916076,2024-10-30,2024-10-30 14:23:20,2024,Q3,1889000000.0,1290000000.0,599000000.0,0.3170989942,0,0.0,0.0,105000000.0,0.0,105000000.0,1395000000.0,0.0,38000000.0,152000000.0,648000000.0,0.3430386448,489000000.0,0.2588671255,-31000000.0,458000000.0,0.2424563261,95000000.0,363000000.0,0.1921651668,5.94,5.92,61100000,61300000,https://www.sec.gov/Archives/edgar/data/916076/000095017024118821/0000950170-24-118821-index.htm,https://www.sec.gov/Archives/edgar/data/916076/000095017024118821/mlm-20240930.htm,30.916530278232408,5.941080196399345,9.819967266775777,5.188216039279869,0.851063829787234,150.09819967266776,76.89034369885434,150.06546644844516,73.19148936170212,32887075000.0,37269075000.0,22.649500688705235,17.409780307040762,54.81179166666667,103.74471608832808,3.586767913621987,3.586767913621987,19.72952620434092,57.51400462962963,62.115125,117.56805993690853,0.0110377709176021,0.0096390451263908,0.483585996291853,0.2692331046208027,6.762345679012346,2.3353474320241694,12.86842105263158,1.6528925619834711,0.0014899470384641,0.1349862258953168,0.0,0.0,0.2716011901147611,0.4716666666666667,0.1498147167813658,1.861842105263158,0.007940709370037,141.63296524752448,0.0247190426044794,0.0302600866955651,-98.43698854337153,1326000000.0,4698000000.0,-4979000000.0,14889000000.0,912500000.0,309500000.0,1097000000.0,43.64213869772367,21.97674418604651,75.9767441860465,2.062227074235808,4.095238095238095,1.184573002754821,0.0395899225651652,4.631751227495909,2024-10-30,6.28,bmo,1929921379.0,2025-04-25,2024-09-30,-0.0589171974522293,540.535625,498786.296875
2024-06-30,MLM,USD,916076,2024-08-08,2024-08-08 12:27:38,2024,Q2,1764000000.0,1247000000.0,517000000.0,0.2930839002,0,0.0,0.0,117000000.0,14000000.0,117000000.0,1364000000.0,0.0,40000000.0,142000000.0,546000000.0,0.3095238095,400000000.0,0.2267573696,-28000000.0,372000000.0,0.2108843537,78000000.0,294000000.0,0.1666666667,4.78,4.77,61500000,61600000,https://www.sec.gov/Archives/edgar/data/916076/000095017024093580/0000950170-24-093580-index.htm,https://www.sec.gov/Archives/edgar/data/916076/000095017024093580/mlm-20240630.htm,28.682926829268293,4.780487804878049,0.016260162601626,-2.2439024390243905,1.772357723577236,143.739837398374,69.67479674796748,143.70731707317074,77.73983739837398,32721075000.0,37353075000.0,27.82404336734694,18.54936224489796,32721.074999999997,-237.1092391304348,3.702316700610997,3.702316700610997,21.17521258503401,68.41222527472527,37353.075,-270.6744565217391,0.0089850348743126,-0.0042174653491671,0.5364335822584295,0.2902712300251026,8.483516483516484,1.8637123745819395,10.0,0.0034013605442176,0.0014058217830557,0.1564625850340136,0.0,0.0,0.2788832425151534,139.0,0.078798185941043,0.9788732394366196,0.010204081632653,124.3273872750924,0.0202089773226404,0.0249617931737137,-99.9959349593496,1033000000.0,4285000000.0,-5264000000.0,14576000000.0,806000000.0,285000000.0,1091000000.0,46.37755102040816,21.94065757818765,79.7514033680834,1.9405940594059403,4.101973684210527,1.1285067873303167,0.0332654446707399,2.2601626016260163,2024-08-08,5.36,bmo,1834682564.0,2025-04-25,2024-06-30,-0.1119402985074627,581.1690476190477,438910.6349206349
2024-03-31,MLM,USD,916076,2024-04-30,2024-04-30 15:37:44,2024,Q1,1251000000.0,979000000.0,272000000.0,0.2174260592,0,0.0,0.0,118000000.0,33000000.0,118000000.0,1097000000.0,0.0,40000000.0,130000000.0,242000000.0,0.1934452438,154000000.0,0.1231015188,-7000000.0,1414000000.0,1.1302957634,368000000.0,1045000000.0,0.8353317346,16.91,16.85,61800000,62000000,https://www.sec.gov/Archives/edgar/data/916076/000095017024050478/0000950170-24-050478-index.htm,https://www.sec.gov/Archives/edgar/data/916076/000095017024050478/mlm-20240331.htm,20.24271844660194,16.90938511326861,2.7831715210355985,-0.4530744336569579,42.88025889967638,143.64077669902912,75.98705501618123,143.6084142394822,77.3948220064725,37353156000.0,39446156000.0,8.936161722488038,29.85863788968825,217.169511627907,-1334.0412857142858,4.208806309859155,4.208806309859155,31.531699440447643,163.00064462809917,229.33811627906977,-1408.7912857142858,0.027976217056465,-0.0007496019881158,0.5344225352112676,0.2920566502463054,8.648760330578513,3.1616515045486357,3.85,0.1645933014354067,0.0012314889804759,0.0440191387559808,0.0,0.0,0.2574507389162561,1.162790697674419,0.1598721023181454,1.5384615384615383,0.0119904076738609,233.74649642791923,0.0074638532450506,0.086657268430218,-59.01699029126213,3089000000.0,4696000000.0,-2845000000.0,14252000000.0,728150000.0,304650000.0,1032800000.0,50.57553956834533,24.4535240040858,99.00919305413689,1.7795163584637268,3.680451127819549,0.9090064995357474,0.1177464788732394,3.236245954692557,2024-04-30,1.86,bmo,1311216605.0,2025-04-25,2024-03-31,0.0376344086021504,545.7762295081967,404777.4590163935
2023-12-31,MLM,USD,916076,2024-02-23,2024-02-23 14:36:46,2023,Q4,1608200000.0,1124700000.0,483500000.0,0.3006466857,0,0.0,0.0,118700000.0,13000000.0,118700000.0,1243400000.0,0.0,40200000.0,128600000.0,490000000.0,0.3046884716,364800000.0,0.226837458,-27200000.0,342900000.0,0.2132197488,55100000.0,282500000.0,0.1756622311,4.66,4.64,61800000,62000000,https://www.sec.gov/Archives/edgar/data/916076/000095017024019275/0000950170-24-019275-index.htm,https://www.sec.gov/Archives/edgar/data/916076/000095017024019275/mlm-20231231.htm,26.022653721682847,4.5711974110032365,8.995145631067961,5.982200647249191,20.74919093851133,130.02588996763754,63.88996763754045,129.98705501618122,80.33980582524272,30832638000.0,34475138000.0,27.2855203539823,19.172141524685983,55.464360496492176,83.39907492561537,3.838151421600359,3.838151421600359,21.43709613232185,70.35742448979592,62.01679798524915,93.2516581011631,0.0091623687859598,0.0119905406731658,0.6130558183538316,0.3181457004980716,7.433673469387755,3.3489147154332595,9.07462686567164,1.932221063607925,0.00148543890406,0.1621238938053097,0.0,0.0,0.2640361247310994,0.3349523295556755,0.1157816192015918,1.447900466562986,0.0068399452804377,115.6262124713199,0.0207123915023897,0.0247970155804257,-82.56512944983818,2748700000.0,3948400000.0,-3525200000.0,13393400000.0,900400000.0,342750000.0,990850000.0,42.15707001616715,27.471325686849827,79.10909575886903,2.134873224478959,3.27614331488494,1.1376694315193203,0.0351665587810586,3.01294498381877,2024-02-14,3.99,bmo,1631660000.0,2025-04-25,2023-12-31,0.1604010025062655,450.7595238095238,350005.01587301586
2023-09-30,MLM,USD,916076,2023-11-01,2023-11-01 15:06:33,2023,Q3,1994100000.0,1318100000.0,676000000.0,0.3390000501,0,0.0,0.0,108100000.0,14300000.0,106100000.0,1424200000.0,40800000.0,40800000.0,131500000.0,712400000.0,0.357253899,566600000.0,0.2841382077,-26500000.0,540100000.0,0.2708490046,109900000.0,416700000.0,0.208966451,6.74,6.72,61800000,62000000,https://www.sec.gov/Archives/edgar/data/916076/000095017023057372/0000950170-23-057372-index.htm,https://www.sec.gov/Archives/edgar/data/916076/000095017023057372/mlm-20230930.htm,32.26699029126213,6.742718446601942,7.346278317152104,4.584142394822006,10.478964401294498,126.29126213592232,53.85922330097088,126.29126213592232,70.9546925566343,25367664000.0,29064264000.0,15.219380849532037,12.721360012035504,55.87591189427313,89.54346629015178,3.250264452644527,3.250264452644527,14.575128629456898,40.79767546322291,64.0182026431718,102.59182492057889,0.0164264238126143,0.0111677606578201,0.5566061910619107,0.2912091595275443,5.188938798427849,2.469021119971957,13.887254901960784,1.0897743638982238,0.001801506043284,0.1096712263018958,0.0,0.0,0.3000643526525359,0.3759911894273128,0.0856025274559951,1.119344262295082,0.005666716814603,138.41890952500606,0.0317203594272177,0.0399080591868984,-83.87095469255664,1676300000.0,3328500000.0,-4295600000.0,12880200000.0,1013350000.0,344550000.0,973900000.0,47.27696705280577,23.36545026932706,67.80896745315226,1.903675417661098,3.851841028638223,1.327258080757225,0.053390221402214,2.762135922330097,2023-11-01,6.06,bmo,1999320000.0,2025-04-25,2023-09-30,0.1452145214521453,442.1709523809524,402268.9682539682
2023-06-30,MLM,USD,916076,2023-07-27,2023-07-27 15:12:38,2023,Q2,1820800000.0,1260400000.0,560400000.0,0.3077768014,0,0.0,0.0,111600000.0,18700000.0,96700000.0,1357100000.0,42200000.0,42200000.0,129500000.0,611500000.0,0.3358413884,463300000.0,0.254448594,-23200000.0,439800000.0,0.2415421793,91900000.0,348000000.0,0.1911247803,5.63,5.61,61900000,62100000,https://www.sec.gov/Archives/edgar/data/916076/000095017023035096/0000950170-23-035096-index.htm,https://www.sec.gov/Archives/edgar/data/916076/000095017023035096/mlm-20230630.htm,29.41518578352181,5.621970920840065,5.783521809369952,3.852988691437803,18.15508885298869,119.92568659127625,47.49757673667205,119.92568659127625,82.15347334410339,28578611000.0,33200211000.0,20.530611350574716,15.69563433655536,79.82852234636871,119.82646121593292,3.8498007651480455,3.8498007651480455,18.23385929261863,54.29306786590352,92.73801955307265,139.2042389937107,0.0121769389002145,0.0083454020910953,0.6793517795080422,0.330777505214414,7.557808667211774,2.2131863560732112,10.97867298578199,1.0269650028686172,0.0014311402328125,0.1175287356321839,0.0,0.0,0.2940601592527974,0.3337988826815642,0.0656304920913884,1.031951640759931,0.0075241652021089,123.16623425376584,0.0251761676504427,0.0323332930715699,-88.6470113085622,1749900000.0,2940100000.0,-4630500000.0,12930400000.0,887950000.0,324750000.0,951700000.0,48.40070298769771,24.770707711837517,68.17121548714694,1.8594771241830064,3.6333237244162575,1.3202053000942704,0.046878788695207,1.9305331179321483,2023-07-27,4.86,bmo,2001310000.0,2025-04-25,2023-06-30,0.1522633744855965,394.3790322580645,355498.8548387097
2023-03-31,MLM,USD,916076,2023-05-04,2023-05-04 15:03:35,2023,Q1,1354100000.0,1051300000.0,302800000.0,0.2236171627,0,0.0,0.0,104300000.0,1600000.0,105900000.0,1157200000.0,42200000.0,42200000.0,123600000.0,335800000.0,0.2479875932,196100000.0,0.1448194373,-26100000.0,170000000.0,0.1255446422,35500000.0,121000000.0,0.0893582453,1.95,1.95,62100000,62200000,https://www.sec.gov/Archives/edgar/data/916076/000095017023017749/0000950170-23-017749-index.htm,https://www.sec.gov/Archives/edgar/data/916076/000095017023017749/mlm-20230331.htm,21.805152979066023,1.9484702093397743,2.5845410628019323,-0.215780998389694,15.003220611916264,115.57971014492752,43.27214170692432,115.57971014492752,81.86473429951691,22049226000.0,26861426000.0,45.5562520661157,16.283306993575067,137.37835514018693,-1645.4646268656716,3.0719924764890285,3.0719924764890285,19.837106565246287,79.99233472304944,167.36090965732086,-2004.5840298507464,0.0054877209748768,-0.0006077310831681,0.7024172762103796,0.3385691932656857,14.330553901131626,2.1179969879518072,4.6469194312796205,1.3199013157894737,0.0018866875417758,0.343801652892562,0.0,0.0,0.3015465821407705,1.083489096573209,0.1284247839893656,1.52276707530648,0.0103389705339339,71.18343554145262,0.0108376553096825,0.0116339441955271,-91.94565217391305,1484700000.0,2687200000.0,-4900700000.0,12637400000.0,791300000.0,343800000.0,911200000.0,52.95251458533343,25.9050699134405,81.2165889850661,1.6996359984937868,3.4742233972240584,1.1081479919890376,0.0168582375478927,2.8003220611916264,2023-05-04,0.98,bmo,1221830000.0,2025-04-25,2023-03-31,1.2040816326530617,350.8075806451613,385875.5161290322
2022-12-31,MLM,USD,916076,2023-02-24,2023-02-24 15:29:47,2022,Q4,1476500000.0,1122300000.0,354200000.0,0.2398916356,0,0.0,0.0,100700000.0,-11800000.0,88900000.0,1211200000.0,29000000.0,42600000.0,125700000.0,397300000.0,0.2690822892,152900000.0,0.1035557061,-29300000.0,233000000.0,0.1578056214,45400000.0,183600000.0,0.1243481206,2.96,2.95,62100000,62300000,https://www.sec.gov/Archives/edgar/data/916076/000095017023004361/0000950170-23-004361-index.htm,https://www.sec.gov/Archives/edgar/data/916076/000095017023004361/mlm-20221231.htm,23.776167471819647,2.9565217391304346,6.932367149758454,4.151368760064412,17.11111111111111,115.50402576489532,43.08373590982286,115.50402576489532,81.84541062801932,20987937000.0,25669937000.0,28.578345588235297,14.21465424991534,48.75246689895471,81.4117028704422,2.926045198527772,2.926045198527772,17.385666779546224,64.61096652403725,59.628192799070845,99.57306826997672,0.0087478821763187,0.0122832463238287,0.7026544724514834,0.3361434211930423,11.784545683362698,1.9901079136690647,3.5892018779342725,2.34221980413493,0.0019535031003761,0.2233115468409586,0.0,0.0,0.299947977803863,0.4011614401858304,0.1169657974940738,1.416735028712059,0.0056891296986115,87.65573951799954,0.0085986916121505,0.0174918780903747,-92.30152979066024,1431300000.0,2675500000.0,-4943900000.0,12628800000.0,898800000.0,359250000.0,848550000.0,47.904503894344735,30.87409783480353,70.06415396952687,1.8787377528947704,2.915064935064935,1.2845370264392812,0.025596698639304,2.780998389694042,2023-02-15,3.07,bmo,1439558008.0,2025-04-25,2022-12-31,-0.0097719869706839,341.14873015873013,366799.0
2022-09-30,MLM,USD,916076,2022-11-02,2022-11-02 14:51:41,2022,Q3,1811700000.0,1323900000.0,487800000.0,0.2692498758,0,0.0,0.0,94900000.0,-14800000.0,80100000.0,1404000000.0,42800000.0,42800000.0,123700000.0,533600000.0,0.2945299994,405900000.0,0.2240437158,-35500000.0,370400000.0,0.2044488602,79200000.0,295300000.0,0.162996081,4.74,4.72,62300000,62500000,https://www.sec.gov/Archives/edgar/data/916076/000095017022021173/0000950170-22-021173-index.htm,https://www.sec.gov/Archives/edgar/data/916076/000095017022021173/mlm-20220930.htm,29.080256821829856,4.739967897271268,4.406099518459069,2.987158908507223,13.487961476725522,111.36115569823436,39.192616372391655,111.3274478330658,88.03852327447834,20066207000.0,25372507000.0,16.987984253301725,11.075899431473202,73.10093624772313,107.82486297689414,2.893176896347881,2.893176896347881,14.004805983330574,47.549675787106445,92.4317194899818,136.3380279419667,0.014716283949428,0.009274298824885,0.7846360136684113,0.3694576264282368,9.944340329835082,2.00556455589209,9.483644859813085,0.929563156112428,0.0020482196759955,0.1391804944124619,0.0,0.0,0.3052404325953685,0.322040072859745,0.0487939504332946,0.7146321746160065,0.0054092840978086,108.96325939651474,0.0226018887898333,0.0288559255784865,-92.79494382022472,1427600000.0,2441700000.0,-4944600000.0,12474800000.0,1019149999.5,346600000.0,829300000.0,50.25832091405862,22.67165193745751,55.9755268524813,1.7907482455273305,3.9697151424287855,1.6078455185814913,0.0425768127225802,1.418940609951846,2022-11-02,4.63,bmo,1659195728.0,2025-04-25,2022-09-30,0.0129589632829374,338.555,411323.484375
2022-06-30,MLM,USD,916076,2022-07-28,2022-07-28 15:37:43,2022,Q2,1641700000.0,1216500000.0,425200000.0,0.2589998173,0,0.0,0.0,104100000.0,22000000.0,-56300000.0,1160200000.0,0.0,43100000.0,128400000.0,466400000.0,0.2840957544,478600000.0,0.2915270756,-21100000.0,457500000.0,0.2786745447,104400000.0,366500000.0,0.2232441981,5.87,5.86,62400000,62500000,https://www.sec.gov/Archives/edgar/data/916076/000095017022013360/0000950170-22-013360-index.htm,https://www.sec.gov/Archives/edgar/data/916076/000095017022013360/mlm-20220630.htm,26.309294871794872,5.873397435897436,1.863782051282051,0.5673076923076923,12.373397435897436,108.5272435897436,37.30769230769231,108.49358974358974,88.11057692307692,18672576000.0,23355476000.0,12.737091405184174,11.3739270268624,160.5552536543422,527.4738983050847,2.7581353028065,2.7581353028065,14.226397027471524,50.07606346483705,200.82094582975063,659.7592090395481,0.0196277149976521,0.0018958284063216,0.8057607090103397,0.3750997056962896,10.040523156089192,3.625295508274231,11.104408352668214,0.3174126637554585,0.0020404254881597,0.103956343792633,0.0,0.0,0.305587644745166,0.6956147893379192,0.049278187244929,0.724910394265233,0.0076140585977949,119.7396524370872,0.026593213141663,0.036291799934645,-93.12580129407053,1998900000.0,2328000000.0,-5010400000.0,13009600000.0,892899999.5,371750000.0,808800000.0,56.27946635195224,26.611590628853268,61.79038224414304,1.599162284822874,3.3819849874895747,1.4565373563218391,0.054135893648449,1.296474358974359,2022-07-28,3.72,bmo,1491478560.0,2025-04-25,2022-06-30,0.064516129032258,341.0879032258065,463860.6612903226
2022-03-31,MLM,USD,916076,2022-05-03,2022-05-03 15:53:02,2022,Q1,1230800000.0,1074700000.0,156100000.0,0.1268280793,0,0.0,0.0,97100000.0,-2300000.0,94800000.0,1169500000.0,0.0,40500000.0,128200000.0,194500000.0,0.1580272993,59900000.0,0.0486675333,-29700000.0,30200000.0,0.0245368866,5800000.0,21400000.0,0.0173870653,0.34,0.34,62400000,62600000,https://www.sec.gov/Archives/edgar/data/916076/000156459022017406/0001564590-22-017406-index.htm,https://www.sec.gov/Archives/edgar/data/916076/000156459022017406/mlm-10q_20220331.htm,19.72435897435897,0.3429487179487179,2.72275641025641,0.4823717948717949,3.0384615384615383,103.0625,31.865384615384617,103.0272435897436,89.08173076923077,24017136000.0,29345736000.0,280.5740186915888,19.513435164120896,141.36042377869336,797.9114950166113,3.7358079920359626,3.7358079920359626,23.84281442963925,150.8778200514139,172.72357857563273,974.9413953488372,0.0008910304709104,0.0012532718305796,0.8583427958126585,0.3874732296457536,27.396401028277637,2.7879085425725907,1.4790123456790123,7.976525821596244,0.0016196768840381,1.8177570093457944,0.0,0.0,0.3119544991749464,0.8228369629193644,0.1135846603834904,1.0904836193447738,0.0097497562560935,28.1956357405732,0.0035631424851326,0.0021839408907213,-106.73397435897436,1274600000.0,1988400000.0,-5822900000.0,12336900000.0,766600000.0,370000000.0,767500000.0,55.51511212219695,32.1410626221271,65.52154089513353,1.6211801896733404,2.800156331422616,1.3735940695296525,0.0033287187543747,2.2403846153846154,2022-05-03,0.67,bmo,1073055323.0,2025-04-25,2022-03-31,-0.3880597014925374,387.54338709677415,494849.62903225806
2021-12-31,MLM,USD,916076,2022-02-22,2022-02-22 17:25:16,2021,Q4,1496400000.0,1149700000.0,346700000.0,0.2316893879,0,0.0,0.0,102900000.0,700000.0,96900000.0,1246600000.0,0.0,42800000.0,131700000.0,377400000.0,0.2522052927,210000000.0,0.1403368083,-42200000.0,167900000.0,0.1122026196,11600000.0,156800000.0,0.1047848169,2.51,2.5,62400000,62700000,https://www.sec.gov/Archives/edgar/data/916076/000156459022005965/0001564590-22-005965-index.htm,https://www.sec.gov/Archives/edgar/data/916076/000156459022005965/mlm-10k_20211231.htm,23.98076923076923,2.5128205128205128,5.727564102564102,4.096153846153846,4.141025641025641,104.76923076923076,31.70192307692308,104.76923076923076,82.42948717948718,27488448000.0,32330848000.0,43.82724489795918,18.36971932638332,76.9122775601567,107.54478873239437,4.204669603524229,4.204669603524229,21.60575247260091,85.66732379438261,90.46124230554,126.49001564945227,0.0057042143667041,0.0092984514804182,0.7802251590797846,0.3543944973250886,12.830948595654478,2.6914695721498805,4.906542056074766,2.2778840025493947,0.0013860367817055,0.242984693877551,0.0,0.0,0.3167789897867019,0.2848349188584219,0.0680299385191125,0.2253708213415984,0.0066827051590483,76.96421976646262,0.0142615311146435,0.0159453302961275,-106.41346153846152,1273000000.0,1978200000.0,-5829800000.0,12597100000.0,787950000.0,302750000.0,735050000.0,46.55172413793104,27.8837957728103,58.914499434635125,1.933333333333333,3.2276810780460417,1.527637523252724,0.0239843367596671,1.6314102564102564,2022-02-10,2.91,bmo,1348625961.0,2025-04-25,2021-12-31,0.0824742268041236,405.35515625,311885.609375
2021-09-30,MLM,USD,916076,2021-11-02,2021-11-02 15:06:34,2021,Q3,1557300000.0,1115400000.0,441900000.0,0.2837603545,0,0.0,0.0,86000000.0,5600000.0,77600000.0,1193000000.0,0.0,44300000.0,113500000.0,483500000.0,0.310473255,356900000.0,0.2291787067,-38700000.0,318200000.0,0.2043280036,63600000.0,254600000.0,0.1634880884,4.08,4.07,62400000,62600000,https://www.sec.gov/Archives/edgar/data/916076/000156459021053473/0001564590-21-053473-index.htm,https://www.sec.gov/Archives/edgar/data/916076/000156459021053473/mlm-10q_20210930.htm,24.95673076923077,4.080128205128205,5.434294871794871,3.698717948717949,38.16346153846154,101.89423076923076,47.44230769230769,101.8573717948718,89.53525641025641,21320832000.0,24482132000.0,20.935616653574236,13.6908957811597,62.874762606900624,92.37795493934142,3.354494564105792,3.354494564105792,15.720883580556093,50.635226473629785,72.19738130345031,106.07509532062392,0.0119413726443696,0.0108250935047938,0.8720558850831511,0.4020469745107426,6.538366080661841,6.654524284763806,8.056433408577877,1.3318931657501965,0.0017776041760471,0.1488609583660644,0.0,0.0,0.2464638551595073,0.3193748156885874,0.0695434405702176,1.0207351555136663,0.0078340717909201,96.699537486541,0.0214715267911956,0.0245081051942551,-65.48758012820512,3399500000.0,2960400000.0,-3427300000.0,12825600000.0,761950000.0,246450000.0,723300000.0,46.34367173954922,20.11565357719204,57.8940290478752,1.9420127197904973,4.474127557160048,1.5545644599303137,0.0400572696234994,1.7355769230769231,2021-11-02,4.24,bmo,1420660000.0,2025-04-25,2021-09-30,0.0023584905660376,363.7446875,319386.078125
2021-06-30,MLM,USD,916076,2021-07-29,2021-07-29 15:51:36,2021,Q2,1377900000.0,992800000.0,385100000.0,0.2794832716,0,0.0,0.0,82400000.0,8700000.0,68300000.0,1061100000.0,0.0,28100000.0,107900000.0,417400000.0,0.3029247405,307500000.0,0.2231656869,-19400000.0,288100000.0,0.2090862907,62300000.0,225600000.0,0.1637274113,3.62,3.61,62400000,62500000,https://www.sec.gov/Archives/edgar/data/916076/000156459021039101/0001564590-21-039101-index.htm,https://www.sec.gov/Archives/edgar/data/916076/000156459021039101/mlm-10q_20210630.htm,22.08173076923077,3.615384615384616,3.995192307692307,2.3493589743589745,0.8509615384615384,98.20833333333331,44.92948717948718,98.17147435897436,53.43269230769231,21952944000.0,25205944000.0,24.32728723404255,15.93217504898759,88.0583393501805,149.74723055934516,3.5836275486051026,3.5836275486051026,18.293014006821977,60.38798275035937,101.10687525070196,171.93686221009548,0.01027652600945,0.0066779198270628,0.5396921268711536,0.2945799288966506,7.793483469094394,2.132321899736148,10.94306049822064,1.1040744021257751,0.001626205578623,0.1582446808510638,0.0,0.0,0.2962283148149798,0.4119534697152026,0.0745337107192103,1.1102702702702705,0.0071848465055519,89.36370547660206,0.0223165045672732,0.0285623852630246,-66.27804487179488,858300000.0,2803600000.0,-3478600000.0,10166200000.0,642800000.0,221800000.0,709550000.0,47.15871979098628,22.08299758259468,66.09488315874295,1.908448753462604,4.075533661740558,1.361678782060074,0.0368272417114219,1.6458333333333333,2021-07-29,3.84,bmo,1297510000.0,2025-04-25,2021-06-30,-0.0078124999999999,356.25650793650794,386114.253968254
2021-03-31,MLM,USD,916076,2021-05-04,2021-05-04 14:05:13,2021,Q1,982400000.0,807700000.0,174700000.0,0.1778298046,0,0.0,0.0,79800000.0,9500000.0,74200000.0,881900000.0,0.0,27400000.0,98600000.0,204400000.0,0.2080618893,99300000.0,0.1010789902,-17900000.0,81400000.0,0.0828583062,15900000.0,65200000.0,0.0663680782,1.05,1.04,62300000,62500000,https://www.sec.gov/Archives/edgar/data/916076/000156459021023197/0001564590-21-023197-index.htm,https://www.sec.gov/Archives/edgar/data/916076/000156459021023197/mlm-10q_20210331.htm,15.768860353130016,1.0465489566613162,3.080256821829856,1.3097913322632424,5.03852327447833,95.13162118780096,48.28731942215088,95.13162118780096,42.59871589085072,20921586000.0,23234186000.0,80.22080521472392,21.296402687296418,109.0233767587285,256.39198529411766,3.53005652386657,3.53005652386657,23.650433631921825,113.67018590998045,121.07444502344973,284.73267156862744,0.0031163985368986,0.0039002779234805,0.4431639867042367,0.2464045481410599,11.314090019569472,3.73373440285205,3.624087591240876,2.929770992366412,0.0017254906009515,0.553680981595092,0.0,0.0,0.2737890855872337,0.5747785304846275,0.1122760586319218,1.118661257606491,0.0110952768729641,47.32967066482541,0.0077539386751509,0.0084227932152592,-58.60353130016051,1226900000.0,3008300000.0,-3056900000.0,9921600000.0,569350000.0,203900000.0,699500000.0,51.63273615635179,22.285502042837688,76.88498204779002,1.7430801987224982,4.0385,1.1705797101449276,0.0110010629861474,1.7704654895666132,2021-05-04,0.5,bmo,656488800.0,2025-04-25,2021-03-31,1.08,319.4083606557377,573300.5409836066
2020-12-31,MLM,USD,916076,2021-02-19,2021-02-19 16:36:13,2020,Q4,1179600000.0,854200000.0,325400000.0,0.2758562224,0,0.0,0.0,84900000.0,-3900000.0,84600000.0,938800000.0,0.0,28400000.0,101300000.0,334600000.0,0.2836554764,240600000.0,0.2039674466,-32300000.0,208300000.0,0.1765852831,25300000.0,182900000.0,0.1550525602,2.94,2.93,62300000,62500000,https://www.sec.gov/Archives/edgar/data/916076/000156459021006959/0001564590-21-006959-index.htm,https://www.sec.gov/Archives/edgar/data/916076/000156459021006959/mlm-10k_20201231.htm,18.93418940609952,2.935794542536116,5.876404494382022,4.128410914927769,3.3274478330658104,94.59550561797752,47.69341894060995,94.59550561797752,42.60353130016051,17691331000.0,20109831000.0,24.18169901585566,14.997737368599523,48.32376673040154,68.78433514774494,3.0019396602921966,3.0019396602921966,17.048008646998984,60.10110878661088,54.929885277246655,78.1875233281493,0.01033839681141,0.0145381938758593,0.4455568187602871,0.2481664902464842,7.2280334728033475,3.3412777889044665,8.471830985915492,1.9994538503549968,0.0020066325139696,0.1940951339529797,0.0,0.0,0.2761605927718131,0.2974597104616225,0.0923194303153611,1.0944723618090453,0.0064428619871142,79.04771853563084,0.0208594213489695,0.0238810257481589,-59.29975922953451,1169000000.0,2971300000.0,-3019200000.0,9786300000.0,630700000.0,209250000.0,711750000.0,43.87843336724313,21.894169983610396,74.70147506438772,2.0511215440792907,4.110683349374399,1.2047954866008463,0.0310352434120102,1.7479935794542536,2021-02-09,2.3,bmo,1014970000.0,2025-04-25,2020-12-31,0.273913043478261,266.329375,570169.765625
2020-09-30,MLM,USD,916076,2020-10-29,2020-10-29 16:09:00,2020,Q3,1321400000.0,916900000.0,404500000.0,0.3061147268,0,0.0,0.0,71100000.0,4000000.0,3500000.0,920400000.0,0.0,28700000.0,98800000.0,432800000.0,0.3275314061,400600000.0,0.3031633116,-24700000.0,375900000.0,0.2844710156,81500000.0,294100000.0,0.2225669744,4.72,4.71,62300000,62400000,https://www.sec.gov/Archives/edgar/data/916076/000156459020048849/0001564590-20-048849-index.htm,https://www.sec.gov/Archives/edgar/data/916076/000156459020048849/mlm-10q_20200930.htm,21.21027287319422,4.720706260032102,4.98876404494382,3.78330658105939,1.8715890850722312,92.438202247191,45.58747993579454,92.39807383627608,50.21027287319422,14662928000.0,17645728000.0,12.464236654199254,11.09650976237324,47.17801801801802,62.21013152312261,2.547239246751442,2.547239246751442,13.353812622975632,40.77109057301294,56.77518661518661,74.8652015273653,0.020057385537186,0.0160745520949158,0.5384267945243555,0.2970082603445962,6.891866913123844,3.265112603713947,13.958188153310104,1.0553480475382004,0.0024142517783624,0.120367222033322,0.0,0.0,0.2797017843110949,0.2416344916344916,0.0568336612683517,2.446254071661238,0.0020432874224307,99.06636021077428,0.0312712767208462,0.0391267328313333,-59.196227929374,1146600000.0,2840100000.0,-3023700000.0,9715100000.0,688350000.0,203950000.0,713700000.0,46.743605267140914,20.68164467226524,70.13305704002617,1.925397056680752,4.351684859990508,1.2832750174947516,0.0510909596275449,1.2054574638844302,2020-10-29,3.76,bmo,1055354564.0,2025-04-25,2020-09-30,0.023936170212766,216.315625,574203.1875
2020-06-30,MLM,USD,916076,2020-07-28,2020-07-28 13:41:14,2020,Q2,1270600000.0,890100000.0,380500000.0,0.2994648198,0,0.0,0.0,71200000.0,3800000.0,73600000.0,963700000.0,0.0,31200000.0,98400000.0,410400000.0,0.3229970093,306400000.0,0.2411459153,-27400000.0,279000000.0,0.2195813002,61400000.0,217400000.0,0.1711002676,3.49,3.49,62300000,62300000,https://www.sec.gov/Archives/edgar/data/916076/000156459020033797/0001564590-20-033797-index.htm,https://www.sec.gov/Archives/edgar/data/916076/000156459020033797/mlm-10q_20200630.htm,20.39486356340289,3.489566613162119,4.2776886035313,3.128410914927769,1.1252006420545746,88.17977528089888,41.97592295345105,88.13964686998395,52.29213483146067,12869311000.0,16025811000.0,14.799115685372584,10.128530615457263,48.29009756097561,66.03032837352488,2.343667206934858,2.343667206934858,12.612790020462771,39.04924707602339,60.13437523452158,82.22581323755772,0.016892901259438,0.0151445559129,0.5876053978255723,0.3155105313593961,7.6912768031189085,2.6660507307240047,9.82051282051282,1.2247242647058822,0.0026885666217872,0.1591536338546458,0.0,0.0,0.2814718479259969,0.2686679174484052,0.056351330080277,0.7396694214876033,0.0056666141980166,83.1883784118995,0.0242262381608351,0.0295858793429594,-60.81300160513644,991800000.0,2615100000.0,-3145900000.0,9498800000.0,626600000.0,199600000.0,706700000.0,48.90288052888399,19.939332659251768,72.08291203235592,1.840382387022016,4.51369168356998,1.2485622106887362,0.0395913387117335,1.1492776886035314,2020-07-28,3.02,bmo,1099487679.0,2025-04-25,2020-06-30,0.1556291390728477,192.2395238095238,732760.4603174604
2020-03-31,MLM,USD,916076,2020-05-05,2020-05-05 16:23:11,2020,Q1,958200000.0,815800000.0,142400000.0,0.1486119808,0,78700000.0,0.0,78700000.0,-2000000.0,84300000.0,900100000.0,0.0,29800000.0,95000000.0,155100000.0,0.1618659987,57800000.0,0.060321436,-31800000.0,26000000.0,0.02713421,100000.0,25900000.0,0.0270298476,0.42,0.41,62300000,62500000,https://www.sec.gov/Archives/edgar/data/916076/000156459020021286/0001564590-20-021286-index.htm,https://www.sec.gov/Archives/edgar/data/916076/000156459020021286/mlm-10q_20200331.htm,15.380417335473515,0.4157303370786517,1.7126805778491172,0.0417335473515248,6.80577849117175,85.06260032102729,38.82825040128411,85.02247191011236,60.60513643659712,11789029000.0,15110929000.0,113.7937162162162,12.303307242746817,110.48761949390814,4534.241923076923,2.2256468878022995,2.2256468878022995,15.770120016697977,97.42700838168923,141.62070290534209,5811.8957692307695,0.0021969578665045,0.0002205440329309,0.707187222715173,0.3566368985280956,21.41779497098646,1.7041651171439196,1.9395973154362416,4.11969111969112,0.0029518970561528,1.3436293436293436,0.0821331663535796,0.0,0.2742350096159339,0.9756326148078726,0.1086412022542266,1.0957894736842104,0.0130452932581924,28.200965770610622,0.0056595755942096,0.0033976124885215,-64.32825040128411,757400000.0,2419000000.0,-3371000000.0,9301100000.0,568250000.0,215800000.0,695655000.0,52.861615529117095,22.2848737435646,77.27997058102477,1.7025586353944564,4.038613861386138,1.164596716630978,0.0048896524382185,1.6709470304975922,2020-05-05,0.49,bmo,1145165853.0,2025-04-25,2020-03-31,-0.163265306122449,239.10903225806453,771535.8709677419
2019-12-31,MLM,USD,916076,2020-02-21,2020-02-21 16:57:43,2019,Q4,1100430000.0,841841000.0,258589000.0,0.2349890497,0,73745000.0,-43000.0,73702000.0,2437000.0,73743000.0,915584000.0,0.0,30665000.0,94526000.0,281532000.0,0.2558381724,184569000.0,0.167724435,-28230000.0,156341000.0,0.1420726443,25272000.0,130985000.0,0.1190307425,2.1,2.09,62456000,62667000,https://www.sec.gov/Archives/edgar/data/916076/000156459020005784/0001564590-20-005784-index.htm,https://www.sec.gov/Archives/edgar/data/916076/000156459020005784/mlm-10k_20191231.htm,17.619283975919046,2.0972364544639426,5.064349301908544,3.295055719226335,0.3358844626617138,85.71298193928526,39.54258998334828,85.71298193928526,44.90108236198284,17465195840.0,20217894840.0,33.3343433217544,15.87124654907627,55.21736028251749,84.86654667729208,3.262516291850432,3.262516291850432,18.37272233581418,71.81384297344529,63.92019841984957,98.2424091819083,0.0074997727594905,0.0117832059763493,0.5181256759861692,0.2737636832392601,9.77757057812256,1.7014542323480235,6.018881460948965,2.413225095178875,0.0019810828528333,0.2641523838607474,0.0670147124305953,0.0,0.2846149298332245,0.349362470320804,0.1004180184109848,1.14567867955045,0.0051670710540425,63.59723879805842,0.0159706846207623,0.0180718095912695,-63.75206545407967,588182000.0,2469672000.0,-3351657000.0,9159715000.0,668789000.0,234079500.0,670263000.0,46.92074916169134,24.54620290529922,73.85349489986827,1.9181279414328043,3.666554878048781,1.2186288559806604,0.024468130813014,1.7692935826822085,2020-02-11,2.19,bmo,1153084248.0,2025-04-25,2019-12-31,-0.045662100456621,266.70109375,576418.453125
2019-09-30,MLM,USD,916076,2019-10-30,2019-10-30 13:23:29,2019,Q3,1420246000.0,999601000.0,420645000.0,0.2961775636,0,78281000.0,0.0,78281000.0,1973000.0,75382000.0,1074983000.0,36000.0,32436000.0,95000000.0,442224000.0,0.3113714103,345263000.0,0.2431008431,-30463000.0,314800000.0,0.221651742,66178000.0,248300000.0,0.1748288677,3.97,3.96,62500000,62700000,https://www.sec.gov/Archives/edgar/data/916076/000156459019038626/0001564590-19-038626-index.htm,https://www.sec.gov/Archives/edgar/data/916076/000156459019038626/mlm-10q_20190930.htm,22.723936,3.9728,5.057072,3.848336,0.785392,84.871008,38.65376,84.871008,47.28472,17131250000.000002,20005022000.0,17.248540072492954,12.062170919685746,54.2013244027374,71.2255894495699,3.229606981927209,3.229606981927209,14.085603479960517,45.237305076160496,63.29361179749864,83.17370208838314,0.0144939802991608,0.0140398978475009,0.551021427717696,0.2858965411501068,6.498453272549658,2.290913260433509,10.644438278456036,1.271275269284295,0.0020197008391098,0.139347563431333,0.0551179161919836,0.0,0.2825433792879825,0.2390189421863086,0.0531921934650757,0.803980205395626,0.0042950305792095,87.10022768686657,0.027883328528339,0.0338518266148432,-63.555096,889416000.0,2415860000.0,-3340649000.0,9394994000.0,737241500.0,218870000.0,648029000.0,48.40641691650601,21.478880073149185,58.49778061446517,1.859257630145128,4.190162601285216,1.5385199071594358,0.0468098599700854,1.208736,2019-10-29,3.51,bmo,1258854409.0,2025-04-25,2019-09-30,0.1282051282051282,247.17890625,547539.640625
2019-06-30,MLM,USD,916076,2019-07-31,2019-07-31 15:01:23,2019,Q2,1279468000.0,922601000.0,356867000.0,0.2789182692,0,72382000.0,0.0,72382000.0,-13226000.0,70938000.0,993539000.0,0.0,33297000.0,92800000.0,377500000.0,0.2950445029,285882000.0,0.223438179,-46541000.0,239359000.0,0.1870769726,49890000.0,189100000.0,0.1477958026,3.02,3.01,62600000,62700000,https://www.sec.gov/Archives/edgar/data/916076/000156459019027408/0001564590-19-027408-index.htm,https://www.sec.gov/Archives/edgar/data/916076/000156459019027408/mlm-10q_20190630.htm,20.43878594249201,3.0207667731629395,3.44835463258786,2.2119968051118213,0.856150159744409,81.42603833865815,35.28955271565495,81.42603833865815,50.32520766773163,14278434000.0,17341900000.0,18.876829719725013,11.159664798181744,66.14458902935604,103.11497714322854,2.80119240299219,2.80119240299219,13.553992753238065,45.93880794701987,80.33604024700394,125.23849759155348,0.0132437492795078,0.0096979122500408,0.611515772168239,0.3066869533279212,8.115141721854304,1.864620732265001,8.58581854221101,1.139320209004064,0.0021150778859922,0.1597038603913273,0.0565719502168088,0.0,0.284163859524185,0.3585355797782894,0.0604907664748161,0.84807310899508,0.0068778586099847,74.39290355526849,0.0231367565759926,0.0259912943595867,-66.40043530351437,710905000.0,2209126000.0,-3533266000.0,9219091000.0,630606000.0,192012500.0,646259000.0,49.98518915674327,19.430165369428387,63.05085296894324,1.800533348344017,4.631972929144848,1.4274192300670543,0.0370982898688906,1.2363578274760385,2019-07-30,3.18,bmo,2343714936.0,2025-04-25,2019-06-30,0.0062893081761006,216.6495238095238,569915.6666666666
2019-03-31,MLM,USD,916076,2019-05-01,2019-05-01 16:50:50,2019,Q1,938955000.0,796048000.0,142907000.0,0.1521979222,0,78292000.0,0.0,78292000.0,1562000.0,73542000.0,869590000.0,48000.0,32948000.0,89200000.0,153400000.0,0.1633731116,69221000.0,0.0737213178,-31365000.0,37835000.0,0.0402947958,-4991000.0,42800000.0,0.0455825892,0.68,0.68,62600000,62800000,https://www.sec.gov/Archives/edgar/data/916076/000156459019014862/0001564590-19-014862-index.htm,https://www.sec.gov/Archives/edgar/data/916076/000156459019014862/mlm-10q_20190331.htm,14.999281150159744,0.6837060702875399,1.882811501597444,-0.1947603833865814,0.5967571884984025,79.48076677316294,33.22392971246006,79.48076677316294,51.02607028753994,12770400000.0,15894327000.0,74.59345794392523,13.600651788424363,108.34860517206272,-1047.4409448818897,2.566658680863174,2.566658680863174,16.92767704522581,103.61360495436766,134.8531103644879,-1303.6685531496064,0.0033515003445467,-0.0009547077616989,0.6353706243558431,0.3146054892083889,20.364582790091266,1.8084003289174104,2.1009165958480027,2.752159902862747,0.002380504917622,0.7102803738317757,0.0833820577130959,0.0,0.2881728417250614,1.103441254327021,0.1385114302602361,1.4983755386068804,0.0143776858315893,34.966889496539345,0.008073344935297,0.0059837301259421,-68.6822803514377,612474000.0,2079818000.0,-3702800000.0,9153067000.0,530703500.0,197822000.0,654605500.0,52.776363084492864,20.898187043997343,73.05569513396176,1.705308868212718,4.306593668174244,1.2319368097855692,0.0086021574532468,2.077571884984025,2019-04-30,0.29,bmo,469477500.0,2025-04-25,2019-03-31,1.3448275862068968,186.64426229508197,732700.1147540984
2018-12-31,MLM,USD,916076,2019-02-25,2019-02-25 16:38:50,2018,Q4,1020218000.0,792934000.0,227284000.0,0.2227798373,0,70922000.0,0.0,70922000.0,2539000.0,79689000.0,872623000.0,0.0,33542000.0,90833000.0,240414000.0,0.2356496357,147041000.0,0.1441270395,-30966000.0,116038000.0,0.1137384363,21557000.0,94243000.0,0.0923753551,1.5,1.5,62672000,62918000,https://www.sec.gov/Archives/edgar/data/916076/000119312519049961/0001193125-19-049961-index.htm,https://www.sec.gov/Archives/edgar/data/916076/000119312519049961/d640896d10k.htm,16.278689047740617,1.5037496808782231,4.206184580035742,2.3903976257339803,0.7163007403625223,78.97325759509829,32.69421751340312,78.97325759509829,50.325871202450855,10771436640.0,13847025640.0,28.57357214859459,10.5579754915126,40.86125958802777,71.90017181648878,2.1763063248725305,2.1763063248725305,13.57261451964188,57.59658605572055,52.52845354880316,92.42996602385672,0.008749343578741,0.0139081726056553,0.6304750948193442,0.3267033934957727,12.792886437561872,1.7360228789323164,4.383787490310655,2.7901143099068584,0.002807981981501,0.3209363029614931,0.0695165150977536,0.0,0.3036616862897544,0.4316945487652213,0.1115438073039291,1.311955268618861,0.006046746871747,51.691491034765214,0.0130733915107174,0.0141697084311441,-61.31123149093694,579066000.0,2049012000.0,-3236191000.0,8636695000.0,577817500.0,201090500.0,657165000.0,45.06095756005089,23.926329303573816,75.25613733299366,1.9972944400939705,3.761546489563567,1.1959157510538658,0.0190412517688969,1.8157869543017613,2019-02-12,1.74,bmo,1183452880.0,2025-04-25,2018-12-31,-0.1379310344827586,177.61873015873016,1067365.2698412698
2018-09-30,MLM,USD,916076,2018-11-07,2018-11-07 15:00:15,2018,Q3,1219640000.0,906656000.0,312984000.0,0.2566199862,0,68441000.0,0.0,68441000.0,4248000.0,72233000.0,978889000.0,0.0,35468000.0,89655000.0,343594000.0,0.281717556,240662000.0,0.1973221606,-31220000.0,209442000.0,0.1717244433,29089000.0,179950000.0,0.1475435374,2.86,2.85,62932000,63167000,https://www.sec.gov/Archives/edgar/data/916076/000156459018027925/0001564590-18-027925-index.htm,https://www.sec.gov/Archives/edgar/data/916076/000156459018027925/mlm-10q_20180930.htm,19.38028348058221,2.8594355812623147,3.233728468823492,2.059683467870082,0.8574493103667451,78.53441810207843,32.31929701900464,78.53441810207843,51.56623021674188,11602143520.0,14757880520.0,16.11856560155599,9.512760749073497,57.011589494115626,89.50889924394383,2.347505774606623,2.347505774606623,12.100193926076548,42.95150823355472,72.51851561386698,113.8549646659466,0.0155100649884048,0.0111720734859518,0.6494303898891373,0.3347560238548103,9.184493908508298,1.8827932691934368,6.785327619262434,1.1283704734603806,0.0026197745224927,0.1689080300083356,0.0561157390705454,0.0,0.3033331383013506,0.3630623326208201,0.0605793512839854,0.8394591830937909,0.0049080056410088,71.08229359821841,0.0225367111933216,0.026939586610958,-60.10627741053836,682122000.0,2033918000.0,-3191035000.0,8693927000.0,660202500.0,190071000.0,651106000.0,47.58383621396477,18.99760217767268,64.65136722196732,1.89139857482922,4.737439975755169,1.3920819290797566,0.0364099671248043,1.17404500095341,2018-11-06,2.78,bmo,1189644912.0,2025-04-25,2018-09-30,0.1007194244604317,206.4096825396825,656564.746031746
2018-06-30,MLM,USD,916076,2018-07-27,2018-07-27 14:31:41,2018,Q2,1202403000.0,886486000.0,315917000.0,0.2627380338,0,71070000.0,0.0,71070000.0,7122000.0,39838000.0,926324000.0,0.0,32971000.0,86724000.0,349718000.0,0.2908492411,263953000.0,0.219521242,-25849000.0,238104000.0,0.198023458,52601000.0,185060000.0,0.153908465,2.94,2.92,63021000,63285000,https://www.sec.gov/Archives/edgar/data/916076/000156459018017737/0001564590-18-017737-index.htm,https://www.sec.gov/Archives/edgar/data/916076/000156459018017737/mlm-10q_20180630.htm,19.079402104060552,2.936481490296885,2.1107408641563925,0.6507354691293379,0.5359959378619825,77.04527062407769,30.77194903286206,77.04527062407769,51.60014915663033,14074479930.0,17259622930.0,19.01340096455204,11.705293424916604,105.80645108667052,343.19629188002926,2.898685385760802,2.898685385760802,14.35427467330005,49.35297276662912,129.75111395945,420.8637632284809,0.0131486208314909,0.0029137843958686,0.6629475622339341,0.3354178580419709,9.107746813146592,2.054837385934656,8.00561099147736,0.7170827425971548,0.0019830217627089,0.1508159515832703,0.0591066389554916,0.0,0.3038727060988967,0.6917028138414235,0.0765225968331749,1.6992502031469303,0.0061027791846826,71.34735629164311,0.0223337339595988,0.0277012664056207,-61.49326415004522,748020000.0,1939279000.0,-3284129000.0,8777637000.0,571017500.0,175544500.0,628855500.0,50.56649060256836,19.16385594357948,66.0839877899933,1.779834806163684,4.696340875498646,1.3619032841360728,0.038113715047153,1.4600053950270544,2018-07-26,2.85,bmo,1173575342.0,2025-04-25,2018-06-30,0.0666666666666666,213.30859375,598937.53125
2018-03-31,MLM,USD,916076,2018-05-08,2018-05-08 16:42:00,2018,Q1,802004000.0,691612000.0,110392000.0,0.1376451988,0,70121000.0,0.0,70121000.0,8503000.0,70600000.0,762212000.0,0.0,35087000.0,76821000.0,116102000.0,0.144764864,39081000.0,0.0487291834,-26584000.0,12497000.0,0.0155822165,2457000.0,9960000.0,0.0124188907,0.16,0.16,62957000,63222000,https://www.sec.gov/Archives/edgar/data/916076/000156459018011888/0001564590-18-011888-index.htm,https://www.sec.gov/Archives/edgar/data/916076/000156459018011888/mlm-10q_20180331.htm,12.738917038613655,0.158203218069476,1.6679956160554028,0.1390314023857553,22.59276966818622,74.33375160824055,32.09752688342837,74.2829232650857,48.65535206569563,13050986100.0,14656721100.0,327.5849924698795,16.27296883806066,124.28090218260772,1491.0300582657374,2.7906817729861038,2.7906817729861038,18.27512219390427,126.24003979259616,139.57186892926524,1674.479732663087,0.0007631607239241,0.000670677290814,0.6474978777452995,0.3384098211342136,13.830381905565796,3.9969492103431903,1.1138313335423375,10.459362549800796,0.0021366201592996,2.799698795180723,0.0874322322581932,0.0,0.2971670922715005,0.916647621224241,0.1200230921541538,1.268735995782259,0.0121695153640131,16.26085618696787,0.0036521011239864,0.0015837216313477,-34.82696523023651,1950951000.0,2020764000.0,-1666290000.0,8192511000.0,472074000.0,172983000.0,603697000.0,52.34618530580895,21.123867139378728,78.96256860783214,1.7193229931506115,4.260583509930511,1.1397805515545638,0.002129738722114,1.5289642136696475,2018-05-08,0.22,bmo,1102750000.0,2025-04-25,2018-03-31,-0.2727272727272727,216.75245901639343,704306.5901639344
2017-12-31,MLM,USD,916076,2018-02-23,2018-02-23 15:41:37,2017,Q4,970500000.0,711400000.0,259100000.0,0.2669757857,0,67001000.0,-1000.0,67000000.0,3600000.0,70400000.0,781800000.0,0.0,23400000.0,75744000.0,261471000.0,0.2694188563,183400000.0,0.1889747553,-19850000.0,163600000.0,0.1685729006,-213700000.0,376154000.0,0.3875878413,5.98,5.95,62900000,63200000,https://www.sec.gov/Archives/edgar/data/916076/000119312518055887/0001193125-18-055887-index.htm,https://www.sec.gov/Archives/edgar/data/916076/000119312518055887/d529448d10k.htm,15.42925278219396,5.9801907790143085,3.8073131955484896,2.192368839427663,22.995230524642288,74.44356120826708,32.049284578696344,74.44356120826708,48.49920508744038,13903416000.0,15484216000.0,9.240507877092892,14.32603400309119,58.056689493903455,100.82245105148658,2.969229257875067,2.969229257875067,15.954885110767645,59.2196304752726,64.65765825956238,112.28583031182016,0.0270547899883021,0.0099184258026948,0.6464922584089696,0.3366360856269113,6.045794753529072,3.790262172284644,7.837606837606837,0.6347237462165185,0.0020060537640533,0.0741478224344284,0.0690376094796496,0.0,0.2965360022240756,0.4241690329046267,0.1046676970633694,1.3662775057836123,0.0069675425038639,100.08346872301132,0.0491920407415966,0.0594625270712467,-35.0562440381558,1937000000.0,2015900000.0,-1678800000.0,8196400000.0,530107500.0,173617500.0,588514500.0,44.29826893353941,23.232246274950803,75.98256958110768,2.0316820987977384,3.8739258759080366,1.1844821844821845,0.0803318739989322,1.6149443561208268,2018-02-13,1.42,bmo,758848404.0,2025-04-25,2017-12-31,0.323943661971831,209.3846031746032,543063.380952381
2017-09-30,MLM,USD,916076,2017-11-02,2017-11-02 16:41:53,2017,Q3,1087732000.0,796054000.0,291678000.0,0.2681524493,0,57219000.0,0.0,57219000.0,479000.0,63400000.0,859454000.0,0.0,23141000.0,75316000.0,301263000.0,0.2769643625,226964000.0,0.208658015,-22662000.0,204302000.0,0.187823839,52763000.0,151147000.0,0.1389561032,2.4,2.39,62896000,63158000,https://www.sec.gov/Archives/edgar/data/916076/000156459017021253/0001564590-17-021253-index.htm,https://www.sec.gov/Archives/edgar/data/916076/000156459017021253/mlm-10q_20170930.htm,17.294136352073263,2.4031257949631137,3.00176481811244,1.5286027728313407,0.5599561180361231,68.90711650979395,26.54121088781481,68.8632186466548,27.77168659374205,12971042080.0,14659410080.0,21.45434920970975,11.924851047868408,68.70291728240086,134.91405593750974,2.9947772417985594,2.9947772417985594,13.47704221260384,48.65984233045545,77.64559176690554,152.47506401922138,0.0116526489597202,0.0074121261350498,0.3979448289523901,0.2277832659445193,5.604299233560045,2.727813909409331,9.807873471327946,1.245877298913151,0.0021452401301592,0.1840989235644769,0.0526039502377423,0.0,0.3521503518337048,0.4907653112569452,0.0851827472208227,1.2377237510018702,0.0054894036398671,61.02013588737838,0.0234489079203079,0.0308328670402858,-39.31045694479776,809486000.0,1669336000.0,-1954814000.0,6995709000.0,576575000.0,175412000.0,563147000.0,48.19926231829164,18.495893494662425,65.16971210495771,1.8672484945033063,4.865944974541098,1.3810096299804486,0.0348970879112379,1.473162045281099,2017-11-02,2.45,bmo,1115006276.0,2025-04-25,2017-09-30,-0.0244897959183673,211.36619047619047,688360.9841269841
2017-06-30,MLM,USD,916076,2017-08-01,2017-08-01 15:59:46,2017,Q2,1063524000.0,789430000.0,274094000.0,0.2577224397,0,68373000.0,0.0,68373000.0,5420000.0,59260000.0,848690000.0,0.0,24045000.0,75726000.0,279266000.0,0.2625855176,212852000.0,0.2001384078,-18625000.0,194227000.0,0.182625874,51986000.0,141866000.0,0.1333923823,2.26,2.25,62858000,63141000,https://www.sec.gov/Archives/edgar/data/916076/000156459017014636/0001564590-17-014636-index.htm,https://www.sec.gov/Archives/edgar/data/916076/000156459017014636/mlm-10q_20170630.htm,16.919469279964364,2.256928314613892,2.474673072639918,0.6611568933150912,0.5842056699226829,66.82571828565975,24.45563015049795,66.78180979350282,28.79219828820516,13990933640.0,15739986640.0,24.65519158924619,13.155258969238115,89.94319389532828,336.65231694699105,3.332943516928389,3.332943516928389,14.799841508043071,56.36198692286207,101.18729076263396,378.7383392285666,0.0101398522536341,0.0029704236378609,0.4254102951304395,0.2376008866583464,6.263035958548481,2.3287268984232443,8.852235391973384,1.093587643506443,0.0018994443604551,0.1873246584805379,0.0642890992586909,0.0,0.3543571860039969,0.7328306107886058,0.107185169305065,1.960714838576515,0.007006894061629,58.23435018992318,0.0218768985482579,0.0292352842138408,-40.97666168188616,709972000.0,1537232000.0,-2071032000.0,6878531000.0,524916500.0,187813000.0,543432500.0,48.28816274950072,21.34505909326983,62.68807874035697,1.863810815641988,4.216432458993628,1.4356796668273122,0.0337955548313616,1.8135161793248271,2017-08-01,2.36,bmo,1115493333.0,2025-04-25,2017-06-30,-0.0466101694915253,226.24825396825395,570327.5238095238
2017-03-31,MLM,USD,916076,2017-05-10,2017-05-10 16:23:59,2017,Q1,843900000.0,696800000.0,147100000.0,0.1743097523,0,69535000.0,-35000.0,69500000.0,500000.0,69900000.0,766700000.0,0.0,20900000.0,70400000.0,147548000.0,0.1748406209,77200000.0,0.0914800332,-20315000.0,56800000.0,0.0673065529,14500000.0,42181000.0,0.0499834104,0.67,0.67,63024000,63319000,https://www.sec.gov/Archives/edgar/data/916076/000156459017010260/0001564590-17-010260-index.htm,https://www.sec.gov/Archives/edgar/data/916076/000156459017010260/mlm-10q_20170331.htm,13.39013709063214,0.6692847169332318,1.1741558771261742,-0.4458618938816958,0.8790302107133791,64.67377506981467,22.354975882203604,64.67377506981467,29.62522213759837,13754988000.0,15545788000.0,81.52360067328893,16.299310344827585,185.8782162162162,-489.5013523131673,3.374629048086359,3.374629048086359,18.421362720701502,105.36088594897932,210.07821621621625,-553.2308896797153,0.0030665966411602,-0.0020428952755175,0.4529440628066732,0.2496956909843382,12.137067259468106,1.7783407219759342,3.69377990430622,1.7494089834515367,0.0019309358903112,0.6296673857898106,0.0823972034601256,0.0,0.3607211447428927,1.3797297297297295,0.1209858988031757,1.4482680359726516,0.0121756132243156,31.20763220613828,0.0081523300827093,0.0089239850212621,-41.801357419395785,491600000.0,1408900000.0,-2194600000.0,6626300000.0,468562500.0,183498500.0,529312000.0,51.10718094560967,24.33396957520092,69.35993111366246,1.7610049768892877,3.698533431706113,1.2975791433891992,0.0103486261040235,1.62001777100787,2017-05-02,0.4,bmo,678779082.0,2025-04-25,2017-03-31,0.675,220.5983870967742,749951.9193548387
2016-12-31,MLM,USD,916076,2017-02-24,2017-02-24 16:02:10,2016,Q4,948800000.0,723700000.0,225100000.0,0.2372470489,0,70287000.0,13000.0,70300000.0,1700000.0,69600000.0,793300000.0,0.0,20800000.0,73253000.0,231447000.0,0.2439365514,155500000.0,0.163891231,-19133000.0,136400000.0,0.1437605396,37600000.0,98473000.0,0.1037868887,1.56,1.55,63300000,63500000,https://www.sec.gov/Archives/edgar/data/916076/000119312517056282/0001193125-17-056282-index.htm,https://www.sec.gov/Archives/edgar/data/916076/000119312517056282/d344578d10k.htm,14.988941548183254,1.5556556082148498,4.34649289099526,2.7387993680884675,0.7904897314375987,65.4437598736177,23.253412322274883,65.40249605055293,26.96665086887836,14022849000.0,15659000000.0,35.600745889736274,14.77956260539629,50.96752843170395,80.88580805925037,3.3871795937079856,3.3871795937079856,16.50400505902192,67.65695818049056,56.91429236042205,90.32336213559752,0.0070223247786523,0.0123631082385612,0.4072941933507859,0.2309561622839908,7.069225351808405,1.987575651130285,7.475961538461538,2.786326257797942,0.0019069591350516,0.2715566703563413,0.0740798903878583,0.0,0.3657969799634429,0.3698829293468977,0.1072586424957841,1.2970062322368503,0.0034928330522765,47.84594648323487,0.0162430290700089,0.0212672906206481,-39.55817535545024,539797000.0,1471941000.0,-2071930000.0,6633841000.0,512167500.0,185668000.0,514912000.0,43.43581365935919,22.210612132098937,64.86964211689927,2.072022886593436,4.0521170449837065,1.3873978191187522,0.0237858751906411,1.607693522906793,2017-02-14,1.62,bmo,991649032.0,2025-04-25,2016-12-31,-0.0432098765432099,205.49222222222224,852915.380952381
2016-09-30,MLM,USD,916076,2016-11-02,2016-11-02 15:37:08,2016,Q3,1103900000.0,811300000.0,292600000.0,0.265060241,0,56348000.0,-48000.0,56300000.0,10600000.0,51900000.0,863200000.0,0.0,20600000.0,72400000.0,315355000.0,0.2856735212,240400000.0,0.217773349,-12322000.0,230400000.0,0.2087145575,70900000.0,158842000.0,0.1438916569,2.5,2.49,63452000,63723000,https://www.sec.gov/Archives/edgar/data/916076/000156459016026954/0001564590-16-026954-index.htm,https://www.sec.gov/Archives/edgar/data/916076/000156459016026954/mlm-10q_20160930.htm,17.39740276114228,2.503341108239299,3.320620311416504,2.1386244720418586,0.956628632667213,65.53615331274034,23.36726974721049,65.53615331274034,28.13780495492656,11364887720.0,13068987720.0,17.887094911925058,10.29521489265332,53.93871722828667,83.75009373618276,2.732995315505964,2.732995315505964,11.83892356191684,41.44214526486024,62.02651979117229,96.30794193072956,0.013976556910498,0.0119402851434417,0.4243939976914198,0.2393533336950035,5.4037513278685925,1.9697470656306828,11.669902912621358,1.3210031347962383,0.0023606040517926,0.1688973948955565,0.0510444786665458,0.0,0.3628953507296696,0.3559563360227812,0.067940936679047,1.0445682451253482,0.0039550683938762,60.75636016033433,0.0237871658414318,0.0338141564662054,-39.00871918930845,586600000.0,1482700000.0,-2023300000.0,6641900000.0,550441999.5,195235500.0,506550000.0,46.180134070115045,21.381018119068163,56.37618636755824,1.9488899677803768,4.209341178179705,1.5964187327823691,0.0381978645632935,1.1819958393746457,2016-11-01,2.61,bmo,1157100000.0,2025-04-25,2016-09-30,-0.0459770114942527,190.91703125,607048.640625
2016-06-30,MLM,USD,916076,2016-08-04,2016-08-04 14:27:19,2016,Q2,977300000.0,730600000.0,246700000.0,0.2524301647,0,61509000.0,-9000.0,61500000.0,8100000.0,58100000.0,788700000.0,0.0,20300000.0,71207000.0,262303000.0,0.2683955797,187700000.0,0.1920597565,-15300000.0,175500000.0,0.1795763839,53400000.0,121533000.0,0.1243558784,1.91,1.9,63532000,63802000,https://www.sec.gov/Archives/edgar/data/916076/000156459016022616/0001564590-16-022616-index.htm,https://www.sec.gov/Archives/edgar/data/916076/000156459016022616/mlm-10q_20160630.htm,15.382799219291066,1.912941509790342,2.1463671850406096,0.3153056727318516,0.4501668450544607,63.22010955109237,21.6111565825096,63.22010955109237,28.325883019580683,12198144000.0,13948844000.0,25.092246550319665,12.481473447252634,89.45347344954276,608.9329073482428,3.037008340595045,3.037008340595045,14.27283740918858,53.1783624281842,102.29200002933348,696.3280750798722,0.009963237030158,0.0016422170454783,0.4429976347566289,0.2459873086972751,6.674342268292776,1.8648603723404256,9.246305418719212,1.1166860474638454,0.0021003195240193,0.2108069413245785,0.0629376854599406,0.0,0.3654625136521366,0.8530979811239119,0.1190330502404584,1.7013425763425762,0.0057024455131484,52.16386072569775,0.018989079718776,0.0264789315438581,-39.899668682711074,520300000.0,1373000000.0,-2094900000.0,6486000000.0,491253499.5,186065500.0,495133500.0,49.2185714826563,24.35802080481796,62.19682452778538,1.8285780608588835,3.694881481593866,1.4470192117250942,0.0302584339599153,1.8310615123087577,2016-08-02,2.0,bmo,1028736842.0,2025-04-25,2016-06-30,-0.05,178.86640625,784622.265625
2016-03-31,MLM,USD,916076,2016-05-05,2016-05-05 15:30:19,2016,Q1,788734000.0,644100000.0,144634000.0,0.1833748767,0,59861000.0,0.0,59861000.0,1030000.0,60440000.0,704540000.0,0.0,20034000.0,68410000.0,154732000.0,0.1961776721,83769000.0,0.1062069088,-19004000.0,64765000.0,0.0821126007,19710000.0,44696000.0,0.0566680275,0.7,0.69,64158000,64350000,https://www.sec.gov/Archives/edgar/data/916076/000156459016017942/0001564590-16-017942-index.htm,https://www.sec.gov/Archives/edgar/data/916076/000156459016017942/mlm-10q_20160331.htm,12.293618878393964,0.6966551326412919,1.0444215842139717,-0.4242650955453723,0.4246079990024626,61.498737491817074,20.12104492035288,61.45221172729824,27.631643754481125,10233842580.0,11959357580.0,57.24137831125827,12.975024000486856,152.72568320200574,-375.9677656135195,2.5956754934687343,2.5956754934687343,15.162726064807654,77.29078393609596,178.4765636938873,-439.35920573108007,0.0043674699557475,-0.0026598024922912,0.4445630617571781,0.2483261165209065,11.15163637773699,2.0285554049633125,4.181341719077568,1.4872489179891244,0.0025256397875918,0.5782844102380527,0.0758950419279503,0.0,0.3761125043512682,1.406220152817574,0.1194673996556507,1.4057166726339658,0.0091640527731782,31.03622836331097,0.0086416178067273,0.0101499303861383,-39.07056797281711,506184000.0,1290926000.0,-2114336000.0,6423875000.0,424829500.0,169558000.0,477233500.0,51.12537306620482,24.368607359105727,67.82026082906381,1.7603783523193943,3.6932762990401264,1.3270370667968774,0.0113365347325948,1.468686679759344,2016-05-05,0.36,bmo,549032802.0,2025-04-25,2016-03-31,0.9166666666666666,137.4449180327869,940481.4426229508
2015-12-31,MLM,USD,916076,2016-02-23,2016-02-23 17:09:11,2015,Q4,844600000.0,659800000.0,184800000.0,0.2188017997,0,57114000.0,-14000.0,57100000.0,4000000.0,44700000.0,704500000.0,0.0,18900000.0,63700000.0,190222000.0,0.2252214066,137400000.0,0.1626805588,-14878000.0,122500000.0,0.1450390717,39300000.0,82830000.0,0.0980700924,1.27,1.26,65500000,65700000,https://www.sec.gov/Archives/edgar/data/916076/000119312516473754/0001193125-16-473754-index.htm,https://www.sec.gov/Archives/edgar/data/916076/000119312516473754/d147147d10k.htm,12.894656488549618,1.2645801526717555,3.87175572519084,2.2564885496183207,2.570992366412214,57.64580152671756,18.275007633587787,64.92519083969465,24.45847328244275,8945990000.0,10360720000.0,27.00105638053845,10.591984371300024,35.27598580441641,60.52767253044655,2.103651883553592,2.103651883553592,12.267013971110584,54.46646549820736,40.85457413249211,70.09959404600812,0.0092588970030147,0.0165213687920509,0.3722734327235103,0.2274056624100435,7.437257520160655,1.880604796663191,7.26984126984127,3.048076923076923,0.0029334931069674,0.3168296510925993,0.0676225432157234,0.0,0.3704248962178778,0.417192429022082,0.1252663982950509,2.1075697211155378,0.0033945062751598,42.98045979566574,0.014545358816751,0.0188983901802294,-37.88918702290077,506700000.0,1197013000.0,-2103800000.0,6241487000.0,489517500.0,195777500.0,466800000.0,42.795394269476674,22.46835404668081,63.98757199151258,2.1030300464877705,4.005633871222331,1.406523129396717,0.0194774961200206,1.615267175572519,2016-02-09,1.35,bmo,991486956.0,2025-04-25,2015-12-31,-0.1481481481481482,151.71484375,925645.015625
2015-09-30,MLM,USD,916076,2015-11-05,2015-11-05 11:17:20,2015,Q3,1082200000.0,819700000.0,262500000.0,0.2425614489,0,54887000.0,13000.0,54900000.0,4500000.0,80900000.0,900600000.0,0.0,18900000.0,64900000.0,275271000.0,0.2543624099,179500000.0,0.1658658289,-14437000.0,165100000.0,0.1525596008,47500000.0,117065000.0,0.1081731658,1.75,1.74,66830000,67108000,https://www.sec.gov/Archives/edgar/data/916076/000156459015009552/0001564590-15-009552-index.htm,https://www.sec.gov/Archives/edgar/data/916076/000156459015009552/mlm-10q_20150930.htm,16.193326350441417,1.7516833757294628,2.8804429148585964,1.6175370342660482,6.530001496333981,63.63309890767619,25.06957953015113,63.63309890767619,25.796797845279062,10154818500.0,11423518500.0,21.6862821936531,9.383495194973202,52.752303896103896,93.9391165587419,2.387908220853125,2.387908220853125,10.555829329144336,41.49917172531796,59.34295324675325,105.6754717853839,0.0115280248484992,0.0106451927230407,0.4009547100597281,0.229226322511259,4.6089126715128,2.8534932221063607,9.497354497354497,1.636904761904762,0.0026523369176908,0.2300773074787511,0.0507179818887451,0.0,0.3464677018216038,0.4384415584415584,0.0779892810940676,0.902673796791444,0.0029550914803178,50.07957102263669,0.0182375830565867,0.0240810071380083,-31.186323507406858,1066500000.0,1675400000.0,-1544000000.0,6717200000.0,537446000.0,214036000.0,472200000.0,48.02084642395121,24.905855800902767,51.00036598755642,1.8741860400676107,3.613608009275383,1.7646932185145316,0.0275278653059304,1.2629058805925482,2015-11-03,2.15,bmo,1140553921.0,2025-04-25,2015-09-30,-0.0511627906976743,161.91640625,839149.5625
2015-06-30,MLM,USD,916076,2015-08-07,2015-08-07 16:45:52,2015,Q2,921400000.0,721200000.0,200200000.0,0.2172780551,0,56783000.0,17000.0,56800000.0,3000000.0,61100000.0,782300000.0,0.0,19100000.0,67700000.0,206766000.0,0.2244041676,137000000.0,0.148686781,-16076000.0,120900000.0,0.131213371,38900000.0,82814000.0,0.0898784458,1.23,1.22,67373000,67633000,https://www.sec.gov/Archives/edgar/data/916076/000156459015006695/0001564590-15-006695-index.htm,https://www.sec.gov/Archives/edgar/data/916076/000156459015006695/mlm-10q_20150630.htm,13.676101702462413,1.229186766211984,1.3655321864841998,0.2983390972644828,0.6560491591587134,63.978151485016255,25.67200510590296,63.978151485016255,24.89276119513752,9533953230.0,11147753230.0,28.78122427971116,10.347246830909484,103.62992641304348,474.3260313432836,2.2118488376948773,2.2118488376948773,12.098711992619926,53.91482753450761,121.17123076086956,554.6145885572139,0.0086862184030244,0.0021082545209842,0.3846510764662212,0.2210755096870541,7.804958261996653,4.852391423859263,7.172774869109948,1.123321123321123,0.0027198581086389,0.3131233849349144,0.0616268721510744,0.0,0.344120431483926,0.7815217391304348,0.0780334273930974,1.0511695906432748,0.0050108530497069,42.0645300160595,0.012992381065814,0.0168358779401898,-37.58254790494709,1401500000.0,1729600000.0,-1424000000.0,7031800000.0,439428500.0,192650500.0,492450000.0,48.59140438463208,25.11252079866889,59.88768718801997,1.852179436667283,3.583869605187964,1.5028130860595958,0.0192126020786933,1.067193089219717,2015-08-04,1.61,bmo,1215945901.0,2025-04-25,2015-06-30,-0.2298136645962733,145.78428571428572,834530.9523809524
2015-03-31,MLM,USD,916076,2015-05-05,2015-05-05 15:38:31,2015,Q1,691400000.0,617100000.0,74300000.0,0.1074631183,0,49450000.0,50000.0,49500000.0,-900000.0,47100000.0,664200000.0,0.0,19300000.0,67300000.0,94443000.0,0.1365967602,25600000.0,0.0370263234,-20224000.0,5400000.0,0.0078102401,-800000.0,4757000.0,0.006880243,0.07,0.07,67411000,67676000,https://www.sec.gov/Archives/edgar/data/916076/000156459015003297/0001564590-15-003297-index.htm,https://www.sec.gov/Archives/edgar/data/916076/000156459015003297/mlm-10q_20150331.htm,10.256486330124163,0.0705671181261218,0.5206865348385278,-0.3115218584504012,0.8366587055525063,64.41381970301583,24.90394742697779,64.41381970301583,23.73944905134177,9424057800.0,10948657800.0,495.2731658608368,13.630398900781024,268.49167521367525,-448.7646571428571,2.170341716180738,2.170341716180738,15.83549002024877,115.92873796893365,311.92757264957265,-521.3646571428571,0.0005047719465387,-0.0022283394738941,0.3641011468840679,0.2131417169974115,16.143070423430004,3.730209545983702,1.3264248704663213,5.661290322580645,0.0030086827353711,5.960479293672483,0.0715215504772924,0.0,0.3590649266609146,1.5982905982905984,0.0811397165172114,0.8339775227448415,0.0042045125831645,10.113045858622034,0.0041465729520279,0.0010005889529258,-36.79604589755381,938100000.0,1678800000.0,-1793700000.0,6966600000.0,397664000.0,193271000.0,494950000.0,49.64566097772635,26.844822557122026,73.65094798249878,1.812847250445084,3.3526017841426445,1.221980198019802,0.0010955276127308,0.8322083932889291,2015-04-30,0.11,bmo,1086328571.0,2025-04-25,2015-03-31,-0.1818181818181818,128.47590163934427,802562.5573770492
2014-12-31,MLM,USD,916076,2015-02-24,2015-02-24 16:07:58,2014,Q4,856300000.0,691000000.0,165300000.0,0.1930398225,12850000,50006000.0,-6000.0,50000000.0,1700000.0,45000000.0,736000000.0,0.0,21100000.0,68600000.0,189880000.0,0.2217447156,118600000.0,0.1385028611,-19411000.0,99200000.0,0.1158472498,35300000.0,63680000.0,0.0743664604,0.95,0.94,67300000,67600000,https://www.sec.gov/Archives/edgar/data/916076/000119312515060008/0001193125-15-060008-index.htm,https://www.sec.gov/Archives/edgar/data/916076/000119312515060008/d877241d10k.htm,12.723625557206535,0.9462109955423476,2.676077265973254,1.285289747399703,1.6151560178306092,64.67607726597325,25.092124814264487,64.67607726597325,23.87072808320951,7424536000.0,8901236000.0,29.147832914572863,8.670484643232513,41.22451971127152,85.83278612716764,1.705731155374825,1.705731155374825,10.394997080462456,46.87821782178218,49.42385341476957,102.90446242774568,0.0085769669646695,0.0116505597117449,0.3642336940289934,0.21239483414608,7.777017063408467,3.249621785173979,5.62085308056872,2.8140625,0.0036421131232982,0.4246388190954774,0.0583977577951652,0.0150064229825995,0.3568940571244842,0.5197112715158245,0.109307485694266,1.4625,0.0030503328272801,37.10710643254514,0.010787276737217,0.013265561203233,-36.40558320950966,892200000.0,1688700000.0,-1822900000.0,6959000000.0,468933500.0,216341000.0,480100000.0,43.50637626999883,26.371693198263387,63.156295224312586,2.068662290820628,3.4127501531045654,1.4250360899154464,0.0146299997702575,1.3907875185735512,2015-02-10,0.82,bmo,709341414.0,2025-04-25,2014-12-31,0.2073170731707317,118.1996875,945305.203125
2014-09-30,MLM,USD,916076,2014-11-03,2014-11-03 13:54:08,2014,Q3,1003700000.0,808100000.0,195600000.0,0.1948789479,0,48427000.0,-27000.0,48400000.0,1800000.0,53500000.0,861600000.0,0.0,19800000.0,68000000.0,220879000.0,0.2200647604,116000000.0,0.1155723822,-17964000.0,98000000.0,0.0976387367,44100000.0,53530000.0,0.0533326691,0.8,0.79,67086000,67495000,https://www.sec.gov/Archives/edgar/data/916076/000119312514393639/0001193125-14-393639-index.htm,https://www.sec.gov/Archives/edgar/data/916076/000119312514393639/d795770d10q.htm,14.961392839042423,0.7979310139224279,1.9556986554571745,1.1522523328265213,1.0970992457442683,65.22374265867693,25.834004114122173,65.22374265867693,24.41642071371076,8650068840.0,10194668840.0,40.39822921726135,8.618181568197668,65.93040274390243,111.9025723156533,1.9768874760032908,1.9768874760032908,10.15708761582146,46.15499363905125,77.70326859756098,131.88446106080207,0.0061883900567894,0.0089363450661278,0.3698235670536612,0.2204962596574418,6.992969001127314,2.7752860411899314,5.858585858585859,2.4386617100371746,0.0031224028963912,0.5045581916682235,0.0482484806216997,0.0,0.3600675850604314,0.4108231707317073,0.0537013051708677,2.5186915887850465,0.0020035867291023,34.219746638566825,0.0092246774290795,0.0113980921556937,-33.674745848612226,775800000.0,1733100000.0,-1750500000.0,6796300000.0,433856000.0,184824000.0,411750000.0,46.9796951280263,25.63858433362208,52.93528028709319,1.9157212441404163,3.5103342223921183,1.7001893540921522,0.0122337507998903,0.8034463226306532,2014-10-28,1.69,bmo,1176751724.0,2025-04-25,2014-09-30,-0.1420118343195266,128.89546875,1094476.21875
2014-06-30,MLM,USD,916076,2014-08-04,2014-08-04 13:45:37,2014,Q2,669200000.0,533600000.0,135600000.0,0.202630006,3300000,36566000.0,34000.0,36600000.0,300000.0,37400000.0,571000000.0,0.0,12900000.0,43600000.0,145202000.0,0.2169784818,96200000.0,0.1437537358,-12655000.0,83600000.0,0.1249252839,23900000.0,59275000.0,0.0885759115,1.28,1.27,46395000,46529000,https://www.sec.gov/Archives/edgar/data/916076/000119312514293028/0001193125-14-293028-index.htm,https://www.sec.gov/Archives/edgar/data/916076/000119312514293028/d744101d10q.htm,14.423968100010775,1.2776161224269855,1.3751481840715594,0.3448647483565039,0.7393038042892554,33.775191292165104,19.47408125875633,33.775191292165104,23.392606961957107,6126459750.000001,7164559750.000001,25.839138549135388,9.15490100119546,96.02601489028214,382.90373437500006,3.90967437779196,3.90967437779196,10.706156231320982,49.34201836062865,112.2971747648903,447.7849843750001,0.009675245152798,0.0026116224790344,0.6843650287172942,0.3195470798569725,7.149350559909643,3.5827543931344503,7.457364341085271,1.070469798657718,0.0030441724521245,0.3146351750316322,0.0546413628212791,0.0049312612074118,0.1977056019070321,0.7492163009404389,0.0714285714285714,1.146282973621103,0.0044246861924686,31.15949134679235,0.0219924317060618,0.0220148560817084,-28.510874016596617,632000000.0,903500000.0,-912300000.0,3070900000.0,293185500.0,119108500.0,351450000.0,46.23514644351464,23.51907796101949,58.72938530734633,1.94657110278547,3.8266806270707536,1.5324526134405514,0.0378270580727504,1.0302834357150554,2014-07-29,1.31,bmo,654217910.0,2025-04-25,2014-06-30,0.0229007633587786,125.58730158730158,727628.6666666666
2014-03-31,MLM,USD,916076,2014-05-05,2014-05-05 09:56:30,2014,Q1,428700000.0,402900000.0,25800000.0,0.0601819454,9500000,34247000.0,-47000.0,34200000.0,-3500000.0,41700000.0,444600000.0,0.0,12200000.0,42500000.0,-2026000.0,-0.0047259156,-15900000.0,-0.0370888733,-15664000.0,-31600000.0,-0.07371122,-8500000.0,-21600000.0,-0.0503848845,-0.47,-0.47,46106382,46315000,https://www.sec.gov/Archives/edgar/data/916076/000119312514181405/0001193125-14-181405-index.htm,https://www.sec.gov/Archives/edgar/data/916076/000119312514181405/d693159d10q.htm,9.29806203401516,-0.4684817819797702,0.1431472111604853,-0.6571758330549554,0.7764651756886931,33.49427851441477,19.08412592425925,33.49427851441477,23.426257996127305,5917754129.7,6949854129.7,-68.49252464930555,13.80395178376487,896.6294135909089,-195.30541682178216,3.8319977528329994,3.8319977528329994,16.2114628637742,-3430.332739239881,1053.008201469697,-229.36812309240923,-0.0036500333617434,-0.0051201856880012,0.6915107168296315,0.3280496421220778,-509.4274432379072,3.912280701754386,-1.3032786885245902,-0.2857142857142857,0.0031437602158275,-0.8612962962962963,0.0798857009563797,0.0221600186610683,0.2040979326022179,5.590909090909091,0.086074177746676,0.9044117647058824,0.0032866806624679,,-0.0037812192726389,-0.0083368713574433,-28.54072891687749,564400000.0,879900000.0,-952800000.0,3022300000.0,242517000.0,101187500.0,351000000.0,50.92799160251925,22.06440804169769,79.23306031273269,1.7672010453981457,4.078967350037965,1.135889484071046,-0.0139869196399663,0.8003230442154408,2014-04-29,-0.31,bmo,416354285.0,2025-04-25,2014-03-31,0.129032258064516,114.98098360655736,736327.5737704918
2013-12-31,MLM,USD,916076,2014-02-24,2014-02-24 16:07:22,2013,Q4,545000000.0,444000000.0,101000000.0,0.1853211009,671000,37459000.0,41000.0,37500000.0,-100000.0,38200000.0,482200000.0,0.0,12800000.0,43664000.0,107498000.0,0.1972440367,62800000.0,0.1152293578,-12950000.0,49900000.0,0.091559633,14400000.0,35894000.0,0.0658605505,0.78,0.77,46300000,46400000,https://www.sec.gov/Archives/edgar/data/916076/000119312514064999/0001193125-14-064999-index.htm,https://www.sec.gov/Archives/edgar/data/916076/000119312514064999/d654417d10k.htm,11.771058315334772,0.7752483801295896,3.0951619870410365,1.9528077753779696,0.9157667386609072,34.01511879049676,19.647948164146868,34.01511879049676,22.542116630669547,4627222000.0,5615722000.0,32.22838078787541,8.490315596330275,32.28910164263883,51.17759221368136,2.938105276525494,2.938105276525494,10.304077064220184,52.24024633016428,39.18692867011849,62.11051263617762,0.0077571380841463,0.0195398016347605,0.65458124325354,0.3162463954843855,9.195519916649612,3.5885985748218525,4.90625,4.076288542496302,0.0040134231726941,0.5173845210898758,0.0687321100917431,0.0012311926605504,0.2040615988710963,0.3690773589382161,0.0970477064220183,1.2585903293356178,0.0029357798165137,24.35834003376634,0.0145923358622395,0.0138341170122562,-27.797294816414688,544900000.0,909700000.0,-929500000.0,3009300000.0,286738500.0,107433000.0,348869000.0,40.03711926605504,21.0,70.39864864864866,2.247913977075402,4.285714285714286,1.278433630866686,0.0227912883357673,1.142354211663067,2014-01-28,0.7,bmo,489102564.0,2025-04-25,2013-12-31,0.1142857142857144,98.3375,437244.1875
2013-09-30,MLM,USD,916076,2013-11-07,2013-11-07 15:30:05,2013,Q3,665320000.0,522212000.0,143108000.0,0.2150964949,89000,37140000.0,0.0,37140000.0,-101000.0,34265000.0,556477000.0,0.0,13518000.0,44105000.0,153037000.0,0.2300201407,108843000.0,0.1635949618,-13619000.0,95224000.0,0.1431251127,22915000.0,71571000.0,0.1075737991,1.55,1.54,46244000,46349000,https://www.sec.gov/Archives/edgar/data/916076/000119312513432674/0001193125-13-432674-index.htm,https://www.sec.gov/Archives/edgar/data/916076/000119312513432674/d599431d10q.htm,14.387163740160888,1.547681861430672,2.533798979327048,1.4019764726234756,1.2378038231986852,32.41248594412248,18.017775278955103,31.57488539053715,24.59380676412075,4539773480.0,5606330480.0,15.857587151220468,6.823443576023568,38.74419431097608,70.02257307235513,3.10911659015621,3.10911659015621,8.42651728491553,36.63382371583343,47.84660698283734,86.47340829515834,0.0157653240443177,0.014281109021325,0.7696461114584882,0.3367583579180158,6.969275403987271,3.7347592213114753,8.051708832667554,1.6265443238290902,0.0040878691594982,0.2592949658381188,0.0558227619791979,0.0001337702158359,0.1994749940442389,0.4466899371015507,0.0786689112006252,1.1953319478383997,0.0021448325617747,33.15912003360388,0.0264289439523462,0.0267912089228414,-29.354932531787902,619237000.0,833214000.0,-992553000.0,3067524000.0,309275500.0,105613000.0,349669000.0,44.77950459929057,19.1760051473348,60.39581625853101,2.009848050025677,4.693365448564701,1.4901694450944247,0.0490162305353768,1.1318225067035723,2013-11-07,1.47,bmo,630961935.0,2025-04-25,2013-09-30,0.054421768707483,99.35,343524.921875
2013-06-30,MLM,USD,916076,2013-08-05,2013-08-05 13:57:02,2013,Q2,562700000.0,455900000.0,106800000.0,0.1897991825,300000,37843000.0,-43000.0,37800000.0,500000.0,37400000.0,493300000.0,0.0,13600000.0,43000000.0,113128000.0,0.2010449618,69400000.0,0.1233339257,-13075000.0,56300000.0,0.1000533144,15000000.0,41111000.0,0.0730602452,0.89,0.89,46129000,46260000,https://www.sec.gov/Archives/edgar/data/916076/000119312513318817/0001193125-13-318817-index.htm,https://www.sec.gov/Archives/edgar/data/916076/000119312513318817/d558024d10q.htm,12.198400138741356,0.8912181057469271,0.6481822714561339,0.039021006308396,0.9473433198205032,31.231979882503413,16.815885885234884,31.231979882503413,23.99791887966355,4620280640.0,5669980640.0,28.096377125343583,8.210912813221965,154.52443612040133,2566.822577777778,3.2069692788227946,3.2069692788227946,10.07638286831349,50.12004667279542,189.63145953177252,3149.9892444444445,0.0088979443465148,0.000389586724325,0.758936628028042,0.3383986877533966,9.278869952620042,4.189610389610389,5.102941176470588,0.7204819277108434,0.0040181541872746,0.451582301573788,0.0672525324329127,0.0005331437711036,0.2058122620779301,0.939799331103679,0.0499377998933712,0.6625014735353059,0.0048622711924649,25.025514657370056,0.0167204044359813,0.0160208097891742,-29.40903227904355,614000000.0,775700000.0,-983900000.0,2996400000.0,244835500.0,88520000.0,348250000.0,45.98700906344411,19.73327484097389,68.87694669883746,1.9570744397800508,4.560824329731893,1.306678131269705,0.028535434163948,0.6091612651477378,2013-07-30,1.13,bmo,720760227.0,2025-04-25,2013-06-30,-0.2212389380530972,103.81171875,365467.34375
2013-03-31,MLM,USD,916076,2013-05-06,2013-05-06 09:52:00,2013,Q1,385000000.0,372400000.0,12600000.0,0.0327272727,300000,37649000.0,-49000.0,37600000.0,-600000.0,36200000.0,408600000.0,0.0,13500000.0,43000000.0,19100000.0,0.0496103896,-23600000.0,-0.0612987013,-14119000.0,-37700000.0,-0.0979220779,-8500000.0,-27800000.0,-0.0722077922,-0.6,-0.6,46028000,46028000,https://www.sec.gov/Archives/edgar/data/916076/000119312513200530/0001193125-13-200530-index.htm,https://www.sec.gov/Archives/edgar/data/916076/000119312513200530/d512760d10q.htm,8.3644737985574,-0.6039801859737551,0.4041018510471886,-0.0716954897019205,0.8103762926914052,30.635700008690364,16.168419223081603,30.635700008690364,23.726861910141658,4690713480.0,5732013480.0,-42.18267517985611,12.183671376623376,252.18889677419355,-1421.4283272727273,3.326511226154173,3.326511226154173,14.8883467012987,300.1054178010471,308.1727677419355,-1736.9737818181818,-0.0059266037285227,-0.0007035177087814,0.764910290050351,0.3418917205528084,54.518324607329845,4.242442205097807,-1.7481481481481482,-0.6348122866894198,0.0039446024744193,-0.6655755395683454,0.0977896103896103,0.0007792207792207,0.2110751870166096,1.1774193548387095,0.0568831168831168,0.508793532049346,0.0032337662337662,,-0.0061097618882818,-0.0111695929928884,-30.02493047710089,547000000.0,744200000.0,-1029000000.0,2945000000.0,211329000.0,80308500.0,339950000.0,47.25584415584415,18.628356605800217,84.00644468313641,1.9045263418253773,4.831344058121433,1.0713463751438437,-0.0197149138358981,0.4757973407491092,2013-04-30,-0.36,bmo,317624998.0,2025-04-25,2013-03-31,0.6944444444444444,99.79866666666666,393525.5333333333
2012-12-31,MLM,USD,916076,2013-02-22,2013-02-22 10:39:51,2012,Q4,504100000.0,427700000.0,76400000.0,0.1515572307,35141000,38000000.0,35140000.0,38000000.0,0.0,36400000.0,464100000.0,0.0,13400000.0,44226000.0,84167000.0,0.1669648879,40000000.0,0.0793493354,17598000.0,26600000.0,0.0527673081,4800000.0,21534000.0,0.0427177147,0.47,0.46,45900000,46100000,https://www.sec.gov/Archives/edgar/data/916076/000119312513070711/0001193125-13-070711-index.htm,https://www.sec.gov/Archives/edgar/data/916076/000119312513070711/d460152d10k.htm,10.98257080610022,0.4691503267973856,2.192701525054466,1.2105228758169937,0.5533769063180828,31.59694989106754,17.074074074074073,31.59694989106754,23.12200435729848,4327452000.0,5349952000.0,50.23976037893564,8.584511009720293,42.997188136519455,77.88369958425571,2.9838323105564366,2.9838323105564366,10.612878397143424,63.56353440184395,53.15665954592876,96.2862336446916,0.0049761383835106,0.012839657146977,0.7225401641039785,0.3315195039387516,12.148466738745588,4.041546451240623,2.985074626865672,4.63289449456822,0.0042669450753006,0.8574811925327389,0.0753818686768498,0.06971037492561,0.2108893036793318,0.4479308460430225,0.0894306685181511,1.0399298747433738,0.0036381670303511,18.26290463649981,0.0109517772649644,0.0086332838872629,-29.49169934640523,527100000.0,783700000.0,-1010200000.0,2946900000.0,258727500.0,91582500.0,333696000.0,39.3686173378298,17.57851297638532,69.92518120177695,2.2860848585992346,5.119886996181333,1.2870899789346977,0.0148479624905192,0.9821786492374728,2013-02-12,0.48,bmo,524139130.0,2025-04-25,2012-12-31,-0.0416666666666665,87.34919354838709,396385.1935483871
2012-09-30,MLM,USD,916076,2012-11-06,2012-11-06 15:20:36,2012,Q3,593901000.0,470317000.0,123584000.0,0.2080885535,0,32095000.0,0.0,32095000.0,-620000.0,32489000.0,502806000.0,0.0,13224000.0,44250000.0,135163000.0,0.2275850689,91095000.0,0.1533841499,-13844000.0,77251000.0,0.1300738675,13464000.0,62586000.0,0.1053811999,1.36,1.36,45860000,45992000,https://www.sec.gov/Archives/edgar/data/916076/000119312512454316/0001193125-12-454316-index.htm,https://www.sec.gov/Archives/edgar/data/916076/000119312512454316/d417378d10q.htm,12.950305276929786,1.3647187091146968,2.0578935891844745,1.1924334932402965,0.7723724378543393,32.05453554295683,17.503379851722634,31.19068905364152,24.250196249454863,3764188800.0,4827657800.0,15.036065573770491,6.338074527572777,39.88544423841059,68.83402761269086,2.631554559722596,2.631554559722596,8.128724821140224,35.717302812160135,51.15398993377483,88.281206912316,0.0166266899258613,0.0145276985043895,0.7682369678517622,0.3388285164917162,7.868048208459416,3.61618818197311,6.888611615245009,1.4822755186982677,0.0048990635113732,0.2946505608283002,0.0540409933642139,0.0,0.2057582563415684,0.4205562913907285,0.0668293200381881,0.8973344486898329,0.0023067817700256,30.94748180850713,0.0248009946365569,0.0242968638388004,-29.38302987352813,567998000.0,802705000.0,-988076000.0,2986255000.0,286173500.0,106468000.0,333546000.0,44.999469608571125,19.06484349917184,64.123304069383,2.00002357323024,4.720731119765528,1.4035458918744703,0.0437540416874941,0.8654600959441779,2012-11-06,1.26,bmo,548748529.0,2025-04-25,2012-09-30,0.0793650793650794,80.30873015873016,461740.6507936508
2012-06-30,MLM,USD,916076,2012-08-06,2012-08-06 14:31:53,2012,Q2,545700000.0,443600000.0,102100000.0,0.1870991387,9200000,35275000.0,25000.0,35300000.0,42000.0,42800000.0,486400000.0,0.0,13300000.0,44300000.0,103620000.0,0.189884552,59300000.0,0.1086677662,-13214000.0,46100000.0,0.0844786513,8600000.0,36519000.0,0.0669213854,0.8,0.8,45781000,45905000,https://www.sec.gov/Archives/edgar/data/916076/000119312512337410/0001193125-12-337410-index.htm,https://www.sec.gov/Archives/edgar/data/916076/000119312512337410/d367571d10q.htm,11.919792053471964,0.7976889976190996,0.6989799261702453,0.0698979926170245,0.9043052794827549,30.94733623118761,16.288416592035997,30.94733623118761,25.285598829208624,3608458419.999999,4711358420.0,24.70260973739697,6.612531464174454,112.764325625,1127.64325625,2.5469074110671936,2.5469074110671936,8.633605314275243,45.46765508589076,147.229950625,1472.29950625,0.0101203881961316,0.0008868052856765,0.8076651609260305,0.3546567487990082,10.64369812777456,3.818684078352587,4.458646616541353,0.8465608465608465,0.0051104925853628,0.5049700156083134,0.0646417445482866,0.0168590800806303,0.2079962807996281,0.9,0.0527762506871907,0.6528243721098921,0.0049459409932197,23.567835420077063,0.0158958436416553,0.0142909133599436,-30.487538498503746,561200000.0,745700000.0,-1049400000.0,2986100000.0,243750000.0,106695000.0,332750000.0,45.42056074766355,22.988548241659156,67.35798016230838,1.9814814814814816,3.914992763088219,1.336144578313253,0.0257756916996047,0.6290819335532207,2012-07-31,1.0,bmo,597142857.0,2025-04-25,2012-06-30,-0.0899999999999999,75.11174603174604,576439.2222222222
2012-03-31,MLM,USD,916076,2012-05-09,2012-05-09 08:44:55,2012,Q1,394000000.0,370200000.0,23800000.0,0.0604060914,25900000,33029000.0,-29000.0,33000000.0,1855000.0,59100000.0,429300000.0,0.0,13500000.0,44400000.0,10926000.0,0.0277309645,-35300000.0,-0.0895939086,-11632000.0,-47000000.0,-0.1192893401,-9900000.0,-36700000.0,-0.0931472081,-0.8,-0.8,45734000,45734000,https://www.sec.gov/Archives/edgar/data/916076/000119312512220450/0001193125-12-220450-index.htm,https://www.sec.gov/Archives/edgar/data/916076/000119312512220450/d328359d10q.htm,8.615034766257052,-0.8024664363493244,-0.0940219530327546,-0.9139808457602658,0.9839506712730136,30.57462719202344,15.924694975291905,30.57462719202344,25.110421130887303,3916202420.0,5006102420.0,-26.67712820163488,9.939600050761422,-910.7447488372092,-93.68905311004784,2.8006882786240435,2.8006882786240435,12.705843705583757,458.1825388980413,-1164.2098651162792,-119.76321578947368,-0.0093713235589083,-0.0106736055793561,0.8116284059214761,0.3566512680305458,99.75288303130148,3.785868392664509,-2.6148148148148147,0.1140583554376657,0.0047035362385583,-0.5019073569482289,0.0838299492385786,0.065736040609137,0.2105527796109487,-8.720930232558139,0.0951776649746192,0.84463264110996,0.0047664974619289,,-0.0092747077022006,-0.0146092910314079,-30.895504438710805,516500000.0,728300000.0,-1081900000.0,2955400000.0,207924000.0,96146000.0,328053500.0,48.4492385786802,24.33111831442464,81.07779578606159,1.8576143328618573,3.698966847185308,1.1100449775112444,-0.026246156046628,0.8199588927275112,2012-05-01,-0.24,bmo,326068965.0,2025-04-25,2012-03-31,0.2083333333333333,84.31290322580645,563091.5806451613
2011-12-31,MLM,USD,916076,2012-02-29,2012-02-29 12:40:16,2011,Q4,329608000.0,256651000.0,72957000.0,0.2213447489,18573000,29752000.0,0.0,29752000.0,0.0,47818000.0,304469000.0,0.0,13302000.0,43734000.0,69259000.0,0.210125361,25139000.0,0.0762693867,-12916000.0,12223000.0,0.0370834446,906000.0,14838000.0,0.0450171112,0.32,0.32,45700000,45700000,https://www.sec.gov/Archives/edgar/data/916076/000119312512088047/0001193125-12-088047-index.htm,https://www.sec.gov/Archives/edgar/data/916076/000119312512088047/d265076d10k.htm,7.212428884026259,0.3246827133479212,1.733566739606127,0.3802844638949672,0.5694091903719912,31.703807439824946,17.025382932166302,30.838533916849016,23.48765864332604,3446237000.0,4480299000.0,58.064378622455855,10.455562364991142,43.49991164293648,198.298923988722,2.445317283997045,2.445317283997045,13.592810247324094,64.68905124243781,56.55229475916389,257.7995857068876,0.0043055657518621,0.0050428917105817,0.752194851279446,0.3367674538140975,14.93036284093042,3.787015289674864,1.8898661855360093,5.252535967645694,0.0053437996284062,1.2411376196252863,0.0902647993980728,0.0563487536710274,0.2131009949101315,0.7806346561647985,0.1876319749520642,-1.4733770101250745,0.0066897648115337,15.009551110055718,0.0078072302440702,0.0059902673295066,-29.73351203501094,484138000.0,778060000.0,-1041108000.0,2929233000.0,231774000.0,89266000.0,330153500.0,55.633722482464016,32.335350339566176,113.12884033181246,1.6177238549580857,2.783331525864874,0.7955531033114595,0.0105284743504141,1.3532822757111598,2012-02-07,0.39,bmo,432078947.0,2025-04-25,2011-12-31,-0.0256410256410256,72.70650793650795,511718.0158730159
2011-09-30,MLM,USD,916076,2011-11-07,2011-11-07 14:48:20,2011,Q3,534800000.0,423300000.0,111500000.0,0.2084891548,733000,33487000.0,13000.0,33500000.0,0.0,32500000.0,455800000.0,0.0,13400000.0,43200000.0,121084000.0,0.2264098728,79000000.0,0.1477187734,-15545000.0,63500000.0,0.1187359761,13400000.0,49156000.0,0.0919147345,1.07,1.07,45690000,45799000,https://www.sec.gov/Archives/edgar/data/916076/000119312511299503/0001193125-11-299503-index.htm,https://www.sec.gov/Archives/edgar/data/916076/000119312511299503/d222633d10q.htm,11.704968264390455,1.0758590501203764,2.6964324797548698,1.934777850733202,1.2431604289778946,32.51477347340775,18.128693368351936,32.51477347340775,23.175749616984024,2888521800.0,3877221800.0,14.69058609325413,5.401125280478683,23.44579383116883,32.67558597285068,1.9443469305331176,1.9443469305331176,7.249853777112939,32.02092596874897,31.47095616883117,43.859975113122175,0.0170177008876997,0.0306038888126099,0.7037560581583199,0.3310010764262648,8.165405833966503,3.881638846737481,5.895522388059701,2.4493041749502984,0.0063766179642473,0.3747050207502644,0.0626159311892296,0.0013706058339566,0.2080985246628253,0.2824675324675325,0.0650710545998504,0.8290649195949971,0.0055459985041136,28.05493805624141,0.0209996744915156,0.0196521808659497,-27.41300065659882,569700000.0,828300000.0,-905600000.0,2913600000.0,264600000.0,85868500.0,337050000.0,43.7210172026926,18.353366406803687,71.80014174344437,2.058506543494996,4.903732536317509,1.2534794196031982,0.0330883144857296,0.7616546290216678,2011-11-01,1.09,bmo,493347747.0,2025-04-25,2011-09-30,0.018348623853211,70.4503125,634090.453125
2011-06-30,MLM,USD,916076,2011-08-08,2011-08-08 13:57:54,2011,Q2,493000000.0,396500000.0,96500000.0,0.1957403651,1735000,31664000.0,36000.0,31700000.0,0.0,31700000.0,428200000.0,0.0,13700000.0,43159000.0,107524000.0,0.2181014199,63000000.0,0.1277890467,-14061000.0,49000000.0,0.0993914807,13100000.0,35799000.0,0.0726146045,0.78,0.78,45628000,45794000,https://www.sec.gov/Archives/edgar/data/916076/000119312511213915/0001193125-11-213915-index.htm,https://www.sec.gov/Archives/edgar/data/916076/000119312511213915/d10q.htm,10.804769001490312,0.7845840273516262,0.7747435785044271,0.1599018146751994,0.5720171824318401,31.79188217761024,17.384062417813624,31.79188217761024,24.101428947137723,3648871160.0,4708771160.0,25.481655632838905,7.401361379310344,103.22124922206508,500.1194024122807,2.515422004687715,2.515422004687715,9.551259959432048,43.79274543357762,133.20427609618105,645.3907839912281,0.0098109794591925,0.0019995225043791,0.7486557286640011,0.3448823398647146,9.857334176555932,2.8360593381513883,4.598540145985401,0.9874577502164864,0.0050462181843658,0.5143439760887175,0.0642271805273833,0.0035192697768762,0.20877131696783,0.7936067892503537,0.0569046653144016,1.1028382734491706,0.0072494929006085,23.69022090462542,0.0154216982482936,0.0143684527393136,-28.53401420180591,482700000.0,793200000.0,-952700000.0,2837900000.0,236321000.0,80164500.0,334039500.0,49.180527383367135,19.388020176544764,76.35813366960907,1.829992576095026,4.642041795937482,1.1786563614744352,0.024678753619192,0.6148417638292276,2011-08-02,1.08,bmo,640246153.0,2025-04-25,2011-06-30,-0.2777777777777778,85.59285714285714,328509.3650793651
2011-03-31,MLM,USD,916076,2011-05-03,2011-05-03 15:49:41,2011,Q1,356512000.0,335403000.0,21109000.0,0.0592097882,2000,29235000.0,0.0,29235000.0,0.0,27252000.0,362655000.0,0.0,18165000.0,43294000.0,39107000.0,0.1096933624,-6143000.0,-0.0172308365,-16209000.0,-24047000.0,-0.067450745,-6384000.0,-17414000.0,-0.0488454807,-0.38,-0.38,45584000,45584000,https://www.sec.gov/Archives/edgar/data/916076/000095012311043824/0000950123-11-043824-index.htm,https://www.sec.gov/Archives/edgar/data/916076/000095012311043824/g26883e10vq.htm,7.820989820989821,-0.382020007020007,0.4678395928395928,-0.205071955071955,3.8791900666900654,31.474771849771848,17.353742541242543,30.563553001053,26.03510003510004,4087517280.0,5079307280.0,-58.68148156655564,11.46530069114083,191.66825846384697,-437.2611553273427,2.9338866458657678,2.9338866458657678,14.247226685216766,129.88230444677424,238.17440120041263,-543.3576465554129,-0.0042602877999331,-0.0022869628088764,0.8387966198897653,0.3642139296629128,25.36093282532539,5.293212481576195,-0.3381778144783925,-1.2246468358791778,0.0045015100217509,-1.056621109452165,0.0820028498339466,5.609909343865003e-06,0.2006145347855112,1.4383381787489449,0.0860391796068575,0.7085046426756595,0.0077893591239565,,-0.0014760343207621,-0.0067893141014919,-28.052825552825556,681599000.0,791053000.0,-933499000.0,3001613000.0,193301500.0,67623500.0,331786500.0,51.307613768961495,20.101966887594923,89.00072450156975,1.754125623640783,4.477173825987132,1.011227723190193,-0.0124992014837687,0.672911547911548,2011-05-03,-0.37,bmo,311084615.0,2025-04-25,2011-03-31,0.0540540540540541,86.21532258064516,422742.7741935484
2010-12-31,MLM,USD,916076,2011-02-25,2011-02-25 16:55:10,2010,Q4,427981000.0,357136000.0,70845000.0,0.1655330494,3000,34865000.0,0.0,34865000.0,0.0,36113000.0,393249000.0,0.0,16916000.0,45591000.0,80310000.0,0.1876485171,34732000.0,0.0811531353,-16929000.0,17803000.0,0.041597641,2678000.0,14803000.0,0.034587984,0.32,0.32,45551000,45584000,https://www.sec.gov/Archives/edgar/data/916076/000095012311018849/0000950123-11-018849-index.htm,https://www.sec.gov/Archives/edgar/data/916076/000095012311018849/g25580e10vk.htm,9.39564444249303,0.3249764000790323,1.475203617922768,0.9067858005312728,1.5438299927553731,32.23329893965006,18.0936532677658,31.29327566903032,23.046651006564076,4201624240.0,5164183240.0,70.95899885158414,9.817314880800785,62.52696162031043,101.72192809587216,2.947598103041868,2.947598103041868,12.066384348837916,64.30311592578758,76.85139574683393,125.02562014283986,0.0035231613191568,0.0098307220352479,0.7246057357728141,0.3359246610204495,11.9855435188644,1.8060276062081544,2.053204067155356,4.418239200473404,0.0043775927949235,1.2425184084307237,0.0814638967617721,7.009656970753374e-06,0.2094727917097461,0.3853148206021102,0.0604980127622487,-0.1950065900960271,0.0069886279998411,15.12664740304508,0.0100362576519041,0.0060900953976437,-27.06182630458168,310718000.0,824184000.0,-910273000.0,2642623000.0,216487000.0,68663000.0,327857000.0,38.55893135442929,15.20420792079208,83.63889386676223,2.3340895828447707,5.91941391941392,1.0760544029117731,0.0103848636210573,0.5684178173914952,2011-02-08,0.2,bmo,267500000.0,2025-04-25,2010-12-31,0.6,85.57734375,346165.15625
2010-09-30,MLM,USD,916076,2010-11-02,2010-11-02 15:26:54,2010,Q3,509303000.0,395508000.0,113795000.0,0.2234328092,114000,31235000.0,0.0,31235000.0,0.0,29956000.0,425464000.0,0.0,17104000.0,45446000.0,129845000.0,0.2549464661,83839000.0,0.1646151701,-16559000.0,67280000.0,0.1321021082,13990000.0,51990000.0,0.1020806867,1.13,1.13,45526000,45678000,https://www.sec.gov/Archives/edgar/data/916076/000095012310099410/0000950123-10-099410-index.htm,https://www.sec.gov/Archives/edgar/data/916076/000095012310099410/g24620e10vq.htm,11.18707991038088,1.1419847998945658,2.555374950577692,1.6444668980362869,1.3288889865132012,32.00869832623116,17.911545051179544,31.07692307692308,23.024930808768616,3504136220.0,4474766220.0,16.850049144066165,6.880258353082546,30.120824336404898,46.80544198968824,2.476757425742574,2.476757425742574,8.786059025766587,34.4623683622781,38.46415744051712,59.77033927283413,0.0148367519799216,0.0213650370019005,0.7288119660052813,0.3309373598867444,7.475297470060457,1.715220167043471,4.90171889616464,2.1845084968547552,0.0052503666652548,0.3538757453356415,0.0613289142219857,0.0002238353200354,0.2059793637746916,0.3564674735249621,0.0814250063321834,0.936392169259602,0.0063635988792526,28.257935347086548,0.0226303257330869,0.0210145853105663,-27.43347208188727,305281000.0,815441000.0,-926439000.0,2640274000.0,253687000.0,78615500.0,321831000.0,44.109636110527525,17.5201765830274,73.6870050669013,2.0403704935239757,5.136934526515398,1.2213822493978137,0.0367470356401716,0.910908052541405,2010-11-02,1.16,bmo,522923893.0,2025-04-25,2010-09-30,-0.0258620689655172,80.09390625,581735.78125
2010-06-30,MLM,USD,916076,2010-08-03,2010-08-03 15:18:37,2010,Q2,504630000.0,386932000.0,117698000.0,0.2332362325,22000,33559000.0,0.0,33559000.0,0.0,27050000.0,413982000.0,0.0,16820000.0,45532000.0,134848000.0,0.2672215286,90648000.0,0.1796326021,-18154000.0,72494000.0,0.1436577294,17534000.0,54399000.0,0.1077997741,1.18,1.18,45463000,45657000,https://www.sec.gov/Archives/edgar/data/916076/000095012310071734/0000950123-10-071734-index.htm,https://www.sec.gov/Archives/edgar/data/916076/000095012310071734/g24016e10vq.htm,11.099795438048522,1.196555440688032,1.3011459868464466,0.3435980907551195,0.7059586916833469,31.163737544816662,17.031190198623054,30.258539911576445,23.67437256670259,3855717030.0,4883110030.0,17.71961354988143,7.640681350692587,65.1810026371843,246.82907816401,2.80284508928182,2.80284508928182,9.676614608723224,36.211957389060274,82.54910961219866,312.599067281224,0.0141086598359631,0.0040513865199283,0.7701760048384612,0.3421685626367721,7.618896831988609,1.7086868647889906,5.389298454221166,1.076545097182791,0.0047713563668856,0.3381863637199213,0.0665021897231635,4.359629827794622e-05,0.2075021508904557,0.7359265645603003,0.0862671660424469,0.9862483008608972,0.0090145254939262,28.541819538453343,0.0234604675689059,0.0221685295637446,-28.468386380133296,293840000.0,774289000.0,-971129000.0,2630765000.0,229931000.0,73759500.0,320934500.0,45.97128589263421,18.663279335903987,74.39493244290988,1.957743801428455,4.822303646651212,1.2097598189105871,0.0395443879375768,0.9575478960913272,2010-08-03,1.17,bmo,500323728.0,2025-04-25,2010-06-30,0.0085470085470085,91.05111111111113,894268.253968254
2010-03-31,MLM,USD,916076,2010-05-04,2010-05-04 15:38:28,2010,Q1,340944000.0,321331000.0,19613000.0,0.057525576,13000,33571000.0,0.0,33571000.0,0.0,32477000.0,353808000.0,0.0,17616000.0,44968000.0,32704000.0,0.0959219109,-12864000.0,-0.0377305364,-17016000.0,-29880000.0,-0.0876390258,-4984000.0,-24180000.0,-0.0709207377,-0.53,-0.53,45400000,45400000,https://www.sec.gov/Archives/edgar/data/916076/000095012310043495/0000950123-10-043495-index.htm,https://www.sec.gov/Archives/edgar/data/916076/000095012310043495/g23087e10vq.htm,7.5097797356828195,-0.5325991189427313,0.5973788546255506,0.0462555066079295,4.868788546255507,30.239977973568283,16.075066079295155,29.345638766519823,27.95224669603524,3793170000.0,4823543000.0,-39.21805210918114,11.125492749542447,139.86099332620478,1806.2714285714285,2.8471010859481254,2.8471010859481254,14.14761075132573,147.49091854207435,177.8526971719332,2296.925238095238,-0.006374615427202,0.0005536266500051,0.9392955898556772,0.3856560228937576,31.506023727984346,2.161931573861883,-0.7302452316076294,-1.0958865362857604,0.0048408059749497,-0.759387923904053,0.0984648505326387,3.812942887981604e-05,0.1981837972302399,0.922569226798422,0.0733874184616828,0.5641968070713448,0.0114212304660002,,-0.0034897429715789,-0.0092935124134498,-29.479620044052865,459365000.0,729808000.0,-1017296000.0,2797497000.0,182458000.0,59694000.0,327298000.0,53.34920104181332,18.84440032240898,90.19493917486952,1.686998085115858,4.775954578558583,0.9978386905445816,-0.0181491745052886,0.5511233480176212,2010-05-04,-0.34,bmo,214640740.0,2025-04-25,2010-03-31,0.5882352941176471,83.3404918032787,657756.2131147541
2009-12-31,MLM,USD,916076,2010-02-26,2010-02-26 15:16:41,2009,Q4,373866000.0,314069000.0,59797000.0,0.1599423323,23000,32545000.0,0.0,32545000.0,0.0,45262000.0,359331000.0,0.0,18102000.0,46115000.0,60281000.0,0.1612369138,14535000.0,0.0388775658,-18471000.0,-3936000.0,-0.0105278362,-1292000.0,-3153000.0,-0.0084335029,-0.0702,-0.0694,44930000,45400000,https://www.sec.gov/Archives/edgar/data/916076/000095012310018035/0000950123-10-018035-index.htm,https://www.sec.gov/Archives/edgar/data/916076/000095012310018035/g22182e10vk.htm,8.321077231248609,-0.0701758290674382,1.8644558201647008,1.002292454929891,5.866703761406632,31.30227019808591,17.131493434231025,30.385933674604946,28.253950589806365,4017191300.0,5004948300.0,-318.52135267998733,10.745003022473291,47.95501134057538,89.20550041080985,2.9424799302686706,2.9424799302686706,13.387011121631817,83.02696206101425,59.74630894114839,111.1395709812804,-0.0007848767371372,0.0112100710762766,0.9165773050892152,0.3863040061643271,16.385876146712896,2.293811052246937,0.8029499502817369,-28.737564322469986,0.0045387432756811,-5.782746590548684,0.087049905581144,6.151936790186859e-05,0.196553681786988,0.4624209144084995,0.1036119893223775,0.8585898885120908,0.0092760507775513,,0.0031561613956479,-0.00121148548177,-28.508463164923217,483307000.0,769718000.0,-976012000.0,2812905000.0,208896500.0,56924000.0,331175000.0,39.19412302803679,14.931846186665988,95.30138281715163,2.2962626293646164,6.027385955821675,0.944372446018721,-0.002309484046761,0.8621633652348097,2010-02-09,0.33,bmo,1764557142.0,2025-04-25,2009-12-31,-1.2121212121212122,88.274375,461321.84375
2009-09-30,MLM,USD,916076,2009-11-03,2009-11-03 15:21:38,2009,Q3,488311000.0,370561000.0,117750000.0,0.241137308,51000,32932000.0,0.0,32932000.0,0.0,28535000.0,399096000.0,0.0,18181000.0,45901000.0,136310000.0,0.2791458722,89215000.0,0.1827011884,-16983000.0,72230000.0,0.1479180277,15309000.0,55514000.0,0.1136857454,1.23,1.23,44622000,44813000,https://www.sec.gov/Archives/edgar/data/916076/000095012309056831/0000950123-09-056831-index.htm,https://www.sec.gov/Archives/edgar/data/916076/000095012309056831/g20974e10vq.htm,10.943279099995518,1.2440948411097663,2.643090852046076,2.066178118416925,4.343933485724531,30.29841782080588,16.02046075926673,29.381022813858635,28.75803415355654,4108347539.999999,5179572540.0,18.50140297942861,8.413383151311356,34.83421688994404,44.56053385685,3.1336553728337804,3.1336553728337804,10.60711829141674,37.99847802802436,43.91701322706461,56.17940431901255,0.0135124887706067,0.0224413828436724,0.9649286062972908,0.3913346228718515,7.858741104834568,2.140319414364781,4.907045817061768,2.073962051805089,0.0043840010672514,0.3244406816298591,0.0674406269774795,0.0001044416365799,0.197084401461202,0.218272002713244,0.0527184519701583,0.5769903173749328,0.0082836552934502,28.678171584989904,0.0229452218396213,0.0213879802894932,-29.82264353906145,450181000.0,714865000.0,-1035739000.0,2785431000.0,258712500.0,68472000.0,331834000.0,46.99468166803533,14.995344895982038,80.0955578163919,1.915110323243574,6.001862619653067,1.1236578214026884,0.042343483036368,0.5769127336291515,2009-11-03,1.18,bmo,468450406.0,2025-04-25,2009-09-30,0.0423728813559322,87.19375,465302.359375
2009-06-30,MLM,USD,916076,2009-08-04,2009-08-04 15:38:33,2009,Q2,465989000.0,354211000.0,111778000.0,0.239872615,163000,36766000.0,0.0,36766000.0,0.0,38772000.0,392983000.0,0.0,18651000.0,44756000.0,119041000.0,0.2554588198,73006000.0,0.1566689342,-17250000.0,55695000.0,0.1195199887,15554000.0,38862000.0,0.0833968184,0.86,0.86,44554000,44753000,https://www.sec.gov/Archives/edgar/data/916076/000095012309029539/0000950123-09-029539-index.htm,https://www.sec.gov/Archives/edgar/data/916076/000095012309029539/g19940e10vq.htm,10.458971136149392,0.8722449162813665,1.1649683530098307,0.3921084526641828,2.9936706019661536,29.212708174350222,14.794451676617138,28.326637338959465,29.229721237150425,3514419520.0,4664689520.0,22.608328958880136,7.541850816220983,67.7099938347719,201.16883342873496,2.784658096056859,2.784658096056859,10.010299642266231,39.18557068573013,89.8714842786683,267.0114207212364,0.011057871656711,0.0049709489435114,1.0171029225911503,0.4002409583707622,9.66280525197201,2.061673657804372,3.914320947938448,1.278896143895528,0.0051539094570018,0.4660851217127271,0.0788988581275523,0.0003497936646573,0.2002969574952302,0.6634170776818742,0.0738944481522096,0.7875308754917207,0.0170669264725133,23.57805593811118,0.0172344177804479,0.0151520468246671,-31.613126767518068,413059000.0,659152000.0,-1103527000.0,2768174000.0,254078500.0,76116000.0,329418000.0,50.68838534815199,19.108017537569413,84.83595935755807,1.7755546834217957,4.710064758054865,1.0608708934459865,0.030792391834018,0.772859900345648,2009-08-04,0.77,bmo,421597647.0,2025-04-25,2009-06-30,0.1038961038961038,84.40142857142857,630401.2698412698
2009-03-31,MLM,USD,916076,2009-05-05,2009-05-05 16:36:20,2009,Q1,375063000.0,326586000.0,48477000.0,0.129250286,136000,37157000.0,0.0,37157000.0,0.0,37586000.0,364172000.0,0.0,18525000.0,42619000.0,52545000.0,0.1400964638,10891000.0,0.0290377883,-19547000.0,-8656000.0,-0.0230787894,-2190000.0,-5764000.0,-0.0153680848,-0.14,-0.14,41863000,41863000,https://www.sec.gov/Archives/edgar/data/916076/000095014409003902/0000950144-09-003902-index.htm,https://www.sec.gov/Archives/edgar/data/916076/000095014409003902/g18905e10vq.htm,8.959295798198887,-0.1376872178295869,1.546807443327043,0.5837613166758235,5.303083868810167,30.675942956787612,15.45355086830853,29.626185414327686,32.41506819864797,3319735900.0,4436199900.0,-143.98576943095074,8.851142074798101,51.26688544337029,135.84319093215484,2.676686144063936,2.676686144063936,11.827879316274863,84.42667998858121,68.50850758254316,181.52876258286275,-0.0017362826964638,0.0073614289618641,1.0791991233961786,0.4114436726333874,21.24776857931297,2.5656087121604365,0.5879082321187584,-10.160677859720696,0.0050669693333135,-2.9182859125607217,0.099068689793448,0.0003626057489008,0.1958916712955861,0.6226024647126046,0.107491274799167,0.9619661178716296,0.013560388521395,,0.0026313210163257,-0.0022034953154698,-33.446050211403865,544287000.0,646932000.0,-1076973000.0,2865225000.0,228653000.0,69975000.0,321483500.0,58.96049463690101,21.227517407359777,89.54887839650199,1.526445810101339,4.2397798231834765,1.0050377136104436,-0.0046474838358028,0.9630461266512196,2009-05-05,0.14,bmo,374600000.0,2025-04-25,2009-03-31,-2.0,80.83032786885245,870888.262295082
2008-12-31,MLM,USD,916076,2009-02-17,2009-02-17 16:47:38,2008,Q4,471484000.0,367340000.0,104144000.0,0.2208855444,139000,33878000.0,0.0,33878000.0,0.0,43541000.0,410881000.0,0.0,0.0,45470000.0,100381000.0,0.2129043615,60603000.0,0.1285367054,-22419000.0,38184000.0,0.0809868415,12626000.0,25261000.0,0.05357764,0.6,0.6,41439000,41863000,https://www.sec.gov/Archives/edgar/data/916076/000095014409001377/0000950144-09-001377-index.htm,https://www.sec.gov/Archives/edgar/data/916076/000095014409001377/g17638e10vk.htm,11.3777842129395,0.6095948261299742,1.7072323173821762,0.875431356934289,0.9120393831897488,24.655614276406283,9.303240908323078,24.655614276406283,32.8101788170564,4022898120.0,5344725120.0,39.81333003444044,8.532417049146948,56.86396573657875,110.89390302395458,3.9374399238918514,3.9374399238918514,11.33596287466807,53.24439007381875,75.54808922059198,147.33095680458692,0.0062793039362378,0.0090176283161752,1.3307386483756547,0.4483495806433104,13.168099540749743,1.907506044934732,0.0,2.800601718063418,0.0041770881336661,0.6652151537943866,0.0718539759567662,0.00029481382189,0.2097894741701736,0.4872218924038108,0.0731074649404857,0.8442904031744477,0.0,18.38949524059744,0.0140307523979043,0.0105416024187137,-39.94541374067907,316392000.0,385517000.0,-1345767000.0,2643108000.0,260480000.0,80084000.0,311784000.0,40.39085101509277,15.415936189905809,77.91588174443295,2.2282273766989924,5.838114460990767,1.155091850146847,0.0247243820127943,0.8318009604478872,2009-02-12,0.83,bmo,638283606.0,2025-04-25,2008-12-31,-0.2650602409638554,84.1953125,949688.484375
2008-09-30,MLM,USD,916076,2008-10-29,2008-10-29 12:45:34,2008,Q3,599210000.0,447594000.0,151616000.0,0.2530264849,145000,37734000.0,0.0,37734000.0,0.0,36659000.0,484253000.0,0.0,19498000.0,43962000.0,158107000.0,0.2638590811,114957000.0,0.1918475993,-20264000.0,92625000.0,0.1545785284,26113000.0,66326000.0,0.1106890739,1.58,1.57,41385000,41630000,https://www.sec.gov/Archives/edgar/data/916076/000095014408007875/0000950144-08-007875-index.htm,https://www.sec.gov/Archives/edgar/data/916076/000095014408007875/g16233qe10vq.htm,14.478917482179533,1.6026579678627522,3.5265192702670047,1.9711489670170352,0.335773831098224,25.980790141355563,10.806862389754745,25.980790141355563,33.37924368732632,4634292300.0,5982298300.0,17.46785687362422,7.734003604746249,31.75369008873206,56.80950647249191,4.310107559883373,4.310107559883373,9.983642295689323,37.83702366119147,40.99008736167735,73.334048004315,0.0143120018562489,0.017602687685453,1.26663225494436,0.4445383779775116,8.52590966876862,1.5867423849857265,5.895835470304647,2.200419141814673,0.0036221280215751,0.2530832554352742,0.0629729143372106,0.0002419852806194,0.2049766421032291,0.4410497105073829,0.1074231070910031,1.464196351394386,0.0074815173311526,30.608204904188757,0.0289819177455893,0.0272312339288874,-38.41302404252749,249105000.0,447242000.0,-1314756000.0,2595524000.0,320002500.0,99142000.0,301460500.0,46.4657799435924,19.55394844434912,61.43849113258891,1.936909271925628,4.602650981521281,1.464879725085911,0.0616862673976832,1.5553703032499695,2008-10-28,1.59,bmo,602489240.0,2025-04-25,2008-09-30,-0.0062893081761006,105.848125,686682.1875
2008-06-30,MLM,USD,916076,2008-08-07,2008-08-07 15:27:11,2008,Q2,598698000.0,459260000.0,139438000.0,0.2329020641,134000,42039000.0,0.0,42039000.0,0.0,34540000.0,493800000.0,0.0,19301000.0,42775000.0,148012000.0,0.2472231409,104898000.0,0.1752102061,-18947000.0,84620000.0,0.1413400412,26306000.0,63804000.0,0.1065712596,1.52,1.51,41333000,41596000,https://www.sec.gov/Archives/edgar/data/916076/000095014408006169/0000950144-08-006169-index.htm,https://www.sec.gov/Archives/edgar/data/916076/000095014408006169/g14455qe10vq.htm,14.484745844724554,1.5436576101420172,1.2051871386059565,-0.58502891152348,0.318292889458786,24.59964193259623,9.376430455084316,24.59964193259623,35.42443084218421,4281685470.0,5713426470.0,16.776712549369947,7.151661555575599,85.95345625727707,-177.0681721186055,4.211036903863876,4.211036903863876,9.543085946503911,38.60110308623625,114.6951955273618,-236.2775100285348,0.0149016083612512,-0.0056475423450475,1.421055944420458,0.470408082870651,9.673141366916196,1.4026837597813684,5.434847935340138,0.7807225139095683,0.0033832471117968,0.2270390571124067,0.0702173716965815,0.000223819020608,0.2048524180699066,1.4854257839161682,0.1235931972380064,1.729865575686733,0.0150509939902922,29.230156529010745,0.025179353046256,0.0261239022404959,-39.798290712021874,198329000.0,387556000.0,-1363958000.0,2532227000.0,289554000.0,96830000.0,296918500.0,49.70400769670184,19.79996080651483,58.27502939511387,1.810719178807226,4.545463543058483,1.5444007653738931,0.0627512227361555,1.7902160501294366,2008-08-07,1.84,bmo,790405755.0,2025-04-25,2008-06-30,-0.2445652173913044,111.6325,554855.015625
2008-03-31,MLM,USD,916076,2008-05-06,2008-05-06 14:51:21,2008,Q1,453934000.0,378722000.0,75212000.0,0.1656892852,178000,37696000.0,0.0,37696000.0,0.0,32281000.0,411003000.0,0.0,15838000.0,38922000.0,81896000.0,0.1804138928,42931000.0,0.0945754229,-15724000.0,27969000.0,0.0616146841,6813000.0,20864000.0,0.0459626289,0.5,0.5,41322000,41924000,https://www.sec.gov/Archives/edgar/data/916076/000095014408003653/0000950144-08-003653-index.htm,https://www.sec.gov/Archives/edgar/data/916076/000095014408003653/g12899qe10vq.htm,10.98528628817579,0.5049126373360437,1.8208218382459709,-0.2461884710323798,0.3285658971008179,23.115701079328204,8.824330864914574,23.115701079328204,29.447582401626253,4387156740.0,5574574740.0,52.56850004792945,9.664745844109497,58.30883492822967,-431.2549631377175,4.592982044353619,4.592982044353619,12.28058426995995,68.06895013187457,74.09057336523126,-547.9774638749632,0.0047556997017617,-0.0023188138931183,1.257340185743734,0.4351260892689706,14.499096414965322,1.140258728981025,2.710632655638338,3.606211656441718,0.0032902859084993,0.6918615797546013,0.0830429093216194,0.0003921274898994,0.213958294385582,1.135207336523126,0.1881617151392052,2.194465854786496,0.0091224715487273,16.20514473574034,0.0126802618106761,0.0096166964730175,-35.2538780794734,76372000.0,364639000.0,-1184041000.0,2172104000.0,248191500.0,89745500.0,291675500.0,49.26273423008632,22.01105296233121,70.45257471179387,1.826938788652014,4.088854820077087,1.277455087598578,0.0218428433385295,2.0670103092783507,2008-05-06,0.64,bmo,566588235.0,2025-04-25,2008-03-31,-0.203125,109.34852459016392,946348.524590164
2007-12-31,MLM,USD,916076,2008-02-25,2008-02-25 16:13:59,2007,Q4,530411000.0,399005000.0,131406000.0,0.2477437308,310000,36165000.0,0.0,36165000.0,0.0,29873000.0,428878000.0,0.0,0.0,39251000.0,140784000.0,0.2654243596,101533000.0,0.1914232548,-14422000.0,87111000.0,0.1642330193,29827000.0,56541000.0,0.106598468,1.37,1.37,41322000,41322000,https://www.sec.gov/Archives/edgar/data/916076/000095014408001341/0000950144-08-001341-index.htm,https://www.sec.gov/Archives/edgar/data/916076/000095014408001341/g11819e10vk.htm,12.83604375393253,1.368302599099753,2.971661584628043,1.326436280915735,0.4849232854169691,22.893156187987028,8.757998160786022,22.893156187987028,27.36249455495862,5479297200.0,6589932200.0,24.22709715074017,10.330285759533645,44.62150087544281,99.9671087920308,5.792124026549935,5.792124026549935,12.42419972436469,46.80881492215025,53.666128099678325,120.2301034463885,0.0103190241259408,0.0100032902029844,1.1952259588093332,0.4212947661994817,7.888929139674963,1.2356696195935384,0.0,2.1717868449443767,0.0026715104995582,0.2588917776480783,0.068182975089129,0.0005844524340558,0.2176361546386566,0.5536381774502219,0.1281723041188814,1.732032304909429,0.0,26.548205495973416,0.0271449878552296,0.0269279786942209,-33.59945065582498,119394000.0,361898000.0,-1111804000.0,2137040000.0,285447000.0,89856500.0,286068500.0,42.06632215395231,19.594040174935152,64.71009135223869,2.139478694396489,4.593233411613023,1.3908186207016748,0.0597690675704102,1.645225303712308,2008-02-05,1.55,bmo,616067164.0,2025-04-25,2007-12-31,-0.1354838709677419,129.665625,759548.453125
2007-09-30,MLM,USD,916076,2007-10-30,2007-10-30 16:58:36,2007,Q3,620217000.0,452851000.0,167366000.0,0.2698507135,170000,36439000.0,0.0,36439000.0,0.0,30418000.0,483269000.0,0.0,0.0,37680000.0,174561000.0,0.281451492,136948000.0,0.2208065887,-15992000.0,120981000.0,0.1950623733,31110000.0,90266000.0,0.1455393838,2.16,2.13,41817000,42475000,https://www.sec.gov/Archives/edgar/data/916076/000095014407009707/0000950144-07-009707-index.htm,https://www.sec.gov/Archives/edgar/data/916076/000095014407009707/g10148e10vq.htm,14.831695243561231,2.158595786402659,3.174952770404381,1.2151039051103618,0.6317287227682521,23.609608532415045,9.631633067891048,23.609608532415045,26.996054236315373,5748582990.0,6851059990.0,15.921230003545078,9.268664015981503,43.29828187727372,113.13435782885932,5.822629367668642,5.822629367668642,11.04623057736244,39.247369057235005,51.60212997205631,134.8315356608675,0.0157023044038892,0.0088390478294199,1.1434350637051385,0.4147372288249233,6.315711986067908,2.1819089097403603,0.0,1.4708417344293532,0.0025448010449615,0.1620654510003766,0.0587520174390576,0.0002740976142221,0.2147420048127261,0.6172844155550702,0.1321392351386692,2.175026539278132,0.0,33.86267906819344,0.0409630735283957,0.0422310313352512,-31.6471889422962,374229000.0,402766000.0,-1043807000.0,2364462000.0,315126000.0,92598000.0,291526000.0,46.86749960094612,18.452095722434088,56.69122956557455,1.9203072655103444,4.877494749313372,1.5875471512907886,0.0914286987621583,1.9598488652940191,2007-10-30,2.04,bmo,594983886.0,2025-04-25,2007-09-30,0.034313725490196,138.44761904761907,1046461.9047619049
2007-06-30,MLM,USD,916076,2007-08-07,2007-08-07 08:58:07,2007,Q2,595101000.0,417079000.0,178022000.0,0.2991458593,186000,44309000.0,0.0,44309000.0,0.0,41427000.0,458506000.0,0.0,0.0,37424000.0,173979000.0,0.2923520545,136595000.0,0.2295324659,-15848000.0,121053000.0,0.2034158907,38436000.0,82952000.0,0.1393914646,1.95,1.92,42458000,43141000,https://www.sec.gov/Archives/edgar/data/916076/000095014407007333/0000950144-07-007333-index.htm,https://www.sec.gov/Archives/edgar/data/916076/000095014407007333/g08600e10vq.htm,14.016227801592162,1.9537425220217624,2.1422111262895096,0.6084601253002968,0.7275425126006877,21.299566630552548,7.521856893871591,21.299566630552548,27.854962551227096,6879045160.0,8030821160.0,20.73200513550005,11.55945824322258,75.63213448556414,266.27874738716423,7.606727536305603,7.606727536305603,13.494887691333068,46.15971559785951,88.2954148250764,310.8624742587288,0.0120586503025661,0.0037554630619694,1.3077713286086934,0.443323473503848,6.620201288661275,1.9562527768266216,0.0,1.0964654257884077,0.0017249486991302,0.1430465811553669,0.0744562687678226,0.0003125519869736,0.2192780595615668,0.7159663126415551,0.1094268031813087,1.7400598546387345,0.0,30.599216543921383,0.038120789561071,0.0398280545028623,-31.870189363606386,337912000.0,319363000.0,-1072107000.0,2270326000.0,284786000.0,91642000.0,289633500.0,46.470531892905576,19.9280951570326,64.2612071094445,1.936711208888484,4.516236965490357,1.4005339153794494,0.0917268673072096,1.5337510009892128,2007-08-07,2.0,bmo,616544502.0,2025-04-25,2007-06-30,-0.045,149.28682539682538,790903.1746031746
2007-03-31,MLM,USD,916076,2007-05-09,2007-05-09 14:41:39,2007,Q1,462186000.0,368406000.0,93780000.0,0.2029053238,203000,38273000.0,0.0,38273000.0,0.0,35961000.0,404367000.0,0.0,0.0,35983000.0,94194000.0,0.2038010671,57819000.0,0.1250989861,-8520000.0,49300000.0,0.1066670128,16654000.0,32990000.0,0.0713781897,0.74,0.73,44548000,45191781,https://www.sec.gov/Archives/edgar/data/916076/000095014407004483/0000950144-07-004483-index.htm,https://www.sec.gov/Archives/edgar/data/916076/000095014407004483/g07079e10vq.htm,10.375011223848434,0.740549519619287,1.101104426685822,-0.0182275298554368,0.4064828948549879,22.47277094370117,9.307196731615337,22.47277094370117,21.698864146538565,6022889599.999999,6971422599.999999,45.64178235829039,13.03131120371452,122.78581097610696,-7417.3517241379295,6.016169538625356,6.016169538625356,15.083586694534231,74.01132343886022,142.12310609149472,-8585.49581280788,0.0054774372752905,-0.0001348190078064,0.9655624667246684,0.3775164253296294,10.069993842495276,0.9896984740486304,0.0,1.4868748105486511,0.0020715969955683,0.3782055168232798,0.0828086527934641,0.0004392171117255,0.2290544095024188,1.0165538612085134,0.1078873007836671,1.3857655003751772,0.0083819068513542,19.35069750305203,0.016497337487789,0.0167120307878261,-27.02354763401275,-6466000.0,414617000.0,-938202000.0,1894617000.0,253609000.0,88085000.0,268877000.0,51.07644974101336,22.214540479796742,68.76117652806957,1.7620645220321924,4.05140048167332,1.308878127808944,0.0329531912853342,1.119331956541259,2007-05-08,0.72,bmo,458100000.0,2025-04-25,2007-03-31,0.0,121.0927868852459,770434.4426229508
2006-12-31,MLM,USD,916076,2007-02-28,2007-02-28 06:44:59,2006,Q4,529744000.0,392537000.0,137207000.0,0.259006237,257000,38102000.0,0.0,38102000.0,0.0,34857000.0,427394000.0,0.0,0.0,38735000.0,141085000.0,0.2663267541,102350000.0,0.1932065299,-9949000.0,92401000.0,0.1744257604,29975000.0,62466000.0,0.1179173337,1.4,1.4,44548000,44548000,https://www.sec.gov/Archives/edgar/data/916076/000095014407001677/0000950144-07-001677-index.htm,https://www.sec.gov/Archives/edgar/data/916076/000095014407001677/g05626e10vk.htm,11.891532728742032,1.4022178324503909,2.883855616413756,1.6853955284187845,0.7246565502379456,28.148783334829847,15.095761874831643,28.148783334829847,16.019888659423543,4628982680.0,5310354680.0,18.52600886882464,8.738150276359901,36.03162356970498,61.65318362834805,3.691456172865104,3.691456172865104,10.024379096318222,37.63939951093312,41.33536763446719,70.72834245681331,0.0134945417423769,0.0162197625677873,0.5691147808723002,0.2847302987008168,4.829514122691994,1.880059161080642,0.0,2.0566388115134635,0.0027172277084432,0.2013575385009445,0.0719253073182518,0.0004851399921471,0.2319985349628015,0.4155756207674944,0.100782642181884,1.378314186136569,0.0,29.800861295645763,0.0297319863323081,0.0324509658767698,-20.38999506150669,277282000.0,672486000.0,-660095000.0,2154259000.0,275817000.0,87443500.0,250412000.0,41.61028723307862,19.54294754379842,58.76090661517259,2.1629266699330394,4.605241855062943,1.531630554807696,0.0498145094148832,1.1984600879949716,2007-02-08,1.34,bmo,512747058.0,2025-04-25,2006-12-31,0.0149253731343283,94.71539682539682,864233.3492063492
2006-09-30,MLM,USD,916076,2006-10-31,2006-10-31 10:18:39,2006,Q3,604107000.0,456094000.0,148013000.0,0.2450112315,175000,35254000.0,0.0,35254000.0,0.0,33298000.0,489392000.0,0.0,0.0,36072000.0,152084000.0,0.2517501039,114715000.0,0.1898918569,-10309000.0,104406000.0,0.1728269992,28699000.0,76160000.0,0.1260703816,1.68,1.65,45275000,46121000,https://www.sec.gov/Archives/edgar/data/916076/000095014406009964/0000950144-06-009964-index.htm,https://www.sec.gov/Archives/edgar/data/916076/000095014406009964/g03885e10vq.htm,13.343059083379348,1.682164549972391,2.1169077857537277,0.9045831032578686,0.5042297073440088,27.875648812810603,14.999668691330756,27.875648812810603,16.060739922694644,3831170500.0,4535491500.0,12.57605862657563,6.341874038870597,39.97339920494976,93.54585520693443,3.035624410690374,3.035624410690374,7.507761869999851,29.82227913521475,47.322094466992894,110.74329141740937,0.0198790421882816,0.010689944496075,0.5761566315656026,0.287105124341808,4.631131479971595,1.6911244248599508,0.0,1.2584427521008403,0.0032867239920541,0.1653361344537815,0.0583572115535823,0.0002896837811844,0.2301736963299188,0.5726865811796376,0.0908580764665862,1.5216234198270129,0.0,32.48164305278867,0.0358493755643626,0.0390616986094527,-19.778972943125343,248594000.0,679110000.0,-662337000.0,2110920000.0,306301500.0,94588000.0,244125500.0,45.69432236342237,17.690432235460236,48.253934495959165,1.9696101253936893,5.087495817066369,1.8651328837762795,0.0603453057278914,1.212324682495859,2006-10-31,1.62,bmo,620862420.0,2025-04-25,2006-09-30,-0.0308641975308642,81.43190476190476,988960.3174603176
2006-06-30,MLM,USD,916076,2006-08-01,2006-08-01 15:00:23,2006,Q2,588641000.0,435376000.0,153265000.0,0.2603709222,140000,33505000.0,0.0,33505000.0,0.0,33645000.0,469021000.0,0.0,0.0,33941000.0,153385000.0,0.2605747816,119620000.0,0.2032138434,-9226000.0,110218000.0,0.1872414596,34234000.0,75789000.0,0.1287524994,1.66,1.63,45663000,46623000,https://www.sec.gov/Archives/edgar/data/916076/000095014406007177/0000950144-06-007177-index.htm,https://www.sec.gov/Archives/edgar/data/916076/000095014406007177/g02533e10vq.htm,12.890983947616231,1.659746402995861,1.782143091781092,-0.042923154413858,0.4464446050412807,26.70181547423516,13.842782997174956,26.70181547423516,16.088999846703018,4162182450.000001,4876468450.0,13.72950708546095,7.070833411196299,51.14628585121287,-2123.5624744897964,3.4136255674432148,3.4136255674432148,8.284282695225103,31.79234247155849,59.92367040232004,-2487.994107142857,0.0182089566977055,-0.0004709067955442,0.6025432938156379,0.2936320151429887,4.65681781138964,2.42547969478322,0.0,1.0737300435413644,0.0025544291072583,0.1402842101096465,0.056919242798242,0.0002378359645352,0.2346835511843249,1.0240851335741847,0.1415769543745678,2.4553784508411653,0.0,31.577847444109818,0.0361572314626697,0.0395799322552242,-19.95206731927381,357191000.0,632103000.0,-674964000.0,2200373000.0,283217500.0,96436500.0,242579500.0,46.76876058582396,20.573802873837785,50.38003932233288,1.9243614513761529,4.374495106806262,1.786421789474548,0.062158560139754,1.82506624619495,2006-08-01,1.65,bmo,593898773.0,2025-04-25,2006-06-30,-0.0121212121212121,96.69777777777776,774541.2698412698
2006-03-31,MLM,USD,916076,2006-05-02,2006-05-02 13:47:11,2006,Q1,483964000.0,400001000.0,83963000.0,0.173490177,164000,36161000.0,0.0,36161000.0,0.0,32678000.0,432679000.0,0.0,0.0,32681000.0,84312000.0,0.174211305,51285000.0,0.1059686258,-7882000.0,43403000.0,0.0896822904,13741000.0,31006000.0,0.0640667488,0.68,0.66,45750000,46785000,https://www.sec.gov/Archives/edgar/data/916076/000095014406004266/0000950144-06-004266-index.htm,https://www.sec.gov/Archives/edgar/data/916076/000095014406004266/g01141e10vq.htm,10.578448087431694,0.6777267759562842,0.7104043715846995,-0.9149726775956284,0.6809398907103825,25.94542076502732,13.093857923497268,25.94542076502732,15.689377049180328,4896622500.0,5583258500.0,39.48124959685222,10.11774119562612,150.6606719793237,-116.97617056856188,4.125198082902908,4.125198082902908,11.536516145829028,66.22139790302685,171.78728346820097,-133.37932393693262,0.0063321197417199,-0.0085487496738823,0.6047069805215319,0.2947848403196932,8.143988993263118,2.713636827600286,0.0,1.048216474230794,0.0021686376681069,0.3424821002386635,0.0747183674818788,0.0003388681802778,0.2414656673890607,2.28796037045014,0.1536498582539197,2.2753587711514336,0.0045871180501029,19.890648386440343,0.0157073512327129,0.0167872225230102,-19.68679781420765,369347000.0,599044000.0,-663075000.0,2162811000.0,245319500.0,93396000.0,232086500.0,48.45224024927474,21.003022492443765,54.324989187527024,1.8574992515717,4.2850975392888895,1.6566961419785045,0.0261212482192547,1.625377049180328,2006-05-02,0.56,bmo,428800000.0,2025-04-25,2006-03-31,0.1249999999999999,92.3483870967742,458459.6774193549
2005-12-31,MLM,USD,916076,2006-02-27,2006-02-27 14:43:40,2005,Q4,499135000.0,387140000.0,111995000.0,0.2243781742,132000,33549000.0,0.0,33549000.0,0.0,28215000.0,415355000.0,0.0,0.0,34851000.0,118631000.0,0.2376731746,83780000.0,0.1678503812,-9518000.0,74262000.0,0.1487813918,24514000.0,47757000.0,0.0956795256,1.04,1.04,45750336,45750336,https://www.sec.gov/Archives/edgar/data/916076/000095014406001538/0000950144-06-001538-index.htm,https://www.sec.gov/Archives/edgar/data/916076/000095014406001538/g99743e10vk.htm,10.90997451909424,1.0438611860686662,2.399020632329345,0.9719054303776042,2.223918093191709,25.65412852924184,12.80161089964454,25.65412852924184,15.678835670190487,3509965777.92,4150532777.92,18.374090593630253,7.032097083794965,31.979716625241444,78.93772130709547,2.9905517902333245,2.9905517902333245,8.315451286565759,34.986915544166365,37.81599892415905,93.3438159883054,0.0136061155639815,0.0126682146816684,0.611162279487256,0.2947878532833384,5.399659448204938,3.0083698943644377,0.0,2.297785035380815,0.0030222516888145,0.2221245053081223,0.0672142807056207,0.0002644575114948,0.2416484336600753,0.5948740843325194,0.1308082983561561,1.873432613124444,0.0,24.546595553499447,0.0250403411941569,0.0258802184349613,-19.10264112595807,401919000.0,585678000.0,-657590000.0,2156277000.0,273433500.0,94099500.0,216089500.0,41.48851513117694,21.72353670506793,51.77847806994885,2.1692750322695606,4.142971801594521,1.7381739161668044,0.0406897932579866,1.4271152019517408,2006-02-09,0.9,bmo,430961538.0,2025-04-25,2005-12-31,0.1555555555555555,75.60253968253969,671001.5873015873
2005-09-30,MLM,USD,916076,2005-11-01,2005-11-01 16:39:26,2005,Q3,566734000.0,431945000.0,134789000.0,0.2378346808,189000,33526000.0,0.0,33526000.0,0.0,27075000.0,459020000.0,0.0,0.0,35670000.0,143488000.0,0.2531840334,107714000.0,0.1900609457,-10961000.0,96753000.0,0.1707203026,20997000.0,76360000.0,0.1347369313,1.65,1.62,46349000,47173000,https://www.sec.gov/Archives/edgar/data/916076/000095014405010957/0000950144-05-010957-index.htm,https://www.sec.gov/Archives/edgar/data/916076/000095014405010957/g97909e10vq.htm,12.227534574640227,1.6475004854473667,2.144123929318863,0.961228936978144,2.9468381194847786,25.923946579214224,13.219788992211267,25.923946579214224,15.628902457442448,3636542539.999999,4249343539.999999,11.905914549502356,6.416665560915702,36.59303407192739,81.6246754354462,3.0265453510426954,3.0265453510426954,7.497950608221846,29.614626588983047,42.759398860914885,95.37941147423234,0.0209979669315239,0.0122511972594716,0.6028751220299796,0.2926705892287248,4.2707473795718105,2.830947908787258,0.0,1.3015939542376656,0.0029280559440396,0.1394447354635935,0.05915650022762,0.0003334897853313,0.2379011128111663,0.5516915212622512,0.096740269685602,1.5370339220633586,0.0,30.99949318802258,0.0374110369028874,0.0404822670069523,-17.144814343351527,430855000.0,612724000.0,-607361000.0,2161445000.0,314189500.0,99160000.0,213227000.0,50.30518726598369,19.742930234173333,43.64118116889882,1.789079911861453,4.558593832450345,2.062272321449885,0.0635512991979519,1.1828949923407193,2005-11-01,1.44,bmo,552391836.0,2025-04-25,2005-09-30,0.0208333333333333,70.6521875,442992.1875
2005-06-30,MLM,USD,916076,2005-08-03,2005-08-03 09:14:03,2005,Q2,546371000.0,418473000.0,127898000.0,0.2340863626,193000,31868000.0,0.0,31868000.0,0.0,29693000.0,448166000.0,0.0,0.0,34440000.0,134296000.0,0.2457963545,98205000.0,0.179740506,-11626000.0,86426000.0,0.1581818947,24819000.0,61472000.0,0.1125096317,1.32,1.3,46569000,47174000,https://www.sec.gov/Archives/edgar/data/916076/000095014405008089/0000950144-05-008089-index.htm,https://www.sec.gov/Archives/edgar/data/916076/000095014405008089/g96532e10vq.htm,11.732504455753828,1.3200197556314286,1.6885696493375422,0.5269385213339346,1.9628937705340463,24.44716442268462,11.785028667139084,24.44716442268462,15.409521355408105,3218849280.0,3855045280.0,13.090713170223845,5.891325271656073,40.93405328416099,131.17279758751374,2.8273217623498,2.8273217623498,7.055728213979146,28.70558527431941,49.0245473389712,157.09871143893395,0.0190975080386491,0.0076235318480025,0.6303193731993535,0.2982237631983483,4.737266932745577,2.720630534830207,0.0,1.279200286309214,0.0028855032317636,0.1510931806350859,0.0583266681430749,0.000353239831543,0.2450530219630656,0.6879379411203662,0.0990096472909433,1.5707317073170732,0.0,26.94608784517808,0.0320686172403011,0.0338389654542211,-17.912597436062615,394809000.0,548817000.0,-643522000.0,2107979000.0,280835000.0,96581000.0,220961000.0,51.32858442340461,22.27369507710175,46.6703228165258,1.7534089632708076,4.040640750825561,1.9284203444192016,0.0539948000843229,1.1616311280036076,2005-08-01,1.29,bmo,538326923.0,2025-04-25,2005-06-30,0.0077519379844961,60.20015625,277987.5
2005-03-31,MLM,USD,916076,2005-05-04,2005-05-04 10:10:07,2005,Q1,392003000.0,342860000.0,49143000.0,0.1253638365,148000,31918000.0,0.0,31918000.0,0.0,30292000.0,373152000.0,0.0,0.0,33290000.0,52741000.0,0.1345423377,18851000.0,0.0480889177,-8555000.0,10449000.0,0.0266554082,2149000.0,7077000.0,0.0180534333,0.15,0.15,47061842,47737996,https://www.sec.gov/Archives/edgar/data/916076/000095014405004813/0000950144-05-004813-index.htm,https://www.sec.gov/Archives/edgar/data/916076/000095014405004813/g94937e10vq.htm,8.329529473155768,0.1503766044686478,0.6377778413348122,-0.3649028442193147,2.1906707349023864,23.76810920405537,11.22620742299037,23.76810920405537,15.27923620159194,2631698204.64,3247670204.64,92.96658911403138,6.713464449608804,87.67943377111445,-153.24627057823326,2.352732374288266,2.352732374288266,8.28480956686556,61.57771382112587,108.20157270164916,-189.11490156874163,0.0026891381342748,-0.0065254442814612,0.6428460955987595,0.3054502558909286,11.67918697028877,2.9465582399444448,0.0,4.241203899957609,0.0035752579773056,1.3295181574113324,0.0814228462537276,0.0003775481310092,0.2507276579693203,1.5721472597034816,0.1203766297706905,1.4174827275458095,0.0,8.96765131050388,0.0069191765336295,0.0040121708752791,-17.688465105126994,386822000.0,528326000.0,-650014000.0,2083724000.0,234827000.0,89772500.0,217114000.0,57.41244327211781,23.518754010383248,59.040745493787554,1.567604422850059,3.826733336309657,1.5243709957807032,0.0063268223474415,1.0026806855541268,2005-05-02,0.1,bmo,291062225.0,2025-04-25,2005-03-31,0.7000000000000001,54.78377049180328,256652.45901639343
2004-12-31,MLM,USD,916076,2005-02-25,2005-02-25 13:20:55,2004,Q4,435679000.0,340321000.0,95358000.0,0.2188721513,355000,32069000.0,0.0,32069000.0,0.0,24015000.0,364336000.0,0.0,0.0,32963000.0,104306000.0,0.239410208,71343000.0,0.163751294,-10400000.0,60943000.0,0.1398805084,23259000.0,36990000.0,0.0849019576,0.79,0.79,47061842,47061842,https://www.sec.gov/Archives/edgar/data/916076/000095014405001851/0000950144-05-001851-index.htm,https://www.sec.gov/Archives/edgar/data/916076/000095014405001851/g93420e10vk.htm,9.257584945357642,0.7859870848234117,2.499434680011037,1.3372404760527647,3.434204721523649,24.50875169739425,12.054139317368836,24.50875169739425,15.184934750322778,2525338441.72,3078349441.72,17.067710473911866,5.796328126258093,21.468854709082876,40.12741235472645,2.1894219935201797,2.1894219935201797,7.065636493197974,29.512678481774778,26.170209828612236,48.91470995693833,0.0146475416478459,0.0249206201277071,0.6195719364987988,0.303342909486674,5.301813893735739,3.0628713575679667,0.0,3.179994593133279,0.003776127525111,0.2577994052446607,0.0736069445623957,0.0008148200854298,0.2488004339831195,0.4649828272180093,0.1255396748523569,1.6592846524891545,0.0,20.81898536754744,0.0204898457199834,0.0209016706079792,-16.392446984969265,420440000.0,567290000.0,-578172000.0,2071792000.0,252806500.0,89944500.0,208999500.0,45.36140139873623,23.78757114606504,55.3530637251301,1.9840656863504087,3.7834884212164672,1.6259262621291966,0.0320696498347966,1.1621942039582729,2005-02-09,0.7,bmo,394932432.0,2025-04-25,2004-12-31,0.0571428571428572,48.8321875,237828.125
2004-09-30,MLM,USD,916076,2004-11-09,2004-11-09 11:22:13,2004,Q3,506181000.0,395977000.0,110204000.0,0.2177165875,201000,30957000.0,0.0,30957000.0,0.0,28104000.0,424081000.0,0.0,10816000.0,33094000.0,115670000.0,0.2285150964,82100000.0,0.1621949461,-11373000.0,70777000.0,0.1398254774,17744000.0,54003000.0,0.1066871337,1.12,1.11,48216947,48572510,https://www.sec.gov/Archives/edgar/data/916076/000095014404010704/0000950144-04-010704-index.htm,https://www.sec.gov/Archives/edgar/data/916076/000095014404010704/g91615e10vq.htm,10.497989430977452,1.120000401518578,2.018315261644417,1.2216451613993726,2.809738244107409,24.214017532051543,11.837062184795732,24.214017532051543,15.19142221924586,2182781190.69,2768972190.69,10.104907091689352,4.312254293800044,22.429598021825583,37.05658683094527,1.8695782283991964,1.8695782283991964,5.470320282053258,23.938550969914413,28.453119092142177,47.008219996774415,0.0247404550810377,0.0269857557190053,0.6181172838977462,0.3021785708752597,5.06778767182502,3.080331054727315,7.59060650887574,1.8020665518582304,0.0044145515093768,0.1784345314149213,0.06115796523378,0.0003970911590913,0.2498847466540938,0.394720346907529,0.0758878741003712,1.1607239983078503,0.0,24.70209425456071,0.028294466250898,0.0301450566528118,-15.893810116181765,459231000.0,570747000.0,-540711000.0,2100900000.0,272956500.0,83711000.0,218707000.0,50.855642546836016,20.44209638438596,47.43230036087955,1.7697151288003805,4.40267956415388,1.897441180698644,0.0462542161801964,0.7966701002450446,2004-11-01,1.01,bmo,459318348.0,2025-04-25,2004-09-30,0.0792079207920792,43.96,195042.1875
2004-06-30,MLM,USD,916076,2004-08-09,2004-08-09 08:20:40,2004,Q2,470603000.0,366972000.0,103631000.0,0.2202089659,181000,30190000.0,0.0,30190000.0,0.0,30371000.0,397343000.0,0.0,10743000.0,33188000.0,107618000.0,0.2286810751,73260000.0,0.1556726158,-9295000.0,63007000.0,0.1338856743,18565000.0,44715000.0,0.0950163939,0.93,0.92,48210140,48570644,https://www.sec.gov/Archives/edgar/data/916076/000095014404007913/0000950144-04-007913-index.htm,https://www.sec.gov/Archives/edgar/data/916076/000095014404007913/g90304e10vq.htm,9.761494158697737,0.9275019736511864,1.4204688059399952,0.5791727632402643,1.7797500691763186,23.399392741858872,10.97648751901571,23.399392741858872,15.037023331606171,2137155506.2,2765547506.2,11.94876163591636,4.5413129669806604,31.208006690906963,76.54020149702743,1.8944936088319348,1.8944936088319348,5.876604072222234,25.697815478823244,40.38415774010309,99.0454661628823,0.0209226702831307,0.0130650296241882,0.6331013183368673,0.308779226618705,5.8390975487372,3.0993448355557343,6.819324211114214,1.53149949681315,0.0040553904359587,0.1938275746393827,0.0641517372392441,0.0003846129327692,0.2589366007194245,0.5922664680714359,0.0861851709402617,1.2220983488007713,0.0,22.0978984607598,0.0244334934962025,0.0260873370088387,-16.382264187575476,417841000.0,529178000.0,-567997000.0,2057808000.0,242974000.0,74446500.0,229193500.0,49.70221184310343,19.00248520323077,56.094633923024105,1.8107846041964069,4.736222606540874,1.604431541945751,0.039637865131089,0.8412960426997308,2004-08-03,0.92,bmo,467380219.0,2025-04-25,2004-06-30,-0.0108695652173913,43.85516129032258,199703.2258064516
2004-03-31,MLM,USD,916076,2004-05-06,2004-05-06 14:46:47,2004,Q1,351097000.0,318535000.0,32562000.0,0.0927436008,154000,31721000.0,0.0,31721000.0,0.0,33101000.0,351636000.0,0.0,10288000.0,33614000.0,37936000.0,0.1080499121,-539000.0,-0.0015351883,-5019000.0,-10204000.0,-0.0290631934,-3556000.0,-6545000.0,-0.018641572,-0.14,-0.14,48332774,48332774,https://www.sec.gov/Archives/edgar/data/916076/000095014404004953/0000950144-04-004953-index.htm,https://www.sec.gov/Archives/edgar/data/916076/000095014404004953/g88913e10vq.htm,7.264159925933488,-0.1354153601860303,-0.3431419020145626,-0.9592455835454426,1.0920126372221053,22.56739909031499,10.071778623755383,22.56739909031499,15.3498741868199,2231040847.84,2909874847.84,-85.21928372192512,6.354485648809303,-134.52160674344285,-48.121149361344166,2.045428443715076,2.045428443715076,8.2879513292338,76.70484099114297,-175.4522066831474,-62.762867973168255,-0.0029336083229209,-0.0207808835256811,0.6707470582033381,0.3229060280229048,17.894190215099115,2.542398136107499,-0.0523911353032659,2.5339954163483576,0.0038851821150616,-1.3243697478991596,0.0903482513379493,0.0004386252232289,0.2665592099281552,-1.7954778414229726,0.0848141681643534,0.8858808829654311,0.0,,-0.0001706929168231,-0.0039385715231349,-17.334350600277983,341598000.0,486797000.0,-611903000.0,1984232000.0,228786500.0,73993500.0,221753000.0,57.94783208059311,20.1767152746166,64.88979233051313,1.5531210878575947,4.460587304476901,1.3869669907647293,-0.0060004859064217,0.61610368153088,2004-05-04,-0.15,bmo,364392857.0,2025-04-25,2004-03-31,-0.0666666666666665,46.92064516129032,210667.74193548388
2003-12-31,MLM,USD,916076,2004-03-15,2004-03-15 12:35:05,2003,Q4,416153000.0,342384000.0,73769000.0,0.1772641312,197000,25403000.0,0.0,25403000.0,0.0,23664000.0,366048000.0,0.0,0.0,35792000.0,85897000.0,0.2064072589,50141000.0,0.1204869363,-12299000.0,37842000.0,0.0909329021,8739000.0,29345000.0,0.0705149308,0.61,0.61,48332774,48332774,https://www.sec.gov/Archives/edgar/data/916076/000095014404002492/0000950144-04-002492-index.htm,https://www.sec.gov/Archives/edgar/data/916076/000095014404002492/g87608ke10vk.htm,8.610161709319643,0.6071449571671594,2.1882046331543066,1.3977678996864529,2.5889885815368263,23.376415349137627,10.906036553995431,23.376415349137627,14.858261601123909,2270190394.78,2863198394.78,19.34052133906969,5.455182095959898,21.46508570923394,33.60357610912105,2.009290102801529,2.009290102801529,6.88015800626212,33.332926583931915,27.072090115353337,42.38133744012552,0.0129262285962776,0.0297587374853407,0.6356090691925544,0.3082027198056043,6.903710257634144,2.822981958903363,0.0,3.604089282671665,0.003875445874597,0.2998125745442154,0.0610424531362263,0.0004733835872864,0.2586712204190992,0.3612261492785689,0.0918027744603547,1.067389360751006,0.0,17.870076543125453,0.0182670767287404,0.0169883029932874,-16.439279897321846,401355000.0,527119000.0,-578727000.0,2046515000.0,272178500.0,79639000.0,213262000.0,50.06874875346328,20.128977989625685,56.211359175662416,1.7975284432042986,4.471165900543252,1.6010998723362466,0.0259725431850507,0.7904367334678535,2004-02-04,0.56,bmo,388453333.0,2025-04-25,2003-12-31,0.0714285714285712,42.4321875,153216.828125
2003-09-30,MLM,USD,916076,2003-11-13,2003-11-13 15:55:53,2003,Q3,511859000.0,407721000.0,104138000.0,0.2034505596,245000,29595000.0,0.0,29595000.0,0.0,29416000.0,437137000.0,0.0,10905000.0,35764000.0,109905000.0,0.2147173343,74722000.0,0.1459816082,-9517000.0,65271000.0,0.127517539,19731000.0,45520000.0,0.0889307407,0.93,0.93,48922858,49189728,https://www.sec.gov/Archives/edgar/data/916076/000095014403012792/0000950144-03-012792-index.htm,https://www.sec.gov/Archives/edgar/data/916076/000095014403012792/g85725e10vq.htm,10.462573547931315,0.9304444151647886,2.2564299084898107,1.72939610355552,1.0950709380061157,22.953564977745167,10.537650927915944,22.953564977745167,14.960552795178074,1783238174.1,2450672174.1000004,9.793707019442005,3.483846477447891,16.15383658178656,21.076721478128288,1.5879886211723724,1.5879886211723724,4.787787601859106,22.298095392384337,22.199927295703457,28.96535953408111,0.0255265957521204,0.0474457092882172,0.6420636998487916,0.3092885926538554,6.072826532004913,2.9585046403880435,6.852086198991288,2.856466387206956,0.0049320388760961,0.1932117750439367,0.0578186570911129,0.0004786474400176,0.2605639542515342,0.2335697656511853,0.0503732473200627,0.7209484397718376,0.0,21.92105991250113,0.0245285333286966,0.0264073884995591,-16.631923874929793,405385000.0,515532000.0,-595856000.0,2059141000.0,304684000.0,78797500.0,225241500.0,55.00708202844924,18.25557182485082,46.94702995430699,1.6361529585127363,4.930001692824841,1.9170541797339675,0.0405359435916342,0.5270338049342906,2003-10-30,0.9,bmo,487354838.0,2025-04-25,2003-09-30,0.0333333333333333,36.89515625,221915.625
2003-06-30,MLM,USD,916076,2003-08-14,2003-08-14 13:26:43,2003,Q2,471887000.0,370753000.0,101134000.0,0.2143182584,112000,28915000.0,0.0,28915000.0,0.0,30976000.0,401729000.0,0.0,10883000.0,34607000.0,70158000.0,0.1486754244,70158000.0,0.1486754244,-11649000.0,58509000.0,0.1239894297,18709000.0,39650000.0,0.0840243533,0.81,0.81,48905591,49111046,https://www.sec.gov/Archives/edgar/data/916076/000095014403010011/0000950144-03-010011-index.htm,https://www.sec.gov/Archives/edgar/data/916076/000095014403010011/g84297e10vq.htm,9.648937684854888,0.8107457488858483,0.8466721115792262,0.2610335493134108,0.1412312960291186,22.20652031380216,9.771398120922411,22.20652031380216,15.68374871494754,1643716913.51,2392949913.51,10.363914965384614,3.483285009991799,39.69659510493395,128.75739570029768,1.5135194314577132,1.5135194314577132,5.071023176120555,34.108012108526474,57.79095113169272,187.447118401222,0.0241221585506054,0.0077665441628506,0.6962467645712844,0.3277628303408839,10.679224037173238,2.828255368375389,6.446568041900211,0.8900137563408134,0.0053500696669362,0.2217906683480454,0.0612752629337108,0.0002373449575851,0.2636125346937307,0.691694641002729,0.0606946154481899,0.8276071315051868,0.0,20.126759393756178,0.0226293422614875,0.0233396474977425,-17.845572094200843,379299000.0,477876000.0,-634186000.0,2045983000.0,259405500.0,69397000.0,242835000.0,56.554323386743015,18.18021701779891,57.72624901214555,1.5913902706348535,4.950435955296222,1.5590827663350182,0.0365093556950451,0.5856385622658153,2003-07-30,0.73,bmo,411864197.0,2025-04-25,2003-06-30,0.1095890410958905,32.011587301587305,243463.49206349207
2003-03-31,MLM,USD,916076,2003-05-15,2003-05-15 13:30:21,2003,Q1,324157000.0,302464000.0,21693000.0,0.0669212758,58000,30721000.0,0.0,30721000.0,0.0,31189000.0,333653000.0,0.0,10121000.0,33443000.0,24664000.0,0.0760865877,-9496000.0,-0.0292944468,-10274000.0,-19053000.0,-0.0587770741,-5961000.0,-20892000.0,-0.064450251,-0.43,-0.43,48890996,48890996,https://www.sec.gov/Archives/edgar/data/916076/000095014403006917/0000950144-03-006917-index.htm,https://www.sec.gov/Archives/edgar/data/916076/000095014403006917/g82751e10vq.htm,6.630198329361096,-0.427317946232881,0.401075895447088,-0.1718107767737028,0.0864371836482938,21.39800956396961,8.902866286463054,21.39800956396961,15.913339135083278,1349880399.56,2113552399.56,-16.153077727838408,4.164279653254441,68.8398388270692,-160.70004756666663,1.2903069286636013,1.2903069286636013,6.520150419580635,85.69382093577684,107.78481307358864,-251.6133809,-0.0154769267016617,-0.0062227735158892,0.7340088130992095,0.3384487907002369,30.963023029516705,2.617561013920795,-0.9382472087738366,-0.9385889335630864,0.0054278882798715,-0.3507084051311507,0.094771977776201,0.0001789256440551,0.269252382788827,1.4283747258911723,0.0864056614541719,0.8375145770415333,0.0,,-0.0031459465551913,-0.0126009137652859,-18.97753320468252,329536000.0,435270000.0,-689445000.0,2007728000.0,227585000.0,68543500.0,243797000.0,61.71620541897907,19.014130607278883,73.75462865002116,1.458287971352222,4.7333218572479305,1.2202623977278229,-0.0199699857575728,0.5728866722207909,2003-04-29,-0.28,bmo,302496551.0,2025-04-25,2003-03-31,0.0357142857142855,28.50590163934426,180029.50819672132
2002-12-31,MLM,USD,916076,2003-03-27,2003-03-27 16:08:17,2002,Q4,400823000.0,343150000.0,57673000.0,0.1438864536,137000,28428000.0,0.0,28428000.0,0.0,28565000.0,371715000.0,0.0,0.0,35721000.0,64829000.0,0.1617397205,29108000.0,0.0726205832,-10589000.0,18519000.0,0.0462024385,2442000.0,4577000.0,0.0114190054,0.0936,0.0936,48890996,48890996,https://www.sec.gov/Archives/edgar/data/916076/000095014403003919/0000950144-03-003919-index.htm,https://www.sec.gov/Archives/edgar/data/916076/000095014403003919/g81353e10vk.htm,8.19829892604356,0.0936164196777664,1.4569553870410004,0.5691231980628908,0.2863512946228381,22.15152254210571,9.686630233509662,22.15152254210571,15.235116093769086,1498997937.36,2229857937.36,81.87666251693248,3.739800204479283,21.04388389150943,53.87234276226415,1.3841035053785282,1.3841035053785282,5.563198562357948,34.39599465301022,31.30416017183288,80.13865003989217,0.0030533731140824,0.0185624004586722,0.6877683493227209,0.3297985858058117,11.273658393620138,2.659642010443468,0.0,15.597109700021896,0.0048852635600667,1.5999563032554074,0.0709240737183245,0.0003417967531803,0.2698308191611357,0.609375,0.1082946836883113,1.215167548500882,0.0,6.830760586718994,0.0121952529386545,0.0027754381305298,-17.733203880730922,328322000.0,473589000.0,-649371000.0,2005319000.0,256964000.0,77419500.0,240710500.0,52.2913106283821,19.19492933119627,62.87436980912137,1.7211272564882087,4.688738283278223,1.4314258778772433,0.00422618443043,0.8878321889781096,2003-01-30,0.34,bmo,412611911.0,2025-04-25,2002-12-31,-0.0294117647058823,29.98921875,261473.4375
2002-09-30,MLM,USD,916076,2002-11-14,2002-11-14 15:19:53,2002,Q3,484412000.0,386282000.0,98130000.0,0.2025754936,12000,29457000.0,0.0,29457000.0,0.0,29469000.0,415751000.0,0.0,0.0,34646000.0,103189000.0,0.2130190829,68661000.0,0.1417409148,-11855000.0,57251000.0,0.118186585,18326000.0,38925000.0,0.0803551522,0.8,0.8,48800000,49000000,https://www.sec.gov/Archives/edgar/data/916076/000095014402011884/0000950144-02-011884-index.htm,https://www.sec.gov/Archives/edgar/data/916076/000095014402011884/g79267e10vq.htm,9.926475409836064,0.7976434426229508,1.7351024590163937,0.8863319672131148,0.1245286885245901,22.37237704918033,9.522889344262294,22.37237704918033,16.04875,1589416000.0,2366518000.0,10.208195247270393,3.281124332180045,18.771225774449945,36.74695396851085,1.455813118489941,1.455813118489941,4.88534140359859,22.93382046535968,27.94890933355379,54.71338404272536,0.0244901271913709,0.0272131399205746,0.7173466621235935,0.3372872625855191,7.530860847570962,2.582496413199426,0.0,2.1752858060372517,0.0046073526376983,0.188131021194605,0.0608098065283271,2.4772301264213103e-05,0.270050224074653,0.4891760065191974,0.0855057265303089,1.195520406396121,0.0,20.0378777969688,0.0221459404220638,0.0229654282543501,-18.28923155737705,354063000.0,464717000.0,-652422000.0,2043656000.0,281411000.0,80970500.0,247205000.0,52.21579977374631,19.024365618900184,56.3126161716052,1.7236162309104623,4.730775354242955,1.5982208982395167,0.035653048438685,0.8487704918032787,2002-10-31,0.81,bmo,478912500.0,2025-04-25,2002-09-30,-0.0123456790123456,36.31046875,228084.375
2002-06-30,MLM,USD,916076,2002-08-14,2002-08-14 12:24:34,2002,Q2,475374000.0,364180000.0,111194000.0,0.2339084594,136000,29157000.0,0.0,29157000.0,0.0,29293000.0,393473000.0,0.0,0.0,34390000.0,115301000.0,0.2425479728,81901000.0,0.1722875042,2462000.0,84363000.0,0.1774665842,31001000.0,53362000.0,0.1122526684,1.1,1.09,48700333,48851807,https://www.sec.gov/Archives/edgar/data/916076/000095014402008648/0000950144-02-008648-index.htm,https://www.sec.gov/Archives/edgar/data/916076/000095014402008648/g77675e10vq.htm,9.761206355611572,1.095721460467221,0.5799755003728619,-0.2361790832107862,0.0976584698096417,21.769050326616863,9.150368643269852,21.769050326616863,16.631693257621052,1855482687.3,2660695687.3,8.692902661538174,3.903206080475583,65.69243006903876,-161.31826528429838,1.750191185575762,1.750191185575762,5.597057658391078,23.07608509293068,94.2005908054523,-231.3246120066076,0.0287590934505832,-0.0061989260685245,0.7640063763960157,0.3519246452702776,6.983573429545277,2.725020899038644,0.0,0.5293092462801244,0.0036831386499997,0.1280686630935872,0.0613348647591159,0.0002860905308241,0.2670097990867858,1.407222517259692,0.0836120612402024,1.1557720267519629,0.0,23.16653516129384,0.0246733413031091,0.0316311669127632,-18.458477481047204,363179000.0,445626000.0,-667666000.0,2031427000.0,241185000.0,77409000.0,253115000.0,53.34751164346389,19.84161678290955,62.45359437640727,1.6870515086344569,4.535920685532084,1.4410699800170153,0.0503339118623604,0.8161545835836482,2002-07-25,0.84,bmo,347867889.0,2025-04-25,2002-06-30,0.2976190476190478,40.15,222348.4375
2002-03-31,MLM,USD,916076,2002-05-15,2002-05-15 12:50:18,2002,Q1,331828000.0,307931000.0,23897000.0,0.0720162253,83000,28794000.0,0.0,28794000.0,0.0,28877000.0,336808000.0,0.0,0.0,33939000.0,33673000.0,0.1014772714,-4980000.0,-0.0150077751,-6173000.0,-15863000.0,-0.0478048869,-5314000.0,-10549000.0,-0.0317905662,-0.22,-0.22,48554631,48717691,https://www.sec.gov/Archives/edgar/data/916076/000095014402005557/0000950144-02-005557-index.htm,https://www.sec.gov/Archives/edgar/data/916076/000095014402005557/g76203e10-q.htm,6.834116399731264,-0.2172604298032869,0.3997558955807943,-0.1790972317347031,0.2293705002103712,20.670983989148223,8.092678121681123,20.670983989148223,17.036624168763634,2028612483.18,2844682483.1800003,-48.07594281875059,6.113445770640212,104.5137806893354,-233.28110432152715,2.021190671035956,2.021190671035956,8.572762042925854,84.47962709529891,146.55757254920147,-327.12540054967803,-0.0052001060268857,-0.0042866738088727,0.82418060880447,0.3698927221808104,24.23514388382383,2.716214150550557,0.0,-1.8399848326855623,0.0033510589412047,-0.6444212721584984,0.0867738708005352,0.0002501295852067,0.2730954062055776,1.4480164863472438,0.0847005074918331,0.8281328265417367,0.0,,-0.0016133192206045,-0.0064892643244865,-19.448865752887716,325595000.0,392937000.0,-717359000.0,2011273000.0,207888000.0,77051000.0,242259000.0,54.40553539785672,21.78312673943189,74.09565779346671,1.6542434394193188,4.131638266469878,1.214646076169063,-0.0105104057899393,0.5788531273154974,2002-04-25,-0.2,bmo,294090909.0,2025-04-25,2002-03-31,0.0999999999999999,42.585166666666666,227018.3333333333
2001-12-31,MLM,USD,916076,2002-03-27,2002-03-27 00:00:00,2001,Q4,440113000.0,362870000.0,77243000.0,0.1755071993,66000,26406000.0,0.0,26406000.0,0.0,26472000.0,389342000.0,0.0,0.0,272000.0,50771000.0,0.1153590101,50771000.0,0.1153590101,-11140000.0,39631000.0,0.0900473288,14536000.0,25095000.0,0.0570194473,0.52,0.52,48554631,48554631,https://www.sec.gov/Archives/edgar/data/916076/000095014402002841/0000950144-02-002841-index.htm,https://www.sec.gov/Archives/edgar/data/916076/000095014402002841/g74909e10-k405.htm,9.064284722913454,0.5168405048737782,1.9335539796399648,1.0122618375989718,0.0284009984547097,21.052821923412413,8.552098768910426,21.052821923412413,16.51490256408292,2262645804.6,3063141804.6,22.54080299462044,5.1410565118503655,24.100697725892868,46.03551993082401,2.2134799871259583,2.2134799871259583,6.959898491069339,60.33250880620827,32.62722542526336,62.322315454730415,0.0110909979586647,0.0217223570300208,0.7844507792904016,0.3604613005601057,15.766796005593744,2.584043699911996,0.0,-1.7483518939252858,0.0030031213839062,0.2707710699342499,0.0599982277278789,0.0001499614871635,0.2728461102769961,0.4764760393255435,0.1016398061406956,0.0,0.0,15.646769635233651,0.0157822828277101,0.0155136089494885,-19.032159877808567,304195000.0,415244000.0,-706136000.0,1993352000.0,246326500.0,39786000.0,231508000.0,44.00360816426691,19.735662909581944,57.29398958304627,2.0452868242992044,4.560272457648419,1.570845400276187,0.0245497020187593,0.921292142040993,2002-01-30,0.64,bmo,522634187.0,2025-04-25,2001-12-31,-0.1875,42.70796875,161659.375
2001-09-30,MLM,USD,916076,2001-11-14,2001-11-14 00:00:00,2001,Q3,499697000.0,393815000.0,105882000.0,0.2118924068,-179000,26254000.0,0.0,26254000.0,0.0,26076000.0,419891000.0,0.0,0.0,964000.0,79806000.0,0.1597087835,79806000.0,0.1597087835,-13083000.0,66723000.0,0.1335269173,20806000.0,45917000.0,0.0918896851,0.95,0.95,48337678,48570981,https://www.sec.gov/Archives/edgar/data/916076/000095014401509041/0000950144-01-509041-index.htm,https://www.sec.gov/Archives/edgar/data/916076/000095014401509041/g72624e10-q.htm,10.33762937474986,0.94992150843489,2.3748761783716628,1.3917921336643435,0.0,20.668638654922564,8.682254037937032,20.668638654922564,17.26682030526994,1847466053.16,2682104053.16,10.05872581592874,3.697172592911304,16.093470618836893,27.46099728224032,1.8491783923513168,1.8491783923513168,5.36746078755726,33.60779957847781,23.36408980417436,39.86717481954932,0.0248540426068783,0.0364152834553726,0.8354115911333895,0.3695688559650373,10.45833646592988,2.5247312432108475,0.0,0.9205035682784058,0.0036693502369934,0.147635951826121,0.0525398391425203,-0.0003582170795502,0.2565495193521105,0.4139517056343426,0.0950976291632729,0.0,0.0,21.0179839468143,0.026858108684679,0.027347565478828,-19.3478004880582,325646000.0,419680000.0,-720114000.0,1971439000.0,276014000.0,0.0,236177000.0,49.97470467103064,0.0,53.02278988865331,1.800911092770724,0.0,1.6973833362785706,0.0459595585512184,0.9830840447073192,2001-10-23,1.01,bmo,531260000.0,2025-04-25,2001-09-30,-0.0594059405940594,42.91627118644068,279074.57627118647
2001-06-30,MLM,USD,916076,2001-08-13,2001-08-13 00:00:00,2001,Q2,477409000.0,383948000.0,93461000.0,0.1957671514,259000,28734000.0,0.0,28734000.0,0.0,28993000.0,412941000.0,0.0,0.0,-7939000.0,64468000.0,0.1350372532,64468000.0,0.1350372532,-5372000.0,59096000.0,0.123784847,20094000.0,39002000.0,0.0816951503,0.82,0.82,47559897,47803974,https://www.sec.gov/Archives/edgar/data/916076/000095014401505559/0000950144-01-505559-index.htm,https://www.sec.gov/Archives/edgar/data/916076/000095014401505559/g70975e10-q.htm,10.038057904120356,0.8200606489959388,1.0023150386553612,-0.0693441367209016,0.0,19.850358380717267,7.436180948835949,19.850358380717267,17.971254227064453,2353739302.53,3208450302.53,15.087298744487462,4.930236552997535,49.37569336123349,-713.6868715979382,2.493153979933925,2.493153979933925,6.7205484239509525,49.768106696810825,67.30543953282988,-972.8472718405096,0.0165702293189722,-0.0014011747165266,0.905336512439081,0.3824922222659788,13.257910901532544,2.3015895290095423,0.0,1.2222450130762526,0.0028597049778473,0.1725808932875237,0.0601873864966936,0.0005425117666403,0.2642178588945414,1.069183973148731,0.1067596128267376,0.0,0.0,19.13808245282405,0.0212798693481133,0.0237214346231252,-20.277866665691057,306087000.0,353664000.0,-749252000.0,1926186000.0,230184500.0,0.0,233431500.0,51.75920437193267,0.0,56.33755091835353,1.7388211641213729,0.0,1.597513532855401,0.0413121331750135,1.071659175376263,2001-07-25,0.83,bmo,483221951.0,2025-04-25,2001-06-30,-0.0120481927710843,46.9084126984127,226658.73015873012
2001-03-31,MLM,USD,916076,2001-05-14,2001-05-14 00:00:00,2001,Q1,300831000.0,273667000.0,27164000.0,0.0902965452,409000,24555000.0,0.0,24555000.0,0.0,24964000.0,298631000.0,0.0,0.0,-1283000.0,917000.0,0.0030482231,2200000.0,0.0073130761,-9211000.0,-7011000.0,-0.0233054439,-2359000.0,-4652000.0,-0.0154638319,-0.0988,-0.0984,47073007,47277401,https://www.sec.gov/Archives/edgar/data/916076/000095014401502134/0000950144-01-502134-index.htm,https://www.sec.gov/Archives/edgar/data/916076/000095014401502134/g69149e10-q.htm,6.390732591185432,-0.0988252142039704,-0.0723556920848502,-1.1592843431480806,4.982345827195616,18.583304015398888,10.209545355791697,18.583304015398888,18.1004158073012,2010017398.9,2627524398.9,-108.01899177235596,6.681550102549272,-590.1401640927775,-36.83306882593319,2.2977614725894293,2.2977614725894293,8.734220871186812,2865.348308505998,-771.4399292131533,-48.1487309908193,-0.0023144078267908,-0.0271495162329761,0.9740149433223744,0.3949902624750883,673.3991275899673,2.8016140536795127,0.0,0.7321582115219261,0.0032944988454447,-1.4234737747205504,0.081623901792036,0.0013595673318241,0.1827335441391967,-15.022019964768056,0.1700788814982498,0.0,0.0,,0.0007635647462572,-0.0026387723695801,-16.892791658710053,442017000.0,480594000.0,-594985000.0,1781847000.0,183362500.0,29514500.0,217028000.0,55.58901841897943,0.0,74.4955730869999,1.6190248102900813,0.0,1.2081254800858194,-0.0053179571362595,1.0869286510632303,2001-04-24,-0.02857,bmo,401108000.0,2025-04-25,2001-03-31,2.5001750087504377,43.380967741935486,144069.35483870967
2000-12-31,MLM,USD,916076,2001-03-22,2001-03-22 00:00:00,2000,Q4,498607000.0,295279000.0,203328000.0,0.4077921088,543000,26500000.0,0.0,26500000.0,0.0,163416000.0,458695000.0,0.0,0.0,-1395000.0,39912000.0,0.080047011,39912000.0,0.080047011,-9000000.0,30912000.0,0.0619967229,10388000.0,20524000.0,0.0411626792,0.44,0.44,46471873,47073007,https://www.sec.gov/Archives/edgar/data/916076/000095014401003808/0000950144-01-003808-index.htm,https://www.sec.gov/Archives/edgar/data/916076/000095014401003808/g67160e10-k405.htm,10.729221092509013,0.4416434861577453,1.236554420778349,0.0978441303624667,0.0,18.57652692414614,9.765692034835782,18.57652692414614,13.916697525834604,1965760227.9,2612495227.9,23.944652941678036,3.942504272703753,34.207956632732966,432.3202612491753,2.2770671919850427,2.2770671919850427,5.239587947822633,65.45638474393665,45.46237236404768,574.5536019133493,0.010440744353611,0.0023131000085689,0.7491549729753523,0.351211742555686,16.204023852475444,2.2473388926197564,0.0,2.7998928084194112,0.0033310267992323,0.3190411225881894,0.0531480705244812,0.0010890340488601,0.2223565374687947,0.9208735752196988,0.1061316828684715,0.0,0.0,13.586557603321388,0.0156110987270319,0.01433257238389,-15.89563110572281,235888000.0,453830000.0,-553152000.0,1559416000.0,206029000.0,29514500.0,199957500.0,32.65567872091647,17.991831454319474,63.25563280829317,2.756029074427217,5.002270070643244,1.4227981921034625,0.0237742764275106,1.1387102904158823,2001-01-24,0.42,bmo,474863809.0,2025-04-25,2000-12-31,0.0476190476190476,38.19031746031746,180298.4126984127
2000-09-30,MLM,USD,916076,2000-11-14,2000-11-14 00:00:00,2000,Q3,380305000.0,284879000.0,95426000.0,0.2509196566,570000,24012000.0,0.0,24012000.0,0.0,24582000.0,309461000.0,0.0,0.0,-1688000.0,69156000.0,0.1818435203,70844000.0,0.1862820631,-8992000.0,61852000.0,0.1626378828,19801000.0,42051000.0,0.1105717779,0.9,0.9,46746598,46964281,https://www.sec.gov/Archives/edgar/data/916076/000095014400013868/0000950144-00-013868-index.htm,https://www.sec.gov/Archives/edgar/data/916076/000095014400013868/g65143e10-q.htm,8.135458327898,0.8995520914698434,1.7785893210881356,0.8249370360598219,0.1145537906309246,18.15319266655511,10.122683152258482,18.15319266655511,12.863246219543075,1789459771.44,2385417771.44,10.63862792466291,4.705328016828599,21.52267504708755,46.40354151492363,2.1087199757718595,2.1087199757718595,6.272380777113106,34.49328722656024,28.690542456250075,61.857681493659726,0.0234992709370387,0.0215500793119075,0.7085941550789536,0.3242824199908536,8.617589218578287,2.140167238441755,0.0,1.9771943592304584,0.0036586460922402,0.1556918979334617,0.063138796492289,0.0014987970181827,0.2024491341150889,0.5361846457308492,0.1172217036326106,0.0,0.0,19.168182091065137,0.0294095506649919,0.0284341826871387,-15.632907661002411,246934000.0,473201000.0,-542177000.0,1513627000.0,232268500.0,0.0,192584000.0,54.70049039586648,0.0,60.77769860186255,1.645323457772894,0.0,1.4808063166321,0.0495533820410087,0.9536522850283136,2000-10-17,1.21,bmo,578783333.0,2025-04-25,2000-09-30,-0.256198347107438,41.46539682539683,253720.6349206349
2000-06-30,MLM,USD,916076,2000-08-14,2000-08-14 00:00:00,2000,Q2,362474000.0,265642000.0,96832000.0,0.2671419191,593000,24664000.0,0.0,24664000.0,0.0,25257000.0,290899000.0,0.0,0.0,-3810000.0,67765000.0,0.18695134,71575000.0,0.1974624387,-6841000.0,64734000.0,0.1785893609,22612000.0,42122000.0,0.1162069555,0.9,0.9,46751001,47045402,https://www.sec.gov/Archives/edgar/data/916076/000095014400010260/0000950144-00-010260-index.htm,https://www.sec.gov/Archives/edgar/data/916076/000095014400010260/e10-q.htm,7.753288533864762,0.9009860558921508,0.9739042806805356,0.1331736191060379,0.0719342886369427,17.388996654852374,9.282860061113986,17.388996654852374,12.871339375171882,1890610480.44,2488995480.44,11.221039364465124,5.215851289858031,41.52358789484087,303.66374565371024,2.325608590459719,2.325608590459719,6.866686936000926,36.72980860975429,54.66595243767981,399.7744106071313,0.0222795760606367,0.0032931161994569,0.7402002329777982,0.3273718009398744,8.83029587545193,1.933303173542817,0.0,1.0809315796970704,0.0032148346065369,0.1442951426807844,0.0680435010511098,0.0016359794081782,0.206172835476286,0.8632580000439262,0.1084353636398748,0.0,0.0,18.775328998967986,0.0290792925638022,0.0288675309153012,-16.050201791401214,220743000.0,433983000.0,-567904000.0,1477087000.0,213773000.0,0.0,189855500.0,57.950252983662274,0.0,65.31659150284969,1.5530562053865995,0.0,1.3779041117917703,0.0518135734784175,0.8407306615744976,2000-07-18,0.94,bmo,429997777.0,2025-04-25,2000-06-30,-0.0425531914893616,48.80396825396826,187055.5555555556
2000-03-31,MLM,USD,916076,2000-05-12,2000-05-12 00:00:00,2000,Q1,276131000.0,231773000.0,44358000.0,0.160641145,620000,23592000.0,0.0,23592000.0,0.0,24212000.0,255985000.0,0.0,0.0,-1346000.0,18800000.0,0.068083627,20146000.0,0.0729581249,-8823000.0,11323000.0,0.0410058994,3993000.0,7330000.0,0.0265453716,0.16,0.16,46725456,46885058,https://www.sec.gov/Archives/edgar/data/916076/000095014400006463/0000950144-00-006463-index.html,https://www.sec.gov/Archives/edgar/data/916076/000095014400006463/0000950144-00-006463-d1.html,5.909648051374822,0.1568738034359686,0.5723004608023515,-0.1553970923258619,0.0,16.605316810605338,8.611622752274478,16.605316810605338,12.876364438262518,2219459160.0,2821113160.0,75.69778854024557,8.03770369860682,82.99836056991137,-305.6685249965569,2.8605295846968195,2.8605295846968195,10.21657532113381,150.05921063829788,105.49766874836394,-388.5295634210164,0.0033026063881256,-0.003271517733176,0.7754362403997469,0.3406093166629397,32.00287234042553,2.01060859037074,0.0,3.6481582537517054,0.002737153316216,0.8287858117326057,0.0854377089135229,0.0022453111023391,0.2114515074402529,1.271530608429004,0.1231372066157005,0.0,0.0,7.65579075733689,0.0083515976198488,0.0052624172946149,-16.08198323414971,207007000.0,402382000.0,-578673000.0,1439369000.0,195876000.0,27950000.0,179912000.0,63.28039952051744,0.0,72.58464100650205,1.4222413366846594,0.0,1.2399317369626155,0.0094472032798421,0.7276975531282135,2000-04-18,0.14,bmo,276587500.0,2025-04-25,2000-03-31,0.1428571428571427,42.29984126984127,202088.88888888888
1999-12-31,MLM,USD,916076,2000-03-27,2000-03-27 00:00:00,1999,Q4,335100000.0,129200000.0,205900000.0,0.6144434497,700000,21600000.0,0.0,21600000.0,0.0,147100000.0,276300000.0,0.0,0.0,-2100000.0,56700000.0,0.1692032229,58800000.0,0.175470009,-8500000.0,50300000.0,0.1501044464,17700000.0,32600000.0,0.0972843927,0.7,0.7,46725456,46725456,https://www.sec.gov/Archives/edgar/data/916076/000095014400003779/0000950144-00-003779-index.html,https://www.sec.gov/Archives/edgar/data/916076/000095014400003779/,7.171679608648442,0.6976924954996694,1.6800264078749707,-0.7212342668202104,0.072765474990763,16.564846365544298,7.8586712990024115,16.564846365544298,13.73341332399196,1915743696.0,2554043696.0,14.69128601226994,5.716931351835273,24.40437829299363,-56.84699394658754,2.4751210542635658,2.4751210542635658,7.621735887794689,45.044862363315694,32.535588484076435,-75.78764676557863,0.0170168901341382,-0.0175910796785417,0.8290697674418605,0.3682428555032709,11.257495590828924,2.207991242474001,0.0,2.4079754601226995,0.0031841420189645,0.1871165644171779,0.0644583706356311,0.0020889286780065,0.2334442786640652,1.4292993630573247,0.3348254252461952,0.0,0.0,16.12564114888979,0.023824047463158,0.0244048510256026,-15.634946398382928,220700000.0,367200000.0,-565200000.0,1474500000.0,214350000.0,27950000.0,172550000.0,53.070725156669646,38.93962848297214,120.44117647058825,1.6958502024291495,2.3112701252236136,0.7472527472527473,0.0421188630490956,2.401260674695181,2000-01-26,0.64,bmo,303684375.0,2025-04-25,1999-12-31,0.0937499999999999,39.13359375,237032.8125
1999-09-30,MLM,USD,916076,1999-11-12,1999-11-12 00:00:00,1999,Q3,353800000.0,254100000.0,99700000.0,0.2817976258,700000,23400000.0,0.0,23400000.0,0.0,24100000.0,278200000.0,0.0,0.0,-2200000.0,73400000.0,0.2074618428,75600000.0,0.2136800452,-7492000.0,68100000.0,0.192481628,24100000.0,44000000.0,0.1243640475,0.94,0.94,46665751,46974517,https://www.sec.gov/Archives/edgar/data/916076/000095014499012849/0000950144-99-012849-index.html,https://www.sec.gov/Archives/edgar/data/916076/000095014499012849/,7.581577332806666,0.942875643424232,1.9093231779340696,1.052163502093859,0.0128573951376031,15.8510253054751,7.834439437179528,15.8510253054751,12.928110810859982,1863830094.94,2466530094.94,10.58994372125,5.268033055228942,20.918407350617283,37.95987973401222,2.5197108218737325,2.5197108218737325,6.971537860203504,33.60395224713896,27.682717114927044,50.23482881751527,0.0236073020386637,0.0263436029567816,0.8156009192916047,0.3480242284395731,8.211171662125341,1.9585232452142205,0.0,2.025,0.0032728305099056,0.1386363636363636,0.0661390616167326,0.0019785189372526,0.215806172483415,0.4489337822671156,0.1130582249858677,0.0,0.0,18.337796429403845,0.0322606267604343,0.0323672208327203,-15.72405852849127,210300000.0,365600000.0,-564100000.0,1394100000.0,227950000.0,0.0,173800000.0,58.78745053702657,0.0,60.99173553719008,1.5309389874513195,0.0,1.475609756097561,0.059483574422063,0.8571596758402109,1999-10-19,0.92,bmo,346108695.0,2025-04-25,1999-09-30,0.0217391304347825,48.91359375,224859.375
1999-06-30,MLM,USD,916076,1999-08-13,1999-08-13 00:00:00,1999,Q2,328900000.0,238600000.0,90300000.0,0.2745515354,500000,24900000.0,0.0,24900000.0,0.0,25400000.0,264000000.0,0.0,0.0,-8700000.0,56200000.0,0.1708726057,64900000.0,0.1973244147,-1100000.0,63800000.0,0.1939799331,22500000.0,41300000.0,0.1255700821,0.88,0.88,46659901,46966449,https://www.sec.gov/Archives/edgar/data/916076/000095014499010116/0000950144-99-010116-index.html,https://www.sec.gov/Archives/edgar/data/916076/000095014499010116/,7.0488790792762295,0.8851283246400373,0.5765121533369735,-0.1457354142264468,-0.0042863357125425,15.160769415263012,7.760410807558292,15.160769415263012,12.906156830465628,2752934159.0,3355334159.0,16.664250357142855,8.370125141380358,102.3395598141264,-404.8432586764706,3.891623068985015,3.891623068985015,10.201684885983582,59.70345478647687,124.73361185873604,-493.4314939705882,0.0150021749938989,-0.0024700917665499,0.8512864009047215,0.360814859197124,10.718861209964412,2.25965097831835,0.0,0.6513317191283293,0.0021929329403914,0.1461743341404358,0.0757069017938583,0.0015202189115232,0.2068903535050928,1.2527881040892193,0.1024627546366676,0.0,0.0,17.376207720261565,0.0283884512234051,0.0312004230565838,-15.120049225993856,238200000.0,362100000.0,-534300000.0,1363400000.0,195500000.0,0.0,173850000.0,61.51413803587717,0.0,66.16093880972339,1.4630782918149463,0.0,1.3603192702394526,0.0583828102912072,0.7222475675634202,1999-07-20,0.87,bmo,325119540.0,2025-04-25,1999-06-30,0.0114942528735632,59.99666666666666,135676.19047619047
1999-03-31,MLM,USD,916076,1999-05-13,1999-05-13 00:00:00,1999,Q1,241000000.0,201300000.0,39700000.0,0.1647302905,900000,22700000.0,0.0,22700000.0,0.0,23600000.0,224900000.0,0.0,0.0,-5400000.0,10700000.0,0.0443983402,16100000.0,0.0668049793,-3868000.0,12200000.0,0.0506224066,4300000.0,7940000.0,0.0329460581,0.17,0.17,46635302,46901716,https://www.sec.gov/Archives/edgar/data/916076/000095014499005780/0000950144-99-005780-index.html,https://www.sec.gov/Archives/edgar/data/916076/,5.167758965086149,0.1702572870654938,0.6261351111224711,0.0042885966515237,0.1929868493185698,14.37323167758193,6.9260835922108965,14.37323167758193,12.9065316227608,2661010332.12,3253910332.12,83.78496007934508,11.041536647800829,91.1304908260274,13305.0516606,3.969879654065344,3.969879654065344,13.501702622904563,304.10376935700936,111.43528534657534,16269.5516606,0.002983829075806,7.515942256438442e-05,0.8979561390422199,0.3769413827655311,55.41121495327103,2.4,0.0,3.6962025316455698,0.0022784578950393,0.7636020151133501,0.0941908713692946,0.0037344398340248,0.2174974949899799,0.9931506849315068,0.1203319502074688,0.0,0.0,7.420297650044143,0.0072383599500559,0.0063545418167266,-15.153756268159258,219100000.0,323000000.0,-550900000.0,1347200000.0,168850000.0,28850000.0,164700000.0,62.06639004149377,0.0,77.03427719821163,1.450060168471721,0.0,1.1683110853163088,0.011845442339251,0.6218465144709473,1999-04-20,0.07,bmo,170421427.0,2025-04-25,1999-03-31,1.4285714285714286,53.53786885245901,110786.88524590163
1998-12-31,MLM,USD,916076,1999-03-24,1999-03-24 00:00:00,1998,Q4,281000000.0,179600000.0,101400000.0,0.3608540925,600000,22100000.0,0.0,22100000.0,0.0,50900000.0,230500000.0,0.0,0.0,28200000.0,78700000.0,0.2800711744,50500000.0,0.1797153025,-5600000.0,44900000.0,0.1597864769,14200000.0,30700000.0,0.109252669,0.66,0.66,46470588,46470588,https://www.sec.gov/Archives/edgar/data/916076/000095014499003085/0000950144-99-003085-index.html,https://www.sec.gov/Archives/edgar/data/916076/,6.046835473654864,0.6606329147373818,1.99265823793751,-5.087088633352347,0.3141772167806441,14.368227920851789,6.277088639377664,14.368227920851789,13.294430447060408,2890005867.72,3493205867.72,23.53424973713355,10.284718390462633,31.20956660604752,-12.225067122335023,4.328299936678149,4.328299936678149,12.431337607544483,44.38635155933926,37.723605482937366,-14.776674567343484,0.0106228158021769,-0.0817991418773492,0.9252658379511756,0.3888958831675689,7.664548919949174,2.4270696452036797,0.0,3.01628664495114,0.0020761203522169,0.1954397394136807,0.0786476868327402,0.0021352313167259,0.2366863905325443,3.552915766738661,1.1708185053380782,11.666666666666666,0.0,14.614130030442295,0.0237786331722324,0.0253174995876628,-15.044462101490948,217200000.0,291700000.0,-551500000.0,1370700000.0,182700000.0,52300000.0,151500000.0,54.92882562277581,28.91425389755011,78.7249443207127,1.6384839650145773,3.1126516464471403,1.1432208784213878,0.0459787329639059,7.079746871289857,1999-01-26,0.63,bmo,267619047.0,2025-04-25,1998-12-31,0.0476190476190476,48.50828125,148793.75
1998-09-30,MLM,USD,916076,1998-11-16,1998-11-16 00:00:00,1998,Q3,312400000.0,192300000.0,120100000.0,0.3844430218,900000,19700000.0,0.0,19700000.0,0.0,44900000.0,237200000.0,0.0,0.0,24300000.0,99500000.0,0.3185019206,75200000.0,0.2407170294,-5400000.0,69800000.0,0.2234314981,23900000.0,45900000.0,0.1469270166,0.99,0.98,46363636,46836735,https://www.sec.gov/Archives/edgar/data/916076/000095014498012815/0000950144-98-012815-index.html,https://www.sec.gov/Archives/edgar/data/916076/,6.738039268533641,0.990000007764706,1.729803935135717,0.4939215725013456,0.2631372569657824,13.842745206609766,9.3154902691411,13.842745206609766,7.212549076176855,2002445438.84,2324645438.84,10.906565571023965,6.409876564788732,24.968147616458857,87.44303226375546,3.12004586918043,3.12004586918043,7.441246603201025,23.36327074211055,28.98560397556109,101.51290125938866,0.022921972858641,0.0114360169599755,0.5210345902150203,0.2704626334519573,3.238190954773869,2.5205664194200943,0.0,1.747276688453159,0.0030462752600808,0.1328976034858388,0.0630601792573623,0.0028809218950064,0.1697670656745389,0.7144638403990025,0.1834186939820742,2.3580246913580245,0.0,17.559816396979826,0.0445986678078368,0.0447150511446663,-7.851519669423683,225500000.0,431900000.0,-220800000.0,1069600000.0,186050000.0,48500000.0,150300000.0,55.861075544174135,21.95007800312013,68.28393135725429,1.6111397627643116,4.100213219616204,1.3180260452364634,0.0715176067310688,1.2358823626343716,1998-10-22,0.95,bmo,302534736.0,2025-04-25,1998-09-30,0.031578947368421,46.32796875,131635.9375
1998-06-30,MLM,USD,916076,1998-08-14,1998-08-14 00:00:00,1998,Q2,277700000.0,170800000.0,106900000.0,0.3849477854,900000,20900000.0,0.0,20900000.0,0.0,45500000.0,216300000.0,0.0,0.0,23700000.0,85100000.0,0.3064458048,61400000.0,0.2211019085,-6100000.0,55300000.0,0.199135758,18900000.0,36400000.0,0.1310767015,0.78,0.78,46666667,46666667,https://www.sec.gov/Archives/edgar/data/916076/000095014498009873/0000950144-98-009873-index.html,https://www.sec.gov/Archives/edgar/data/916076/,5.950714243209184,0.7799999944285715,0.7907142800663266,0.1264285705255102,0.3407142832806122,12.867857050943876,8.642142795413266,12.867857050943876,7.568571374510205,2100000015.0,2437300015.0,14.4230770260989,7.562117446885128,56.91056951219512,355.9322059322034,3.4970857868442966,3.4970857868442966,8.776737540511343,28.6404232079906,66.05149092140921,413.1016974576271,0.0173333332095238,0.0028095237894557,0.5881765195670274,0.2942842859523413,3.963572267920094,2.358048162230672,0.0,1.0137362637362637,0.002666666647619,0.1538461538461538,0.0752610731004681,0.0032409074540871,0.1643059490084986,0.8401084010840109,0.1116312567518905,1.3080168776371308,0.0,15.027670798596407,0.0372868252361082,0.0362911266201395,-7.988571371510204,214300000.0,403300000.0,-227600000.0,1023300000.0,154100000.0,44500000.0,151550000.0,57.75297083183291,26.39929742388759,81.51639344262296,1.558361391694725,3.409181636726547,1.104072398190045,0.0606161532056619,0.6642857095408163,1998-07-21,0.79,bmo,281215189.0,2025-04-25,1998-06-30,-0.0126582278481012,46.22253968253968,118047.61904761904
1998-03-31,MLM,USD,916076,1998-05-15,1998-05-15 00:00:00,1998,Q1,186500000.0,134400000.0,52100000.0,0.2793565684,700000,19300000.0,0.0,19300000.0,0.0,42600000.0,177000000.0,0.0,0.0,22600000.0,32100000.0,0.1721179625,9500000.0,0.0509383378,-5500000.0,4000000.0,0.0214477212,1400000.0,2600000.0,0.0139410188,0.06,0.06,43333333,43333333,https://www.sec.gov/Archives/edgar/data/916076/000095014498006528/0000950144-98-006528-index.html,https://www.sec.gov/Archives/edgar/data/916076/,4.303846186952663,0.0600000004615384,0.2976923099822485,-0.9600000073846154,0.0923076930177514,12.902307791556211,8.859230837378698,12.902307791556211,7.910769291621302,1871566652.27,2210366652.27,179.95833194903844,10.035209931742628,145.08268622248062,-44.98958298725962,3.3474631591307458,3.3474631591307458,11.851831915656836,68.8587742140187,171.34625211395348,-53.13381375649038,0.0013892104760717,-0.0222273676171478,0.6131282418172063,0.3056075599536418,10.554517133956386,2.4922826969943137,0.0,4.961538461538462,0.0029387144686132,2.1153846153846154,0.103485254691689,0.0037533512064343,0.156191495052153,4.224806201550388,0.292225201072386,2.411504424778761,0.0,4.173501605676748,0.0059945636345985,0.0027469624933967,-8.928461607142012,183700000.0,383900000.0,-255800000.0,978500000.0,138700000.0,44250000.0,140500000.0,62.73458445040215,26.049107142857142,99.375,1.4346153846153846,3.455012853470437,0.9056603773584906,0.0046503308889286,1.257692317366864,1998-04-21,0.09,bmo,248666666.0,2025-04-25,1998-03-31,-0.3333333333333333,39.34409836065574,164911.47540983607
1997-12-31,MLM,USD,916076,1998-03-30,1998-03-30 00:00:00,1997,Q4,238800000.0,155900000.0,82900000.0,0.3471524288,1100000,18600000.0,0.0,18600000.0,0.0,42900000.0,198800000.0,0.0,0.0,23200000.0,63200000.0,0.2646566164,40000000.0,0.1675041876,-5500000.0,34500000.0,0.1444723618,11600000.0,22900000.0,0.0958961474,0.53,0.53,43333333,43333333,https://www.sec.gov/Archives/edgar/data/916076/000095014498003632/0000950144-98-003632-index.html,https://www.sec.gov/Archives/edgar/data/916076/,5.510769273159764,0.5284615425266272,1.7100000131538462,-5.333076964100592,0.4315384648579882,12.964615484343197,8.928461607142012,12.964615484343197,7.202307747710059,1584266654.48,1877666654.48,17.295487494323144,6.6342824726968175,21.380116794601893,-6.855329530419732,2.81998336504094,2.81998336504094,7.86292568877722,29.709915418987343,25.33963096464237,-8.12490979870186,0.0144546373776429,-0.1458719082084407,0.5555357778568886,0.2822646287419734,4.64240506329114,2.975970425138632,0.0,3.2358078602620086,0.0034716377981238,0.2401746724890829,0.0778894472361809,0.0046063651591289,0.1581803382472641,4.1187584345479085,1.2780569514237856,13.155172413793103,0.0,12.4158876317891,0.0265799625965373,0.0246024924795874,-8.038846215683433,213800000.0,386900000.0,-221900000.0,980100000.0,162150000.0,48500000.0,130650000.0,55.55276381909548,28.6337395766517,76.5490699166132,1.6200814111261872,3.1431451612903225,1.1757164404223228,0.0407618369526521,7.043076977254438,1998-01-21,0.47,bmo,223557446.0,2025-04-25,1997-12-31,0.0638297872340426,35.4553125,71146.875
1997-09-30,MLM,USD,916076,1997-11-12,1997-11-12 00:00:00,1997,Q3,271700000.0,170200000.0,101500000.0,0.3735737946,1000000,18900000.0,0.0,18900000.0,0.0,41500000.0,211700000.0,0.0,0.0,21600000.0,81600000.0,0.3003312477,60000000.0,0.2208317998,-4000000.0,56000000.0,0.2061096798,19700000.0,36300000.0,0.1336032389,0.79,0.79,45949367,45949367,https://www.sec.gov/Archives/edgar/data/916076/000095014497011938/0000950144-97-011938-index.html,https://www.sec.gov/Archives/edgar/data/916076/,5.913030314432841,0.790000001523416,1.4189531707803504,0.8269972467738239,0.3264462816212463,11.845647405762955,8.629063377521609,11.845647405762955,7.686721777908279,1654177212.0,1992377212.0,11.392405041322316,6.088248847994112,25.370816134969324,43.530979263157896,3.039090964541613,3.039090964541613,7.333004092749356,24.416387401960783,30.5579326993865,52.43097926315789,0.0219444444867615,0.0229721457437173,0.6489068528385081,0.3082562401815325,4.144607843137255,2.963382737576286,0.0,1.7961432506887052,0.0033249158313275,0.1515151515151515,0.0695620169304379,0.0036805299963194,0.1289928434281724,0.4171779141104294,0.1001104158998895,1.2592592592592593,0.0,14.51056108644556,0.0376686267727429,0.0363727454909819,-8.47617770229566,225200000.0,396500000.0,-261600000.0,976300000.0,170450000.0,46600000.0,130800000.0,58.59771807140228,25.064629847238542,68.05522914218567,1.535895986433013,3.590717299578059,1.3224553224553224,0.066691162961602,0.5919559240065265,1997-10-21,0.71,bmo,241085915.0,2025-04-25,1997-09-30,0.1126760563380282,34.395,97632.8125
1997-06-30,MLM,USD,916076,1997-08-07,1997-08-07 00:00:00,1997,Q2,232200000.0,148200000.0,84000000.0,0.3617571059,800000,16300000.0,0.0,16300000.0,0.0,35600000.0,183800000.0,0.0,0.0,18600000.0,67000000.0,0.2885443583,48400000.0,0.2084409991,-1400000.0,47000000.0,0.202411714,16600000.0,30400000.0,0.1309216193,0.66,0.66,46060606,46060606,https://www.sec.gov/Archives/edgar/data/916076/000095014497008614/0000950144-97-008614-index.html,https://www.sec.gov/Archives/edgar/data/916076/,5.0411842171594525,0.660000000868421,0.8445394747954467,0.4472368426937327,0.1845394739270256,11.055000014546051,7.212236851595049,11.055000014546051,8.189210537091066,1491442422.2800002,1860142422.28,12.26515149901316,6.423093980534024,38.34042216658098,72.40011758640777,2.928991402749411,2.928991402749411,8.010949277691646,27.76331973552239,47.81857126683805,90.29817583883496,0.0203829524665973,0.0138121322635494,0.7407698350353495,0.3364252586514449,5.502985074626865,1.6000978952520803,0.0,1.2796052631578947,0.0037547544017416,0.1842105263157894,0.070198105081826,0.0034453057708871,0.157866571530503,0.4704370179948586,0.0788113695090439,0.9838709677419356,0.0,12.812757331348228,0.0307459555243504,0.0321965685236178,-8.989243432880583,122600000.0,332200000.0,-285100000.0,888900000.0,136250000.0,37750000.0,125600000.0,63.565891472868216,27.81376518218623,80.70850202429149,1.4158536585365853,3.2358078602620086,1.1151241534988714,0.0597014925373134,0.397302632101714,1997-07-22,0.62,bmo,217219354.0,2025-04-25,1997-06-30,0.0645161290322581,28.38265625,73687.5
1997-03-31,MLM,USD,916076,1997-05-14,1997-05-14 00:00:00,1997,Q1,158200000.0,111700000.0,46500000.0,0.293931732,500000,15300000.0,0.0,15300000.0,0.0,32100000.0,143800000.0,0.0,0.0,16300000.0,30700000.0,0.1940581542,14400000.0,0.0910240202,-800000.0,13600000.0,0.0859671302,4700000.0,8900000.0,0.0562579014,0.19,0.19,46842105,46842105,https://www.sec.gov/Archives/edgar/data/916076/000095014497005755/0000950144-97-005755-index.html,https://www.sec.gov/Archives/edgar/data/916076/,3.3773033897601312,0.1900000010674157,0.3714606762441611,0.0555056182893574,0.1793258437040777,10.341123653601818,9.476516907171444,10.341123653601818,2.886292151046585,1206184203.75,1332984203.75,33.881578757022474,7.624426066687737,69.32093125,463.9170014423077,2.49005822409166,2.49005822409166,8.42594313369153,43.4196809039088,76.60828757183909,512.6862322115385,0.007378640818152,0.0021555579918197,0.2791081750619323,0.1772649796774616,4.130293159609121,3.465679676985195,0.0,1.9550561797752808,0.0045598342134647,0.6179775280898876,0.0967130214917825,0.0031605562579013,0.053100826012849,0.8505747126436781,0.0935524652338811,0.9079754601226994,0.0,6.648932535942068,0.0135046279904911,0.0123234561063417,-2.761938217763698,183200000.0,443900000.0,-20800000.0,636700000.0,122550000.0,33050000.0,116050000.0,61.72566371681416,23.93017009847807,95.31781557743956,1.4580645161290322,3.760942760942761,0.9442096365173288,0.0183732452518579,0.3159550579548037,1997-04-22,0.15,bmo,116013333.0,2025-04-25,1997-03-31,0.2666666666666667,26.135573770491803,107006.55737704918
1996-12-31,MLM,USD,916076,1997-03-25,1997-03-25 00:00:00,1996,Q4,183400000.0,122700000.0,60700000.0,0.3309705562,500000,15100000.0,0.0,15100000.0,0.0,31500000.0,154200000.0,0.0,0.0,15900000.0,45100000.0,0.245910578,29200000.0,0.159214831,1000000.0,30200000.0,0.1646673937,10200000.0,20000000.0,0.1090512541,0.43,0.43,45434452,46842105,https://www.sec.gov/Archives/edgar/data/916076/000095014497002806/0000950144-97-002806-index.html,https://www.sec.gov/Archives/edgar/data/916076/,4.0365843963519135,0.4401945906599688,1.3866129605789017,0.6955074532427507,-0.0946418369918932,10.586679905372248,9.195664998886748,10.586679905372248,2.892078460635995,1056351009.0,1192051009.0,13.2043876125,5.759820114503817,16.767476333333335,33.42882939873418,2.196155943866944,2.196155943866944,6.4997328735005455,26.43128623059867,18.921444587301583,37.72313319620253,0.018933100673547,0.0299142990642043,0.2731808731808732,0.1708934841982052,3.008869179600887,3.0783200908059025,0.0,3.15,0.0052066026852254,0.275,0.0823336968375136,0.0027262813522355,0.0821953439979191,0.4984126984126984,0.1712104689203925,1.9748427672955973,0.0,10.239847782870246,0.0281768153058004,0.0283406546691228,-2.923992568458843,183100000.0,417800000.0,-16700000.0,655100000.0,138150000.0,32600000.0,113450000.0,67.03380588876772,26.699266503667484,83.4718826405868,1.342606149341142,3.370879120879121,1.078207381370826,0.0415800415800415,0.691105507336151,1997-01-22,0.41,bmo,174453658.0,2025-04-25,1996-12-31,0.048780487804878,23.1025,308115.625
1996-09-30,MLM,USD,916076,1996-11-14,1996-11-14 00:00:00,1996,Q3,201500000.0,127700000.0,73800000.0,0.3662531017,500000,15000000.0,0.0,15000000.0,0.0,30800000.0,158500000.0,0.0,0.0,15300000.0,58300000.0,0.2893300248,43000000.0,0.2133995037,-1400000.0,41600000.0,0.2064516129,14100000.0,27500000.0,0.1364764268,0.6,0.6,45833333,45833333,https://www.sec.gov/Archives/edgar/data/916076/000095014496008198/0000950144-96-008198-index.html,https://www.sec.gov/Archives/edgar/data/916076/,4.39636366833719,0.6000000043636364,0.9840000071563636,0.5825454587821488,0.0523636367444628,10.17818189220496,9.344727340688928,10.17818189220496,2.7272727471074383,979916659.54,1102516659.54,8.908333268545453,4.863109972903225,21.727642118403548,36.7009984846442,2.1005716174490887,2.1005716174490887,5.471546697468982,18.911091930360204,24.44604566607539,41.29275878426966,0.0280636110553618,0.0272472150973876,0.2679528403001072,0.1665334399147348,2.102915951972556,3.1218097447795823,0.0,1.64,0.0057147717058191,0.2036363636363636,0.0744416873449131,0.0024813895781637,0.0508926192379429,0.4079822616407982,0.0913151364764268,1.2026143790849673,0.0,11.72200735983728,0.0427708106669135,0.0386019090398652,-2.626363655464463,182900000.0,428300000.0,-15000000.0,617600000.0,139800000.0,28750000.0,113950000.0,62.39702233250621,20.297572435395452,79.71025841816757,1.4423765211166786,4.434027777777778,1.1290893015030945,0.0589496248660235,0.4014545483742149,1996-10-21,0.63,bmo,,2025-04-25,1996-09-30,-0.0476190476190476,22.598125,66554.6875
1996-06-30,MLM,USD,916076,1996-08-13,1996-08-13 00:00:00,1996,Q2,200500000.0,130000000.0,70500000.0,0.3516209476,400000,15100000.0,0.0,15100000.0,0.0,30600000.0,160600000.0,0.0,0.0,15100000.0,55000000.0,0.2743142145,39900000.0,0.1990024938,600000.0,40500000.0,0.2019950125,13700000.0,26800000.0,0.1336658354,0.58,0.58,46206897,46206897,https://www.sec.gov/Archives/edgar/data/916076/000095014496005376/0000950144-96-005376-index.html,https://www.sec.gov/Archives/edgar/data/916076/,4.339179062381099,0.5799999943731344,0.4436567121137781,-0.0346268653357095,-0.0995522378401648,9.621940205160282,8.806044690687626,9.621940205160282,2.8177611666933617,1120517252.25,1255317252.25,10.452586308302235,5.588614724438902,54.65937815853658,-700.32328265625,2.5202817189608635,2.5202817189608635,6.260933926433915,22.82395004090909,61.23498791463415,-784.57328265625,0.0239175255411601,-0.0014279119726065,0.2928475033738191,0.1744372990353697,2.4509090909090907,2.562381852551985,0.0,0.7649253731343284,0.0044622249143955,0.1865671641791045,0.0753117206982543,0.0019950124688279,0.0505091103965702,1.078048780487805,0.1102244389027431,1.4635761589403973,0.0,11.205637797964068,0.0408777875258754,0.0378157189219698,-3.118041014526468,165300000.0,406900000.0,-30700000.0,596700000.0,121950000.0,27100000.0,117300000.0,62.798004987531165,19.869230769230768,79.47692307692307,1.4331665475339528,4.529616724738676,1.132404181184669,0.0602789023841655,0.4782835774494877,1996-07-22,0.49,bmo,,2025-04-25,1996-06-30,0.183673469387755,23.393174603174604,17625.396825396827
1996-03-31,MLM,USD,916076,1996-05-14,1996-05-14 00:00:00,1996,Q1,136500000.0,97800000.0,38700000.0,0.2835164835,500000,0.0,0.0,14700000.0,14900000.0,30100000.0,127900000.0,0.0,0.0,14900000.0,23500000.0,0.1721611722,8600000.0,0.063003663,-2000000.0,6600000.0,0.0483516484,2300000.0,4300000.0,0.0315018315,0.09,0.09,47777778,47777778,https://www.sec.gov/Archives/edgar/data/916076/000095014496002244/0000950144-96-002244-index.html,https://www.sec.gov/Archives/edgar/data/916076/,2.8569767308977827,0.0899999995813953,0.1318604645029746,-0.104651162303948,-0.0816279065970795,8.84930228442185,8.049767404419686,8.84930228442185,2.7544185918399133,1086944449.5,1222444449.5,63.1944447383721,7.962963,172.530865,-217.3888899,2.5708241473509936,2.5708241473509936,8.955636992673993,52.01891274468085,194.0388015079365,-244.4888899,0.0039560439376437,-0.0046000510902834,0.3112582781456953,0.1861912846632711,5.76595744680851,2.660377358490566,0.0,1.4651162790697674,0.0046920521120891,1.186046511627907,0.0,0.0036630036630036,0.0540464063384267,1.7936507936507935,0.0827838827838827,0.7583892617449665,0.0,4.233182850126624,0.0089878573997919,0.0064313490876458,-3.1395348691184424,149600000.0,384600000.0,-44300000.0,573900000.0,144250000.0,25850000.0,116600000.0,68.57142857142857,23.466257668711656,110.24539877300612,1.3125,3.835294117647059,0.8163606010016694,0.010170293282876,0.2365116268069226,1996-04-23,0.15,bmo,,2025-04-25,1996-03-31,-0.4,21.944603174603174,26752.380952380958
1995-12-31,MLM,USD,916076,1995-12-31,1995-12-30 19:00:00,1995,Q4,167400000.0,112900000.0,54500000.0,0.325567503,600000,0.0,0.0,14600000.0,14400000.0,29600000.0,142500000.0,0.0,0.0,14400000.0,39300000.0,0.2347670251,24900000.0,0.1487455197,-1100000.0,23800000.0,0.1421744325,7800000.0,16000000.0,0.0955794504,0.35,0.35,45731293,45882353,,,3.6605131632731225,0.3498698363940857,0.9424618717865686,-2.9367199392328573,-0.063413907846428,9.260617232055958,7.92236510784858,9.260617232055958,5.066552568281854,943436574.59,1178036574.59,14.74119647796875,5.635821831481481,21.88947968886311,-7.024844189054355,2.22771328120425,2.22771328120425,7.037255523237754,29.97548535852417,27.332635141299303,-8.77167963209233,0.0169592746676726,-0.1423519117417769,0.547107438016529,0.2935140613123891,5.969465648854962,1.814195037507213,0.0,2.69375,0.0054057688003206,0.31875,0.0,0.003584229390681,0.0775272358753483,4.11600928074246,1.05973715651135,12.319444444444445,0.0,8.538163696455612,0.0231592360242381,0.0219719857182092,-3.798821082972659,141100000.0,362300000.0,-51500000.0,594500000.0,168350000.0,24850000.0,113750000.0,99.19354838709675,20.885739592559787,90.3985828166519,0.9073170731707316,4.309160305343512,0.9955908289241624,0.037780401416765,3.879181811019426,1996-01-23,0.34,bmo,,2025-04-25,1995-12-31,0.0294117647058822,20.238253968253968,22682.53968253968
1995-09-30,MLM,USD,916076,1995-09-30,1995-09-29 20:00:00,1995,Q3,191100000.0,125000000.0,66100000.0,0.345892203,500000,0.0,0.0,14300000.0,14300000.0,29100000.0,154100000.0,0.0,0.0,14300000.0,51300000.0,0.2684458399,37000000.0,0.1936159079,-700000.0,36300000.0,0.1899529042,12900000.0,23400000.0,0.1224489796,0.51,0.51,45882353,45882353,,,4.164999994660256,0.5099999993461538,1.0439743576359304,0.625512819710881,-0.0523076922406311,8.994743578211867,8.2406410150761,8.994743578211867,2.2906410227043064,900670589.39,1008170589.39,9.622549031944445,4.713085240136055,18.80314382860125,31.382250501393727,2.1823857266537434,2.1823857266537434,5.275617945525903,19.65244813625731,21.047402701252608,35.12789510069686,0.025980641841373,0.0318651461900601,0.2546644051369033,0.142643865363735,2.09551656920078,1.3973973973973974,0.0,2.047008547008547,0.005662447580812,0.2179487179487179,0.0,0.0026164311878597,0.0469598262757871,0.4008350730688935,0.1004709576138147,1.3426573426573427,0.0,10.159462703689336,0.0371746254199212,0.0333238393620051,-3.3847435854041747,79400000.0,378100000.0,-44900000.0,493200000.0,134000000.0,24700000.0,117400000.0,71.67974882260596,16.919999999999998,82.15199999999999,1.2555847568988174,5.319148936170213,1.0955302366345312,0.0566997819239156,0.4184615379250493,1995-10-23,0.56,bmo,,2025-04-25,1995-09-30,-0.0892857142857143,19.56936507936508,34317.46031746032
1995-06-30,MLM,USD,916076,1995-06-30,1995-06-29 20:00:00,1995,Q2,175900000.0,115900000.0,60000000.0,0.3411028994,400000,0.0,0.0,14700000.0,13800000.0,28900000.0,144800000.0,0.0,0.0,13800000.0,44900000.0,0.2552586697,31100000.0,0.1768050028,0.0,31100000.0,0.1768050028,11100000.0,20000000.0,0.1137009665,0.43,0.43,46511628,46511628,,,3.7818499924363,0.42999999914,0.4364499991271,0.0365499999269,-0.0687999998624,8.4774499830451,7.1831499856337,8.4774499830451,2.3606999952786,930232560.0,1043232560.0,11.627907,5.2884170551449685,45.82426403940887,547.1956235294118,2.3592,2.3592,5.930827515633883,23.234578173719378,51.39076650246305,613.6662117647058,0.021499999957,0.001827499996345,0.2784681714430637,0.1559880664867168,2.516703786191537,1.2652239557121288,0.0,1.015,0.00537499998925,0.25,0.0,0.0022740193291642,0.0855235118624804,0.916256157635468,0.1057418988061398,1.3478260869565215,0.0,9.056452308819535,0.0325785958625183,0.0310703743980114,-3.5603999928792,52700000.0,334100000.0,-58200000.0,486200000.0,110100000.0,26100000.0,115550000.0,59.24957362137578,20.11216566005177,93.72735116479724,1.5189982728842832,4.474903474903475,0.96023198011599,0.0507227998985544,0.3998999992002,1995-07-24,0.45,bmo,,2025-04-25,1995-06-30,-0.0444444444444444,20.625396825396823,11984.126984126984
1995-03-31,MLM,USD,916076,1995-03-31,1995-03-30 19:00:00,1995,Q1,129900000.0,87700000.0,42200000.0,0.324865281,400000,0.0,0.0,14100000.0,13200000.0,27700000.0,115400000.0,0.0,0.0,13200000.0,27700000.0,0.2132409546,14500000.0,0.1116243264,-1900000.0,12600000.0,0.0969976905,4400000.0,8200000.0,0.0631254811,0.18,0.18,45555556,45555556,,,2.8514633868149915,0.1799999982439024,0.3797560938560381,0.0395121947364663,-0.1821951201737061,8.328292601675194,7.101219442914933,8.328292601675194,2.552926804361689,871477786.28,996077786.28,26.569444703658537,6.708835922093918,50.3744385132948,484.1543257111111,2.296989420875066,2.296989420875066,7.668035306235565,35.95948686931408,57.57675065202312,553.3765479333333,0.0094093046651282,0.0020654571216135,0.3065366367949393,0.1734267819862809,4.498194945848375,1.218201170835551,0.0,2.109756097560976,0.0058521285112382,0.6219512195121951,0.0,0.0030792917628945,0.0833581866984789,0.8959537572254336,0.1193225558121632,1.1742424242424243,0.0,5.807717684918528,0.0158383819008189,0.013339840572637,-3.643902403474123,41000000.0,323500000.0,-62300000.0,463700000.0,104200000.0,22750000.0,89700000.0,72.33256351039262,26.989737742303305,113.29532497149371,1.2442528735632183,3.334600760456274,0.7943840579710145,0.0216130732735898,0.3402438991195717,1995-04-24,0.12,bmo,,2025-04-25,1995-03-31,0.5,18.71031746031746,32401.5873015873
1994-12-31,MLM,USD,916076,1994-12-31,1994-12-30 19:00:00,1994,Q4,125100000.0,81100000.0,44000000.0,0.3517186251,0,0.0,0.0,13200000.0,11100000.0,24300000.0,105400000.0,0.0,0.0,11100000.0,30800000.0,0.2462030376,19700000.0,0.1574740208,500000.0,20200000.0,0.1614708233,7200000.0,13000000.0,0.1039168665,0.28,0.28,46041667,46041667,,,2.7171040527268486,0.2823529391322864,0.6385520315760939,0.310588233045515,-0.0477828050839253,8.173031615036875,7.302081395098053,8.173031615036875,2.3978280369388014,817239589.25,929839589.25,15.716145947115384,6.532690561550759,27.797264940476197,57.149621625874126,2.171776745283019,2.171776745283019,7.432770497601918,30.18959705357143,31.627196913265305,65.0237475,0.0159072078384386,0.0174979286222825,0.2933829391442997,0.1858898804512544,3.655844155844156,3.381294964028777,0.0,2.261538461538461,0.0062405199981567,0.3923076923076923,0.0,0.0,0.0675197844755009,0.5136054421768708,0.1207034372501998,1.3603603603603605,0.0,7.205746922273366,0.0232627849940957,0.0234741784037558,-2.3304977206841797,132400000.0,336200000.0,-29600000.0,464100000.0,114850000.0,22600000.0,67950000.0,74.82014388489209,21.307028360049323,76.57213316892725,1.202884615384615,4.223958333333333,1.1753623188405795,0.0345469040659048,0.3279637985305788,1995-01-23,0.26,bmo,,2025-04-25,1994-12-31,0.0769230769230769,19.424761904761905,29434.92063492064
1994-09-30,MLM,USD,916076,1994-09-30,1994-09-29 20:00:00,1994,Q3,144600000.0,88800000.0,55800000.0,0.3858921162,0,0.0,0.0,10900000.0,11200000.0,22100000.0,110900000.0,0.0,0.0,11200000.0,44900000.0,0.3105117566,33700000.0,0.2330567082,600000.0,34300000.0,0.2372060858,12200000.0,22100000.0,0.152835408,0.48,0.48,46041667,46041667,,,3.140633461425278,0.4799999965248869,0.7666968270284392,0.6906787280312853,-0.0608144791977232,8.029683199785099,7.154389088475011,8.029683199785099,2.415203602423865,920833340.0,1034833340.0,10.416666742081448,6.36814204702628,26.08593031161473,28.957023270440253,2.490758290505815,2.490758290505815,7.156523789764869,23.047513140311803,29.315392067988668,32.54192893081761,0.0239999998262443,0.0345339364015642,0.3007844197998377,0.1839232550446576,2.538975501113586,2.8254847645429364,0.0,1.5972850678733033,0.0055,0.2291666683257918,0.0,0.0,0.0666556400926232,0.0991501416430594,0.0242047026279391,0.3125,0.0,9.312388411671725,0.0402920970100523,0.0391635654793549,-2.3885972677748613,131800000.0,329400000.0,-30900000.0,456900000.0,110500000.0,30100000.0,68300000.0,78.23651452282158,26.35135135135135,67.80405405405406,1.1503579952267302,3.4153846153846152,1.3273542600896862,0.0597781985393562,0.076018098997154,1994-10-19,0.52,bmo,,2025-04-25,1994-09-30,-0.0769230769230769,20.6759375,35137.5
1994-06-30,MLM,USD,916076,1994-06-30,1994-06-29 20:00:00,1994,Q2,136700000.0,85800000.0,50900000.0,0.3723482078,500000,0.0,0.0,10900000.0,10400000.0,21800000.0,107600000.0,0.0,0.0,10400000.0,39500000.0,0.2889539137,29100000.0,0.2128749086,-500000.0,28600000.0,0.2092172641,10100000.0,18500000.0,0.1353328456,0.4,0.4,46250000,46250000,,,2.955675675675676,0.4,0.5427027027027027,0.2162162162162162,-0.134054054054054,7.623783783783784,6.754594594594595,7.623783783783784,2.4605405405405407,1017500000.0,1137500000.0,13.75,7.443306510607169,40.537848605577686,101.75,2.8857061826432218,2.8857061826432218,8.32114118507681,28.79746835443038,45.31872509960159,113.75,0.0181818181818181,0.0098280098280098,0.3227453204764606,0.1933729821580289,3.037974683544304,2.4163319946452475,0.0,1.3567567567567569,0.0,0.0,0.0,0.0036576444769568,0.0683092608326253,0.601593625498008,0.1104608632040965,1.4519230769230769,0.0,8.28336007028875,0.036025696791247,0.0337406529272296,-2.935675675675676,105800000.0,312400000.0,-55400000.0,428800000.0,86300000.0,27700000.0,69650000.0,62.74323335771763,35.87412587412587,73.1118881118881,1.434417628541448,2.508771929824561,1.230989956958393,0.0524673851389676,0.3264864864864865,1994-06-29,,bmo,,2025-04-25,1994-06-30,,21.231774193548382,56350.0
1994-03-31,MLM,USD,916076,1994-03-31,1994-03-30 19:00:00,1994,Q1,95300000.0,64000000.0,31300000.0,0.3284365163,500000,0.0,0.0,11200000.0,10100000.0,21800000.0,85800000.0,0.0,0.0,10100000.0,19600000.0,0.2056663169,9500000.0,0.0996852046,-2200000.0,7300000.0,0.0766002099,2600000.0,100000.0,0.0010493179,0.0022,0.0022,46148000,46148000,,,2.065094912022189,0.0021669411458784,-0.2231949380254832,-0.5113981104273208,-0.1235156453150732,7.239750368379995,6.368640027736847,7.239750368379995,2.500650082343764,1015256000.0,1136356000.0,2538.14,10.653263378803777,-98.56854368932038,-43.01932203389831,3.0387788087398984,3.0387788087398984,11.92398740818468,57.97734693877551,-110.32582524271844,-48.150677966101696,9.84973248126581e-05,-0.0232453686557873,0.3454055671954504,0.2087176704648218,6.178571428571429,2.7221269296740997,0.0,-2.191489361702128,0.0,0.0,0.0,0.0052465897166841,0.0727075420510038,-1.2912621359223302,0.1395592864637985,1.316831683168317,0.0,0.5941233386936238,0.0121454296190714,0.0001950458357714,-2.854403224408425,100400000.0,293900000.0,-60100000.0,419200000.0,,,,73.00104931794333,29.8125,97.875,1.2328589909443726,3.018867924528302,0.9195402298850576,0.0002993115833582,0.2882031724018375,1994-07-25,0.39,bmo,,2025-04-25,1994-03-31,0.0256410256410256,23.193666666666665,321083.4
