date,symbol,reportedCurrency,cik,fillingDate,acceptedDate,calendarYear,period,revenue,costOfRevenue,grossProfit,grossProfitRatio,researchAndDevelopmentExpenses,generalAndAdministrativeExpenses,sellingAndMarketingExpenses,sellingGeneralAndAdministrativeExpenses,otherExpenses,operatingExpenses,costAndExpenses,interestIncome,interestExpense,depreciationAndAmortization,ebitda,ebitdaratio,operatingIncome,operatingIncomeRatio,totalOtherIncomeExpensesNet,incomeBeforeTax,incomeBeforeTaxRatio,incomeTaxExpense,netIncome,netIncomeRatio,eps,epsdiluted,weightedAverageShsOut,weightedAverageShsOutDil,link,finalLink,revenuePerShare,netIncomePerShare,operatingCashFlowPerShare,freeCashFlowPerShare,cashPerShare,bookValuePerShare,tangibleBookValuePerShare,shareholdersEquityPerShare,interestDebtPerShare,marketCap,enterpriseValue,peRatio,priceToSalesRatio,pocfratio,pfcfRatio,pbRatio,ptbRatio,evToSales,enterpriseValueOverEBITDA,evToOperatingCashFlow,evToFreeCashFlow,earningsYield,freeCashFlowYield,debtToEquity,debtToAssets,netDebtToEBITDA,currentRatio,interestCoverage,incomeQuality,dividendYield,payoutRatio,salesGeneralAndAdministrativeToRevenue,researchAndDdevelopementToRevenue,intangiblesToTotalAssets,capexToOperatingCashFlow,capexToRevenue,capexToDepreciation,stockBasedCompensationToRevenue,grahamNumber,roic,returnOnTangibleAssets,grahamNetNet,workingCapital,tangibleAssetValue,netCurrentAssetValue,investedCapital,averageReceivables,averagePayables,averageInventory,daysSalesOutstanding,daysPayablesOutstanding,daysOfInventoryOnHand,receivablesTurnover,payablesTurnover,inventoryTurnover,roe,capexPerShare,report_date,epsEstimated,time,revenueEstimated,updatedFromDate,fiscalDateEnding,surprise(%),QuarterAvgPrice,QuarterAvgVolume
2025-03-31,MMC,USD,62709,2025-04-17,2025-04-17 16:09:17,2025,Q1,7061000000.0,3850000000.0,3211000000.0,0.4547514516,0,0.0,0.0,0.0,1206000000.0,1206000000.0,5056000000.0,19000000.0,245000000.0,227000000.0,2299000000.0,0.325591276,2005000000.0,0.2839541141,-178000000.0,1827000000.0,0.2587452202,415000000.0,1381000000.0,0.1955813624,2.81,2.79,492000000,495000000,https://www.sec.gov/Archives/edgar/data/62709/000006270925000028/0000062709-25-000028-index.htm,https://www.sec.gov/Archives/edgar/data/62709/000006270925000028/mmc-20250331.htm,14.351626016260164,2.8069105691056917,-1.2642276422764227,-1.3760162601626016,3.2601626016260163,29.0,-28.46747967479675,28.58739837398374,46.0650406504065,120062760000.0,140877760000.0,21.73475018102824,17.003648208469055,-193.0269453376206,-177.34528803545052,8.53627870600782,8.53627870600782,19.951530944625407,61.277842540234886,-226.49157556270097,-208.0912259970458,0.0115023176212174,-0.0056387176173527,1.5939566299324563,0.3932123125493291,9.053936494127882,1.13582806573957,8.183673469387756,-0.4405099150141643,0.0033732357976778,0.2932657494569153,0.0,0.0,0.4959045865123213,-0.0884244372990353,0.0077892649766322,0.2422907488986784,0.0158617759524146,42.4906000120182,0.0394955293152317,0.0480498242928221,-71.6239837398374,2686000000.0,-14006000000.0,-20286000000.0,33277000000.0,7514000000.0,3426000000.0,0.0,100.33706273898882,80.64935064935065,0.0,0.8969766260162602,1.115942028985507,0.0,0.0981869889797369,0.1117886178861788,2025-04-17,3.02,bmo,7076856938.0,2025-05-11,2025-03-31,0.0132450331125827,226.896,2060175.3333333333
2024-12-31,MMC,USD,62709,2025-02-10,2025-02-10 16:05:24,2024,Q4,6067000000.0,3630000000.0,2437000000.0,0.4016812263,0,0.0,0.0,3630000000.0,1295000000.0,4925000000.0,4925000000.0,22000000.0,231000000.0,201000000.0,1441000000.0,0.2375144223,1142000000.0,0.1882314159,-133000000.0,1009000000.0,0.1663095434,208000000.0,788000000.0,0.1298829735,1.6,1.59,492000000,496000000,https://www.sec.gov/Archives/edgar/data/62709/000006270925000015/0000062709-25-000015-index.htm,https://www.sec.gov/Archives/edgar/data/62709/000006270925000015/mmc-20241231.htm,12.33130081300813,1.6016260162601623,3.975609756097561,3.821138211382114,4.873983739837398,27.510162601626018,-29.65650406504065,27.117886178861788,44.90447154471545,104505720000.0,123969720000.0,33.15536802030457,17.225271138948408,53.42828220858895,55.58814893617021,7.832837655523909,7.832837655523909,20.433446513927805,86.03034004163776,63.37920245398773,65.94134042553192,0.0075402571265955,0.0179894459365477,1.6385849198021287,0.3870682176307076,13.507286606523248,1.1331591351572907,4.943722943722944,2.441947565543072,0.0038562482512918,0.5114213197969543,0.0,0.0,0.4979727696039376,0.0388548057259713,0.012526784242624,0.3781094527363184,0.0140102192187242,31.260774466190945,0.0239792301743902,0.0277905131370128,-71.5060975609756,2599000000.0,-14591000000.0,-20829000000.0,33082000000.0,7289000000.0,3250500000.0,0.0,106.15460688973134,84.34710743801652,0.0,0.8478200111794298,1.0670194003527338,0.0,0.0590616099535302,0.1544715447154471,2025-01-30,1.76,bmo,5960837807.0,2025-04-30,2024-12-31,0.0625,221.85203125,1805441.09375
2024-09-30,MMC,USD,62709,2024-10-17,2024-10-17 16:17:43,2024,Q3,5697000000.0,3442000000.0,2255000000.0,0.3958223626,0,0.0,0.0,0.0,1147000000.0,1147000000.0,4589000000.0,12000000.0,154000000.0,180000000.0,1437000000.0,0.25223802,1108000000.0,0.1944883272,-73000000.0,1035000000.0,0.1816745656,283000000.0,747000000.0,0.131121643,1.52,1.51,492000000,496000000,https://www.sec.gov/Archives/edgar/data/62709/000006270924000092/0000062709-24-000092-index.htm,https://www.sec.gov/Archives/edgar/data/62709/000006270924000092/mmc-20240930.htm,11.579268292682928,1.5182926829268293,3.886178861788618,3.737804878048781,3.654471544715447,28.215447154471544,-14.376016260162602,27.821138211382117,30.351626016260163,109760280000.0,122741280000.0,36.73369477911647,19.26632964718273,57.40600418410042,59.68476345840131,8.018722969023964,8.018722969023964,21.544897314375987,85.41494780793319,64.19523012552301,66.74349102773246,0.0068057406559094,0.0167546948677609,1.0797048509643483,0.2963861703834429,9.03340292275574,1.1368088145276474,7.194805194805195,2.5595716198125835,0.0036807486278278,0.5408299866131191,0.0,0.0,0.4202430611262634,0.0381799163179916,0.0128137616289275,0.4055555555555555,0.0157977883096366,30.82878829898028,0.0258930112742134,0.0258397038984399,-58.165650406504064,2682000000.0,-7073000000.0,-13696000000.0,26008000000.0,7580500000.0,3152000000.0,0.0,117.25118483412322,81.03137710633352,0.0,0.7675828617623283,1.1106808647950952,0.0,0.0545733489187609,0.1483739837398374,2024-10-17,1.61,bmo,5710287724.0,2025-04-24,2024-09-30,0.012422360248447,221.975625,1623330.109375
2024-06-30,MMC,USD,62709,2024-07-18,2024-07-18 16:18:20,2024,Q2,6222000000.0,3454000000.0,2768000000.0,0.4448730312,0,0.0,0.0,0.0,66000000.0,1125000000.0,4439000000.0,12000000.0,156000000.0,176000000.0,1905000000.0,0.306171649,1783000000.0,0.2865638059,-77000000.0,1565000000.0,0.2515268402,425000000.0,1125000000.0,0.1808100289,2.29,2.27,492000000,496000000,https://www.sec.gov/Archives/edgar/data/62709/000006270924000071/0000062709-24-000071-index.htm,https://www.sec.gov/Archives/edgar/data/62709/000006270924000071/mmc-20240630.htm,12.646341463414634,2.2865853658536586,2.4695121951219514,2.3069105691056917,3.359756097560976,27.571138211382117,-13.392276422764228,27.16869918699187,31.6890243902439,103443000000.0,117225000000.0,22.98733333333333,16.62536162005786,85.13827160493827,91.13920704845816,7.738684820827411,7.738684820827411,18.840405014464803,61.53543307086614,96.48148148148148,103.2819383259912,0.0108755546532873,0.0109722262502054,1.1547093588688562,0.3176514169290609,7.234645669291338,1.1674088210347753,11.42948717948718,1.08,0.0034028402115174,0.3128888888888889,0.0,0.0,0.4147681669444959,0.0658436213991769,0.0128576020572163,0.4545454545454545,0.0144648023143683,37.38689441944537,0.0410986242024153,0.0395611351408376,-56.03404471544715,3158000000.0,-6589000000.0,-13004000000.0,25659000000.0,7477500000.0,3292000000.0,0.0,111.94310511089682,83.51187029530979,0.0,0.8039798423568937,1.077691107644306,0.0,0.0841624897134734,0.1626016260162601,2024-07-18,2.4,bmo,6306700567.0,2025-04-24,2024-06-30,0.0041666666666667,205.42444444444445,1725202.888888889
2024-03-31,MMC,USD,62709,2024-04-18,2024-04-18 16:48:58,2024,Q1,6474000000.0,3470000000.0,3004000000.0,0.4640098857,0,0.0,0.0,0.0,-4241000000.0,4241000000.0,4430000000.0,37000000.0,159000000.0,189000000.0,2205000000.0,0.3405931418,2044000000.0,0.3157244362,-54000000.0,1871000000.0,0.2890021625,447000000.0,1400000000.0,0.2162496138,2.85,2.82,492000000,497000000,https://www.sec.gov/Archives/edgar/data/62709/000006270924000037/0000062709-24-000037-index.htm,https://www.sec.gov/Archives/edgar/data/62709/000006270924000037/mmc-20240331.htm,13.158536585365852,2.845528455284553,-1.5873983739837398,-1.7642276422764227,2.951219512195122,25.65447154471545,-14.884146341463415,25.247967479674795,31.58130081300813,100313880000.0,114240880000.0,17.913192857142857,15.494884151992586,-128.44286811779767,-115.5689861751152,8.075501529544356,8.075501529544356,17.64610441767068,51.80992290249433,-146.27513444302176,-131.61391705069124,0.0139561942973395,-0.0086528404643504,1.238045403316696,0.3232783990582695,6.31609977324263,1.1414255091103966,12.855345911949684,-0.5578571428571428,0.0035289234151844,0.2528571428571428,0.0,0.0,0.41925922811738,-0.1113956466069142,0.0134383688600556,0.4603174603174603,0.0159097930182267,40.20554343351246,0.0506715946191652,0.0506750642487421,-57.08536585365854,2639000000.0,-7323000000.0,-13651000000.0,24955000000.0,6817000000.0,3391000000.0,5397000000.0,100.31510658016684,87.63976945244957,0.0,0.8971729490022173,1.0269310446877775,0.0,0.1127032683947834,0.1768292682926829,2024-04-18,2.8,bmo,6384363959.0,2025-04-24,2024-03-31,0.0321428571428572,199.29901639344263,1681756.9016393442
2023-12-31,MMC,USD,62709,2024-02-12,2024-02-12 17:08:40,2023,Q4,5554000000.0,3268000000.0,2286000000.0,0.4115952467,0,0.0,0.0,0.0,59000000.0,1183000000.0,4451000000.0,38000000.0,151000000.0,186000000.0,1583000000.0,0.2850198055,1103000000.0,0.1985956068,-55000000.0,1048000000.0,0.188692834,283000000.0,756000000.0,0.1361181131,1.53,1.52,493000000,498000000,https://www.sec.gov/Archives/edgar/data/62709/000006270924000016/0000062709-24-000016-index.htm,https://www.sec.gov/Archives/edgar/data/62709/000006270924000016/mmc-20231231.htm,11.265720081135903,1.5334685598377282,3.616632860040568,3.3732251521298173,3.5517241379310347,25.09127789046653,-15.1947261663286,24.72819472616633,31.616632860040568,93408710000.0,105486710000.0,30.88912367724868,16.81827691753691,52.38850813236119,56.1687973541792,7.662104011155771,7.662104011155771,18.992925819229384,66.63721415034745,59.162484576556366,63.43157546602526,0.0080934636609369,0.0178034789261087,1.2661799688294644,0.321382469290027,7.629816803537587,1.0986612781005305,7.304635761589404,2.330718954248366,0.003789796476153,0.4682539682539682,0.0,0.0,0.4135123880907766,0.0673022994952327,0.0216060496939142,0.6451612903225806,0.0162045372704357,29.20955247804606,0.0264173469638217,0.0268380134190067,-48.06997971602434,1953000000.0,-7491000000.0,-13912000000.0,24237000000.0,6469000000.0,3273000000.0,11311000000.0,104.00072020165646,93.71787025703794,297.2643818849449,0.8653786226238703,0.9603291213635028,0.3027607930331665,0.0620129603806086,0.2434077079107505,2024-01-25,1.63,bmo,5540050000.0,2025-04-24,2023-12-31,0.0306748466257669,193.23174603174604,1655004.380952381
2023-09-30,MMC,USD,62709,2023-10-19,2023-10-19 16:33:41,2023,Q3,5382000000.0,3287000000.0,2095000000.0,0.389260498,0,0.0,0.0,0.0,62000000.0,1099000000.0,4386000000.0,16000000.0,145000000.0,180000000.0,1238000000.0,0.2300260126,996000000.0,0.1850613155,-66000000.0,930000000.0,0.1727982163,192000000.0,730000000.0,0.1356373096,1.48,1.46,494000000,499000000,https://www.sec.gov/Archives/edgar/data/62709/000006270923000096/0000062709-23-000096-index.htm,https://www.sec.gov/Archives/edgar/data/62709/000006270923000096/mmc-20230930.htm,10.894736842105264,1.4777327935222673,3.663967611336032,3.4392712550607287,5.872469635627531,23.45344129554656,-15.317813765182189,23.08906882591093,31.86234817813765,94008200000.0,106702200000.0,32.19458904109589,17.467149758454106,51.9382320441989,55.33148911124191,8.241995440995968,8.241995440995968,19.825752508361205,86.1891760904685,58.95149171270718,62.8029429075927,0.0077652800500381,0.018072891513719,1.3672628441171313,0.3248958333333333,10.253634894991922,1.0812424168891046,6.86896551724138,2.452574525745258,0.0037549915858403,0.4835616438356164,0.0,0.0,0.3990208333333333,0.0613259668508287,0.0206243032329988,0.6166666666666667,0.0152359717577108,27.70718623315399,0.0264613543656763,0.0253059243595521,-45.969635627530366,1674000000.0,-7567000000.0,-14135000000.0,23205000000.0,6753000000.0,3140000000.0,11696000000.0,109.03010033444816,86.057195010648,323.8576209309401,0.8254601226993865,1.045816099268215,0.2778998985458235,0.0640014027704716,0.2246963562753036,2023-10-19,1.39,bmo,5524730000.0,2025-04-24,2023-09-30,0.0575539568345324,191.65809523809523,1392091.634920635
2023-06-30,MMC,USD,62709,2023-07-20,2023-07-20 16:16:11,2023,Q2,5876000000.0,3337000000.0,2539000000.0,0.4320966644,0,0.0,0.0,0.0,1082000000.0,1082000000.0,4419000000.0,10000000.0,146000000.0,178000000.0,1705000000.0,0.2901633764,1457000000.0,0.2479577944,-73000000.0,1384000000.0,0.2355343771,337000000.0,1035000000.0,0.1761402314,2.09,2.07,495000000,499000000,https://www.sec.gov/Archives/edgar/data/62709/000006270923000075/0000062709-23-000075-index.htm,https://www.sec.gov/Archives/edgar/data/62709/000006270923000075/mmc-20230630.htm,11.87070707070707,2.090909090909091,2.997979797979798,2.793939393939394,2.3656565656565656,24.523232323232325,-14.12121212121212,24.523232323232325,29.85050505050505,93099600000.0,106558600000.0,22.487826086956524,15.844043567052417,62.7355795148248,67.317136659436,7.669462064420463,7.669462064420463,18.134547311095982,62.49771260997068,71.80498652291105,77.04887924801157,0.0111171261745485,0.0148550584535271,1.2052063596671885,0.3141777262380277,7.893841642228739,1.0499167213445717,9.97945205479452,1.41738299904489,0.003168649489364,0.2850241545893719,0.0,0.0,0.4107932826525791,0.0680592991913746,0.0171885636487406,0.5674157303370787,0.0156569094622191,33.966256955547045,0.0370545522417353,0.0377227831031089,-44.91818181818182,989000000.0,-6990000000.0,-13625000000.0,22557000000.0,6843000000.0,3271500000.0,5782000000.0,107.00136147038802,84.6059334731795,311.8849265807612,0.8411107930146007,1.0637551801083838,0.2885679695607056,0.0852623774610758,0.204040404040404,2023-07-20,2.12,bmo,5760530000.0,2025-04-24,2023-06-30,0.0377358490566038,177.4575806451613,1716597.8870967743
2023-03-31,MMC,USD,62709,2023-04-20,2023-04-20 09:18:11,2023,Q1,5924000000.0,3207000000.0,2717000000.0,0.4586428089,0,0.0,0.0,0.0,991000000.0,991000000.0,4198000000.0,14000000.0,136000000.0,169000000.0,1919000000.0,0.3239365294,1726000000.0,0.2913571911,-62000000.0,1664000000.0,0.2808912897,412000000.0,1235000000.0,0.2084740041,2.49,2.47,495000000,500000000,https://www.sec.gov/Archives/edgar/data/62709/000006270923000036/0000062709-23-000036-index.htm,https://www.sec.gov/Archives/edgar/data/62709/000006270923000036/mmc-20230331.htm,11.967676767676767,2.494949494949495,-1.6545454545454543,-1.824242424242424,2.0323232323232325,22.618181818181817,-15.264646464646464,22.618181818181817,30.53939393939394,82442250000.0,96417250000.0,16.68871457489879,13.916652599594867,-100.66208791208793,-91.29817275747509,7.363545016077171,7.363545016077171,16.275700540175556,50.24348619072433,-117.72557997557998,-106.77436323366555,0.0149801830978654,-0.010953121730666,1.338067166845302,0.4360265440363234,7.282438770192809,1.1515036643922163,12.691176470588236,-0.6541533546325878,0.0035903920623224,0.2396761133603238,0.0,0.0,0.5457826415972991,-0.1025641025641025,0.0141796083727211,0.4970414201183432,0.0167116812964213,35.6328848023682,0.0445246010375266,0.0791362296552607,-34.60808080808081,1199000000.0,-7556000000.0,-14049000000.0,22404000000.0,6276000000.0,3342000000.0,0.0,101.78933153274814,95.5846585594013,0.0,0.8841791044776119,0.9415736934820904,0.0,0.1103072525902107,0.1696969696969697,2023-04-20,2.47,bmo,5866180000.0,2025-04-24,2023-03-31,0.0242914979757083,166.59016129032258,1652409.2096774194
2022-12-31,MMC,USD,62709,2023-02-13,2023-02-13 17:03:20,2022,Q4,5022000000.0,3038000000.0,1984000000.0,0.3950617284,0,0.0,0.0,0.0,1304000000.0,1304000000.0,4342000000.0,9000000.0,127000000.0,202000000.0,1395000000.0,0.2777777778,544000000.0,0.1083233771,-67000000.0,613000000.0,0.1220629231,142000000.0,466000000.0,0.0927917164,0.94,0.93,496000000,501000000,https://www.sec.gov/Archives/edgar/data/62709/000006270923000014/0000062709-23-000014-index.htm,https://www.sec.gov/Archives/edgar/data/62709/000006270923000014/mmc-20221231.htm,10.125,0.939516129032258,3.028225806451613,2.8205645161290325,2.907258064516129,21.671370967741936,-16.20766129032258,21.671370967741936,27.41733870967742,82078080000.0,94108080000.0,44.03330472103004,16.343703703703703,54.64585885486018,58.66910650464617,7.63588054702763,7.63588054702763,18.73916367980884,67.46098924731183,62.65517976031958,67.2681057898499,0.0056775207217322,0.0170447456860589,1.2533258907805378,0.4027022179709452,8.623655913978494,1.1571388733965422,4.283464566929134,3.18895966029724,0.0036306892169017,0.6394849785407726,0.0,0.0,0.5616069827225444,0.0685752330226364,0.0205097570688968,0.5099009900990099,0.016726403823178,21.403587494968846,0.0153840149718916,0.0317741715532524,-34.020161290322584,1127000000.0,-8039000000.0,-14406000000.0,22348000000.0,5835500000.0,3090500000.0,0.0,104.87455197132616,97.10994075049376,0.0,0.8581681476418318,0.926784624771202,0.0,0.0433528700344218,0.2076612903225806,2023-01-26,1.4,bmo,5227430202.0,2025-04-24,2022-12-31,0.05,163.51380952380953,1679077.603174603
2022-09-30,MMC,USD,62709,2022-10-20,2022-10-20 16:15:28,2022,Q3,4770000000.0,2923000000.0,1847000000.0,0.38721174,0,0.0,0.0,0.0,1056000000.0,1056000000.0,3979000000.0,4000000.0,118000000.0,169000000.0,1017000000.0,0.2132075472,791000000.0,0.1658280922,-58000000.0,733000000.0,0.1536687631,181000000.0,546000000.0,0.1144654088,1.1,1.09,498000000,503000000,https://www.sec.gov/Archives/edgar/data/62709/000006270922000081/0000062709-22-000081-index.htm,https://www.sec.gov/Archives/edgar/data/62709/000006270922000081/mmc-20220930.htm,9.578313253012048,1.0963855421686748,2.77710843373494,2.5200803212851404,1.6104417670682731,19.660642570281123,-16.44176706827309,19.20682730923695,26.91164658634538,74346420000.0,86828420000.0,34.0414010989011,15.586251572327043,53.75735357917571,59.24017529880478,7.772756926293778,7.772756926293778,18.20302306079665,85.37701081612586,62.78266088214028,69.18599203187252,0.0073439985408846,0.0168804362066122,1.388813382122321,0.4148268432064453,12.273352999016716,1.0386725178277565,6.703389830508475,2.505434782608696,0.0039410102060058,0.5366300366300366,0.0,0.0,0.5614402148455797,0.0925524222704266,0.0268343815513626,0.757396449704142,0.0186582809224318,21.76710763715524,0.0226545232931721,0.0388778125890059,-34.26857429718876,282000000.0,-8188000000.0,-14658000000.0,20741000000.0,6052500000.0,2966000000.0,0.0,109.79245283018868,89.38419432090319,0.0,0.819728475683107,1.0068894247330349,0.0,0.0570831155253528,0.2570281124497992,2022-10-20,1.14,bmo,4875203297.0,2025-04-24,2022-09-30,0.0350877192982456,160.448125,1658819.78125
2022-06-30,MMC,USD,62709,2022-07-21,2022-07-21 16:24:06,2022,Q2,5379000000.0,3010000000.0,2369000000.0,0.4404164343,0,0.0,0.0,0.0,1005000000.0,1005000000.0,4015000000.0,1000000.0,114000000.0,168000000.0,1591000000.0,0.2957798847,1364000000.0,0.2535787321,-52000000.0,1312000000.0,0.2439115077,334000000.0,967000000.0,0.179773192,1.93,1.91,501000000,506000000,https://www.sec.gov/Archives/edgar/data/62709/000006270922000066/0000062709-22-000066-index.htm,https://www.sec.gov/Archives/edgar/data/62709/000006270922000066/mmc-20220630.htm,10.736526946107784,1.9301397205588824,2.5588822355289422,2.325349301397205,1.81437125748503,21.790419161676645,-15.137724550898204,21.343313373253498,27.9001996007984,77780250000.0,90735250000.0,20.108647880041367,14.459983268265477,60.67102184087364,66.76416309012876,7.273940895913213,7.273940895913213,16.868423498791596,57.03032683846637,70.77632605304213,77.8843347639485,0.0124324619681731,0.0149780953391124,1.2965491443000094,0.4145933014354067,8.142677561282213,1.1643386545039909,11.964912280701755,1.3108384458077709,0.0035356019040823,0.2843846949327818,0.0,0.0,0.5532595693779905,0.0912636505460218,0.0217512548800892,0.6964285714285714,0.0165458263617772,30.445040326400843,0.0358481893707277,0.0647299015998393,-33.731536926147704,1153000000.0,-7584000000.0,-14354000000.0,22261000000.0,6124500000.0,3056500000.0,0.0,105.17568321249304,90.56810631229236,0.0,0.8557111040407254,0.9937273027401784,0.0,0.0904329935471804,0.2335329341317365,2022-07-21,1.86,bmo,5335884797.0,2025-04-24,2022-06-30,0.0161290322580644,160.25725806451615,1976741.7903225808
2022-03-31,MMC,USD,62709,2022-04-21,2022-04-21 16:19:08,2022,Q1,5549000000.0,3100000000.0,2449000000.0,0.4413407821,0,0.0,0.0,0.0,1004000000.0,1004000000.0,4104000000.0,1000000.0,110000000.0,180000000.0,1687000000.0,0.3040187421,1445000000.0,0.2604072806,-21000000.0,1424000000.0,0.2566228149,338000000.0,1071000000.0,0.1930077491,2.13,2.1,503000000,509000000,https://www.sec.gov/Archives/edgar/data/62709/000006270922000025/0000062709-22-000025-index.htm,https://www.sec.gov/Archives/edgar/data/62709/000006270922000025/mmc-20220331.htm,11.031809145129223,2.129224652087476,-1.3956262425447317,-1.6381709741550696,1.5347912524850895,22.178926441351887,-15.542743538767397,21.743538767395627,27.86282306163022,85721260000.0,98854260000.0,20.009631185807653,15.448055505496486,-122.11005698005695,-104.03065533980582,7.83773063911493,7.83773063911493,17.81478825013516,58.59766449318317,-140.81803418803418,-119.96876213592232,0.0124939834062168,-0.0096125511920846,1.2713724055956843,0.4127582521966279,7.784825133372851,1.1823288295126766,13.136363636363637,-0.6464088397790055,0.0031730751507852,0.2539682539682539,0.0,0.0,0.5632272619330325,-0.1737891737891738,0.0219859434132276,0.6777777777777778,0.0189223283474499,32.275064248751946,0.0380609052095807,0.0727878211227402,-34.36928429423459,1201000000.0,-7818000000.0,-14744000000.0,22865000000.0,5774500000.0,3124500000.0,0.0,96.71472337358082,89.53548387096774,0.0,0.930571859802113,1.0051880674448768,0.0,0.0979244765474993,0.2425447316103379,2022-04-21,2.14,bmo,5488693312.0,2025-04-24,2022-03-31,0.0747663551401867,157.64306451612904,2286958.7580645164
2021-12-31,MMC,USD,62709,2022-02-16,2022-02-16 16:46:23,2021,Q4,5137000000.0,2905000000.0,2232000000.0,0.4344948413,0,0.0,0.0,0.0,66000000.0,1246000000.0,4151000000.0,0.0,109000000.0,178000000.0,1393000000.0,0.2711699435,986000000.0,0.1919408215,-25000000.0,961000000.0,0.1870741678,154000000.0,803000000.0,0.1563169165,1.59,1.57,504000000,511000000,https://www.sec.gov/Archives/edgar/data/62709/000006270922000009/0000062709-22-000009-index.htm,https://www.sec.gov/Archives/edgar/data/62709/000006270922000009/mmc-20211231.htm,10.192460317460318,1.593253968253968,2.861111111111111,2.587301587301587,3.4761904761904763,22.265873015873016,-15.68452380952381,22.265873015873016,26.33134920634921,87605280000.0,99015280000.0,27.27437110834371,17.05378236324703,60.7526213592233,67.18196319018405,7.806565674567813,7.806565674567813,19.27492310687171,71.08060301507538,68.6652427184466,75.93196319018405,0.0091661141885511,0.0148849475739361,1.1728747103903048,0.3827497964406188,8.190954773869347,1.2419597234746018,9.045871559633028,1.7868649318463443,0.0031504950386552,0.3437110834371108,0.0,0.0,0.5562114691171339,0.0957004160887656,0.0268639283628576,0.7752808988764045,0.0165466225423398,28.25228817514644,0.029139319250524,0.0526177838935849,-34.17559523809524,1610000000.0,-7905000000.0,-14902000000.0,23452000000.0,5605000000.0,2999000000.0,0.0,97.86645902277594,98.05507745266782,0.0,0.9196204797708556,0.9178515007898894,0.0,0.0715558723935127,0.2738095238095238,2022-01-27,1.34,bmo,5527170000.0,2025-04-24,2021-12-31,0.0149253731343283,166.11234375,1771743.5
2021-09-30,MMC,USD,62709,2021-10-21,2021-10-21 16:07:21,2021,Q3,4583000000.0,2853000000.0,1730000000.0,0.3774819987,0,0.0,0.0,0.0,69000000.0,990000000.0,3843000000.0,1000000.0,107000000.0,179000000.0,988000000.0,0.2155793149,740000000.0,0.1614662885,-24000000.0,716000000.0,0.156229544,174000000.0,537000000.0,0.117172158,1.06,1.05,506000000,513000000,https://www.sec.gov/Archives/edgar/data/62709/000006270921000047/0000062709-21-000047-index.htm,https://www.sec.gov/Archives/edgar/data/62709/000006270921000047/mmc-20210930.htm,9.057312252964428,1.0612648221343874,2.616600790513834,2.3853754940711465,2.762845849802372,19.541501976284582,-16.49604743083004,19.23715415019763,25.869565217391305,76623580000.0,88208580000.0,35.67205772811918,16.719087933667904,57.87279456193354,63.48266777133389,7.871746455722211,7.871746455722211,19.24690813877373,89.27993927125506,66.62279456193353,73.08084507042254,0.0070082864830904,0.0157523310709314,1.3337785083213478,0.3936389545812868,11.725708502024291,1.1829103468989337,6.91588785046729,2.4428044280442807,0.003549821086407,0.5065176908752328,0.0,0.0,0.5528773270268631,0.0883685800604229,0.0255291293912284,0.6536312849162011,0.0189831987780929,21.4325357108201,0.0203571464100506,0.0364141859361226,-34.541501976284586,1218000000.0,-8347000000.0,-15217000000.0,22176000000.0,5731500000.0,2831500000.0,0.0,110.44294130482216,89.36908517350157,0.0,0.814900426742532,1.0070596540769503,0.0,0.0551674542839531,0.2312252964426877,2021-10-21,0.98,bmo,4430000000.0,2025-04-24,2021-09-30,0.1020408163265307,151.24546875,1861541.734375
2021-06-30,MMC,USD,62709,2021-07-22,2021-07-22 16:20:24,2021,Q2,5017000000.0,2860000000.0,2157000000.0,0.4299382101,0,0.0,0.0,0.0,71000000.0,929000000.0,3789000000.0,1000000.0,110000000.0,193000000.0,1492000000.0,0.2973888778,1228000000.0,0.2447677895,-19000000.0,1209000000.0,0.2409806657,382000000.0,820000000.0,0.1634442894,1.61,1.6,508000000,513000000,https://www.sec.gov/Archives/edgar/data/62709/000006270921000038/0000062709-21-000038-index.htm,https://www.sec.gov/Archives/edgar/data/62709/000006270921000038/mmc-20210630.htm,9.875984251968504,1.6141732283464567,2.279527559055118,2.118110236220472,1.748031496062992,20.20472440944882,-16.19685039370079,19.89763779527559,26.01771653543307,71465440000.0,83684440000.0,21.788243902439024,14.244656169025314,61.71454231433506,66.41769516728624,7.070185991294025,7.070185991294025,16.680175403627665,56.08876675603217,72.26635578583765,77.77364312267657,0.0114740775401368,0.0150562285770576,1.296695686584883,0.3977483081965223,8.189678284182305,1.3020976616231086,11.163636363636364,1.400241837968561,0.0033722593746012,0.2939024390243902,0.0,0.0,0.5611628683276181,0.0708117443868739,0.0163444289415985,0.4248704663212435,0.0195335858082519,26.88234123584738,0.0296431058856111,0.0567042389876218,-34.294783464566926,1757000000.0,-8228000000.0,-15116000000.0,23048000000.0,5718000000.0,2885000000.0,0.0,104.74586406218856,89.05594405594407,0.0,0.859222469600959,1.010600706713781,0.0,0.0811238622872971,0.1614173228346456,2021-07-22,1.43,bmo,4430000000.0,2025-04-24,2021-06-30,0.2237762237762238,134.0793650793651,1758614.142857143
2021-03-31,MMC,USD,62709,2021-04-27,2021-04-27 16:52:50,2021,Q1,5083000000.0,2807000000.0,2276000000.0,0.4477670667,0,0.0,0.0,0.0,71000000.0,918000000.0,3725000000.0,0.0,118000000.0,197000000.0,1626000000.0,0.3198898288,1358000000.0,0.26716506,-36000000.0,1322000000.0,0.2600826284,324000000.0,983000000.0,0.1933897305,1.93,1.91,509000000,514000000,https://www.sec.gov/Archives/edgar/data/62709/000006270921000015/0000062709-21-000015-index.htm,https://www.sec.gov/Archives/edgar/data/62709/000006270921000015/mmc-20210331.htm,9.986247544204325,1.931237721021611,-0.8015717092337917,-0.93713163064833,2.200392927308448,18.852652259332025,-16.63064833005894,18.534381139489195,26.654223968565816,61996200000.0,74325200000.0,15.76709053916582,12.196773558921896,-151.95147058823528,-129.97106918238993,6.571570913716345,6.571570913716345,14.622309659649812,45.710455104551045,-182.16960784313724,-155.8180293501048,0.0158558105174188,-0.0076940199560618,1.4255882976468095,0.4167260558361478,7.5824108241082415,1.2328923730197616,11.508474576271189,-0.4088176352705411,0.0038228149467225,0.2410986775178026,0.0,0.0,0.5596318904347287,-0.1691176470588235,0.0135746606334841,0.350253807106599,0.0153452685421994,28.37907080628951,0.0368119862306933,0.0691669012102448,-34.104616895874265,1426000000.0,-8465000000.0,-15128000000.0,22141000000.0,5461500000.0,2736000000.0,0.0,99.10092465079676,94.2643391521197,0.0,0.9081650884402358,0.9547619047619048,0.0,0.1041975832096671,0.1355599214145383,2021-04-27,1.71,bmo,4790830000.0,2025-04-24,2021-03-31,0.1637426900584795,115.16754098360656,1841993.9344262292
2020-12-31,MMC,USD,62709,2021-02-17,2021-02-17 17:07:13,2020,Q4,4416000000.0,2650000000.0,1766000000.0,0.3999094203,0,0.0,0.0,0.0,70000000.0,1195000000.0,3845000000.0,2000000.0,128000000.0,194000000.0,1175000000.0,0.2660778986,571000000.0,0.1293025362,-31000000.0,540000000.0,0.1222826087,161000000.0,374000000.0,0.084692029,0.74,0.73,507000000,513000000,https://www.sec.gov/Archives/edgar/data/62709/000006270921000008/0000062709-21-000008-index.htm,https://www.sec.gov/Archives/edgar/data/62709/000006270921000008/mmc-20201231.htm,8.710059171597633,0.73767258382643,2.727810650887574,2.58974358974359,-12.812623274161735,18.26429980276134,-17.664694280078894,18.26429980276134,27.035502958579883,59319000000.0,70809000000.0,39.65173796791444,13.43274456521739,42.891540130151846,45.17821782178218,6.405939524838014,6.405939524838014,16.034646739130434,60.26297872340425,51.19956616052061,53.92916984006093,0.0063048938788583,0.022134560596099,1.466414686825054,0.4111111111111111,9.778723404255318,1.245358293693417,4.4609375,3.649076517150396,0.0038773411554476,0.6149732620320856,0.0,0.0,0.5514986376021799,0.0506146059291395,0.0158514492753623,0.3608247422680412,0.0160778985507246,17.411035225220786,0.0144604679009672,0.0252463885513703,-51.81755424063116,1599000000.0,-8956000000.0,-15654000000.0,22565000000.0,5281000000.0,2597000000.0,0.0,108.54619565217392,85.99245283018868,0.0,0.8291400675929403,1.046603475513428,0.0,0.0403887688984881,0.1380670611439842,2021-01-28,1.14,bmo,4181522123.0,2025-04-24,2020-12-31,0.043859649122807,113.62125,1694118.53125
2020-09-30,MMC,USD,62709,2020-10-30,2020-10-30 07:31:35,2020,Q3,3968000000.0,2495000000.0,1473000000.0,0.3712197581,0,0.0,0.0,0.0,60000000.0,933000000.0,3428000000.0,1000000.0,128000000.0,185000000.0,785000000.0,0.1978326613,540000000.0,0.1360887097,-81000000.0,459000000.0,0.1156754032,139000000.0,316000000.0,0.0796370968,0.62,0.62,507000000,512000000,https://www.sec.gov/Archives/edgar/data/62709/000006270920000053/0000062709-20-000053-index.htm,https://www.sec.gov/Archives/edgar/data/62709/000006270920000053/mmc-20200930.htm,7.826429980276134,0.6232741617357002,2.80276134122288,2.648915187376726,4.710059171597633,17.414201183431953,-17.585798816568047,17.414201183431953,29.808678500986197,58152900000.0,70749900000.0,46.00704113924051,14.65546875,40.92392681210416,43.30074460163812,6.586578321440707,6.586578321440707,17.830115927419357,90.12726114649682,49.78881069669247,52.68049143708116,0.0054339508433801,0.0230942910843655,1.6972477064220184,0.4574455094938641,16.047133757961785,1.272894333843798,4.21875,4.440625,0.0040582670855623,0.7468354430379747,0.0,0.0,0.5416997374687099,0.0548909218859957,0.0196572580645161,0.4216216216216216,0.0181451612903225,15.627251422123429,0.0133908582284731,0.0210484246985945,-34.74161735700197,1782000000.0,-8916000000.0,-15617000000.0,22275000000.0,5441500000.0,2665000000.0,0.0,118.7600806451613,96.02404809619236,0.0,0.7578304048892284,0.9372652141247184,0.0,0.0357911428247819,0.1538461538461538,2020-10-29,0.74,bmo,3532487804.0,2025-04-24,2020-09-30,0.108108108108108,114.59140625,1594505.734375
2020-06-30,MMC,USD,62709,2020-07-31,2020-07-31 08:40:13,2020,Q2,4189000000.0,2429000000.0,1760000000.0,0.4201480067,0,2429000000.0,0.0,2429000000.0,63000000.0,875000000.0,3304000000.0,2000000.0,132000000.0,179000000.0,1127000000.0,0.2690379566,885000000.0,0.2112676056,-98000000.0,787000000.0,0.1878730007,207000000.0,572000000.0,0.1365481022,1.13,1.12,506000000,511000000,https://www.sec.gov/Archives/edgar/data/62709/000006270920000043/0000062709-20-000043-index.htm,https://www.sec.gov/Archives/edgar/data/62709/000006270920000043/mmc0630202010q.htm,8.278656126482213,1.1304347826086956,2.4031620553359683,2.241106719367589,3.3814229249011856,16.58498023715415,-18.11462450592885,16.58498023715415,30.76482213438735,54329220000.0,68053220000.0,23.745288461538465,12.969496299832896,44.67863486842106,47.90936507936508,6.4739299332697815,6.4739299332697815,16.24569587013607,60.38440106477373,55.96481907894737,60.01165784832452,0.0105284044203101,0.0208727458262791,1.8392516682554816,0.4798097547328173,12.17746228926353,1.3658906882591093,6.704545454545454,2.0965517241379312,0.0043070745355814,0.4090909090909091,0.5798519933158272,0.0,0.5458049675153098,0.0674342105263157,0.0195750775841489,0.4581005586592179,0.017904034375746,20.538631086358443,0.0231934722823998,0.0391485866812675,-35.23863636363637,2169000000.0,-9166000000.0,-15680000000.0,22475000000.0,5602500000.0,2639500000.0,0.0,121.3248985438052,98.85549608892548,0.0,0.7418098105188595,0.9104197901049476,0.0,0.0681601525262154,0.1620553359683794,2020-07-30,1.13,bmo,3586037878.0,2025-04-24,2020-06-30,0.1681415929203541,101.22460317460316,2719804.9523809524
2020-03-31,MMC,USD,62709,2020-05-01,2020-05-01 07:32:34,2020,Q1,4651000000.0,2555000000.0,2096000000.0,0.450655773,0,2555000000.0,0.0,2555000000.0,64000000.0,1026000000.0,3581000000.0,2000000.0,127000000.0,183000000.0,1317000000.0,0.2831649108,1070000000.0,0.230058052,-63000000.0,1007000000.0,0.2165125779,240000000.0,754000000.0,0.162115674,1.49,1.48,505000000,510000000,https://www.sec.gov/Archives/edgar/data/62709/000006270920000024/0000062709-20-000024-index.htm,https://www.sec.gov/Archives/edgar/data/62709/000006270920000024/mmc0331202010q.htm,9.20990099009901,1.493069306930693,-1.2633663366336634,-1.497029702970297,2.93069306930693,14.754455445544554,-19.057425742574257,14.754455445544554,31.68118811881188,43662300000.0,58054300000.0,14.4768899204244,9.38772307030746,-68.43620689655172,-57.75436507936508,5.859924842303046,5.859924842303046,12.482111373898086,44.080713743356114,-90.99420062695924,-76.79140211640211,0.0172689024627653,-0.0173147085700936,2.13018386793719,0.5056226306903252,10.927866362946087,1.1297565242746757,8.4251968503937,-0.8318122555410691,0.0053135084500816,0.3076923076923077,0.5493442270479467,0.0,0.5439457169252333,-0.1849529780564263,0.0253708879810793,0.644808743169399,0.0154805418189636,22.263469018549813,0.0295188201046799,0.0526683431126012,-36.22079207920792,890000000.0,-9624000000.0,-16191000000.0,20700000000.0,5397000000.0,2678500000.0,0.0,107.55106428725006,91.97260273972604,0.0,0.836811802806765,0.9785522788203752,0.0,0.101194470540867,0.2336633663366336,2020-04-30,1.57,bmo,4452481707.0,2025-04-24,2020-03-31,0.0445859872611463,106.6116129032258,2496345.870967742
2019-12-31,MMC,USD,62709,2020-02-20,2020-02-20 16:43:56,2019,Q4,4264000000.0,2478000000.0,1786000000.0,0.4188555347,0,2478000000.0,0.0,2478000000.0,62000000.0,1194000000.0,3672000000.0,5000000.0,130000000.0,167000000.0,1393000000.0,0.3266885553,592000000.0,0.138836773,-61000000.0,531000000.0,0.1245309568,135000000.0,391000000.0,0.0916979362,0.77,0.76,504000000,510000000,https://www.sec.gov/Archives/edgar/data/62709/000006270920000010/0000062709-20-000010-index.htm,https://www.sec.gov/Archives/edgar/data/62709/000006270920000010/mmc1231201910k.htm,8.46031746031746,0.7757936507936508,2.123015873015873,1.8511904761904765,-12.279761904761903,15.759920634920634,-18.77380952380953,15.759920634920634,28.48015873015873,56150640000.0,69219640000.0,35.90194373401534,13.168536585365851,52.47723364485981,60.18289389067524,7.069198036006546,7.069198036006546,16.233499061913697,49.69105527638191,64.6912523364486,74.19039657020365,0.0069634112807975,0.0166160171994477,1.7907591590079317,0.4541942076188651,9.381909547738694,1.0582422518341068,4.553846153846154,2.702020202020202,0.0041851704628834,0.6010230179028133,0.5811444652908068,0.0,0.5557684324807612,0.1280373831775701,0.0321294559099437,0.8203592814371258,0.0159474671669793,16.585989365293333,0.0166368287833488,0.0281052328924669,-50.86507936507937,389000000.0,-9462000000.0,-16306000000.0,20573000000.0,5217000000.0,2612500000.0,0.0,110.51594746716698,99.73365617433414,0.0,0.8143621084797555,0.9024034959941734,0.0,0.0492257333501196,0.2718253968253968,2020-01-30,1.18,bmo,4228168067.0,2025-04-24,2019-12-31,0.0084745762711864,104.456875,1607898.03125
2019-09-30,MMC,USD,62709,2019-10-30,2019-10-30 08:08:40,2019,Q3,3968000000.0,2437000000.0,1531000000.0,0.3858366935,0,2437000000.0,0.0,2437000000.0,69000000.0,1064000000.0,3501000000.0,4000000.0,133000000.0,19000000.0,706000000.0,0.1779233871,467000000.0,0.1176915323,-53000000.0,414000000.0,0.1043346774,108000000.0,303000000.0,0.0763608871,0.6,0.59,506000000,511000000,https://www.sec.gov/Archives/edgar/data/62709/000006270919000043/0000062709-19-000043-index.htm,https://www.sec.gov/Archives/edgar/data/62709/000006270919000043/mmc0930201910q.htm,7.841897233201581,0.5988142292490118,2.075098814229249,1.83201581027668,2.397233201581028,15.409090909090908,-18.49407114624506,15.409090909090908,29.64229249011857,50625300000.0,64278300000.0,41.77004950495049,12.758392137096774,48.21457142857143,54.61197411003237,6.492920353982301,6.492920353982301,16.199168346774194,91.0457507082153,61.21742857142857,69.34012944983819,0.0059851497176313,0.018311002601466,1.9066307554187507,0.4780525452616008,19.338526912181305,1.137330754352031,3.511278195488722,3.431372549019608,0.0046024418620729,0.768976897689769,0.6141633064516129,0.0,0.5516609319226935,0.1171428571428571,0.0309979838709677,6.473684210526316,0.0168850806451612,14.408733988921185,0.0129210868100426,0.0217328934155788,-35.94565217391305,852000000.0,-9358000000.0,-16244000000.0,20780000000.0,5513000000.0,2539500000.0,0.0,117.89818548387098,91.55108740254413,0.0,0.7633705271258177,0.983057684550222,0.0,0.0388611004232397,0.2430830039525691,2019-10-29,0.7,bmo,3607272727.0,2025-04-24,2019-09-30,0.1,99.96140625,1432690.3125
2019-06-30,MMC,USD,62709,2019-08-02,2019-08-02 08:18:35,2019,Q2,4349000000.0,2537000000.0,1812000000.0,0.4166475052,0,2537000000.0,0.0,2537000000.0,70000000.0,1132000000.0,3669000000.0,2000000.0,141000000.0,268000000.0,1000000000.0,0.2299379168,680000000.0,0.1563577834,-130000000.0,550000000.0,0.1264658542,206000000.0,332000000.0,0.0763393884,0.66,0.65,507000000,512000000,https://www.sec.gov/Archives/edgar/data/62709/000006270919000037/0000062709-19-000037-index.htm,https://www.sec.gov/Archives/edgar/data/62709/000006270919000037/mmc0630201910q.htm,8.577909270216962,0.6548323471400395,1.019723865877712,0.8461538461538461,2.552268244575937,16.443786982248522,-18.19526627218935,16.443786982248522,30.75147928994083,51120810000.0,65276810000.0,38.49458584337349,11.754612554610254,98.87970986460348,119.16272727272728,6.131799208348326,6.131799208348326,15.00961370429984,65.27681,126.26075435203094,152.16039627039626,0.0064944197871669,0.008391885809321,1.8531845987765383,0.4810686262299165,14.156,1.1792541523033533,4.822695035460993,1.502906976744186,0.0041470391412029,0.6385542168674698,0.5833524948263968,0.0,0.5468302403786275,0.1702127659574468,0.0202345366750977,0.3283582089552239,0.0137962750057484,15.565290924771505,0.0151404040763622,0.0228115981860656,-35.72781065088758,1144000000.0,-9225000000.0,-16253000000.0,21521000000.0,5328000000.0,2422000000.0,3179500000.0,120.60703610025293,92.23492313756404,0.0,0.7462251201098147,0.9757692307692308,0.0,0.0398224781096317,0.1735700197238658,2019-07-30,1.13,bmo,4164720338.0,2025-04-24,2019-06-30,0.0442477876106195,95.69095238095238,1851954.523809524
2019-03-31,MMC,USD,62709,2019-04-26,2019-04-26 09:34:14,2019,Q1,4071000000.0,2282000000.0,1789000000.0,0.4394497666,0,2282000000.0,0.0,2282000000.0,64000000.0,851000000.0,3133000000.0,28000000.0,120000000.0,193000000.0,1243000000.0,0.3053303857,938000000.0,0.2304102186,6000000.0,944000000.0,0.231884058,217000000.0,716000000.0,0.1758781626,1.42,1.4,505000000,511000000,https://www.sec.gov/Archives/edgar/data/62709/000006270919000016/0000062709-19-000016-index.htm,https://www.sec.gov/Archives/edgar/data/62709/000006270919000016/mmc0331201910q.htm,8.06138613861386,1.4178217821782175,-0.5465346534653466,-0.691089108910891,2.211881188118812,15.813861386138614,-6.370297029702971,15.813861386138614,29.77227722772277,47879050000.0,61677050000.0,16.717545391061453,11.761004667157946,-173.4748188405797,-137.18925501432665,5.995373153017781,5.995373153017781,15.150343895848684,49.619509251810136,-223.4675724637681,-176.72507163323783,0.0149543485094211,-0.0072892006002625,1.8676433759078388,0.4949065932242758,11.1005631536605,2.208572922111866,7.816666666666666,-0.3796423658872077,0.0043860519371207,0.2932960893854748,0.5605502333578973,0.0,0.3717357401201181,-0.2644927536231884,0.0179317121100466,0.3782383419689119,0.0140014738393515,22.460584041968342,0.0272164583410494,0.0378155698743002,-28.185148514851484,6936000000.0,-3217000000.0,-9476000000.0,20480000000.0,4572500000.0,2239000000.0,3179500000.0,106.73544583640384,88.50131463628396,250.7931638913234,0.8432062966031483,1.016934046345811,0.3588614562038056,0.0896568995742549,0.1445544554455445,2019-04-25,1.45,bmo,3883519736.0,2025-04-24,2019-03-31,0.0482758620689655,88.44229508196722,1715608.950819672
2018-12-31,MMC,USD,62709,2019-02-21,2019-02-21 16:24:23,2018,Q4,3712000000.0,2163000000.0,1549000000.0,0.4172952586,0,2163000000.0,0.0,2163000000.0,21000000.0,928000000.0,3091000000.0,3000000.0,92000000.0,123000000.0,765000000.0,0.2060883621,621000000.0,0.1672952586,-397000000.0,224000000.0,0.0603448276,65000000.0,153000000.0,0.0412176724,0.3,0.3,504000000,509000000,https://www.sec.gov/Archives/edgar/data/62709/000006270919000010/0000062709-19-000010-index.htm,https://www.sec.gov/Archives/edgar/data/62709/000006270919000010/mmc1231201810k.htm,7.365079365079365,0.3035714285714285,2.2003968253968256,2.017857142857143,-7.807539682539683,15.047619047619047,-6.849206349206349,14.882936507936508,11.738095238095235,40194000000.0,44952000000.0,65.6764705882353,10.828125,36.24346257889991,39.52212389380531,5.358485535261965,5.358485535261965,12.109913793103448,58.76078431372549,40.53381424706943,44.20058997050148,0.0038065382892969,0.0253022839229735,0.7764298093587522,0.2699045323941051,6.219607843137255,1.2051177904142971,6.75,6.9748427672955975,0.0052992984027466,1.392156862745098,0.5827047413793104,0.0,0.5114468440077857,0.0829576194770063,0.0247844827586206,0.7479674796747967,0.0126616379310344,10.0824486948198,0.025978259496868,0.0145133750711439,-29.14930555555556,1010000000.0,-3452000000.0,-8060000000.0,12747000000.0,4396500000.0,2018500000.0,0.0,104.6686422413793,92.95423023578364,0.0,0.8598563817465833,0.9682184422560428,0.0,0.0203972803626183,0.1825396825396825,2019-01-31,1.03,bmo,3541724770.0,2025-04-24,2018-12-31,0.058252427184466,83.37142857142857,1933325.619047619
2018-09-30,MMC,USD,62709,2018-10-26,2018-10-26 08:33:30,2018,Q3,3504000000.0,2083000000.0,1421000000.0,0.4055365297,0,2083000000.0,0.0,2083000000.0,63000000.0,880000000.0,2963000000.0,2000000.0,69000000.0,124000000.0,728000000.0,0.2077625571,541000000.0,0.1543949772,-156000000.0,385000000.0,0.1098744292,106000000.0,276000000.0,0.0787671233,0.55,0.54,504000000,510000000,https://www.sec.gov/Archives/edgar/data/62709/000006270918000039/0000062709-18-000039-index.htm,https://www.sec.gov/Archives/edgar/data/62709/000006270918000039/mmc0930201810q.htm,6.9523809523809526,0.5476190476190477,1.7976190476190477,1.625,-8.40079365079365,14.956349206349206,-6.400793650793651,14.791666666666666,12.339285714285714,42043680000.0,47242680000.0,38.08304347826087,11.99876712328767,46.405827814569534,51.33538461538461,5.639661971830987,5.639661971830987,13.4825,64.89379120879121,52.14423841059602,57.68336996336996,0.0065646013859871,0.0194797410692879,0.8249496981891348,0.2910691466704529,7.141483516483516,1.2621112756505184,7.840579710144928,3.247311827956989,0.0050185901900119,0.7644927536231884,0.5944634703196348,0.0,0.5094419991480903,0.0960264900662251,0.0248287671232876,0.7016129032258065,0.0134132420091324,13.500165342902816,0.0230075910005487,0.0266280752532561,-28.70634920634921,1239000000.0,-3226000000.0,-7625000000.0,12710000000.0,4538500000.0,2024500000.0,0.0,114.96575342465752,77.90206433029284,0.0,0.7828418230563002,1.1552967276760957,0.0,0.0370221327967806,0.1726190476190476,2018-10-25,0.75,bmo,3369230769.0,2025-04-24,2018-09-30,0.04,84.71428571428571,1839666.3333333333
2018-06-30,MMC,USD,62709,2018-07-27,2018-07-27 09:26:03,2018,Q2,3734000000.0,2135000000.0,1599000000.0,0.4282271023,0,2135000000.0,0.0,2135000000.0,65000000.0,908000000.0,3043000000.0,3000000.0,68000000.0,122000000.0,878000000.0,0.2351365828,691000000.0,0.18505624,28000000.0,719000000.0,0.1925549009,183000000.0,531000000.0,0.1422067488,1.05,1.04,507000000,512000000,https://www.sec.gov/Archives/edgar/data/62709/000006270918000032/0000062709-18-000032-index.htm,https://www.sec.gov/Archives/edgar/data/62709/000006270918000032/mmc0630201810q.htm,7.364891518737672,1.047337278106509,1.532544378698225,1.3806706114398422,-8.051282051282051,15.378698224852071,-5.155818540433925,15.214990138067062,12.465483234714004,41558790000.0,46774790000.0,19.56628531073446,11.129831280128547,53.48621621621621,59.3697,5.387450090744101,5.387450090744101,12.526724692019284,53.27424829157175,60.19921492921493,66.82112857142857,0.0127770803721667,0.0168436087768676,0.8104744620171117,0.2954771019424358,5.940774487471527,1.4646584440227703,10.161764705882351,1.4496268656716418,0.0046680858610176,0.3653483992467043,0.5717728976968398,0.0,0.4920364856562219,0.0990990990990991,0.0206213176218532,0.6311475409836066,0.013122656668452,18.93522096640179,0.0296356325321112,0.0494045403796055,-27.600098619329387,1959000000.0,-2614000000.0,-7187000000.0,13068000000.0,4581500000.0,2294500000.0,0.0,110.8971612212105,94.67915690866508,0.0,0.8115627037600521,0.9505788067675868,0.0,0.0688358828104744,0.1518737672583826,2018-07-26,1.11,bmo,3767945454.0,2025-04-24,2018-06-30,-0.009009009009009,81.6334375,1639727.734375
2018-03-31,MMC,USD,62709,2018-04-27,2018-04-27 16:03:05,2018,Q1,4000000000.0,2224000000.0,1776000000.0,0.444,0,2224000000.0,0.0,2224000000.0,66000000.0,868000000.0,3092000000.0,3000000.0,61000000.0,125000000.0,1099000000.0,0.27475,908000000.0,0.227,8000000.0,916000000.0,0.229,220000000.0,690000000.0,0.1725,1.36,1.34,508000000,514000000,https://www.sec.gov/Archives/edgar/data/62709/000006270918000016/0000062709-18-000016-index.htm,https://www.sec.gov/Archives/edgar/data/62709/000006270918000016/mmc0331201810q.htm,7.874015748031496,1.358267716535433,-0.7165354330708661,-0.8307086614173228,-7.818897637795276,15.789370078740156,-4.781496062992126,15.625984251968504,12.5748031496063,41955720000.0,47114720000.0,15.201347826086955,10.48893,-115.26296703296704,-99.4211374407583,5.285427059712775,5.285427059712775,11.77868,42.87053685168335,-129.43604395604396,-111.64625592417062,0.0164459101166658,-0.0100582232887434,0.7970521541950113,0.2959446185509145,4.694267515923567,1.5211062590975255,14.885245901639344,-0.5229885057471264,0.0045047492928258,0.2739130434782608,0.556,0.0,0.4887974180270358,-0.1593406593406593,0.0145,0.464,0.0125,21.852827593749687,0.0388272495570889,0.0631347790282734,-27.37893700787401,2148000000.0,-2429000000.0,-7088000000.0,13311000000.0,4347500000.0,2213000000.0,0.0,102.645,94.81564748201438,0.0,0.8768084173608066,0.9492104139991464,0.0,0.0869236583522297,0.1141732283464567,2018-04-26,1.3,bmo,3768115942.0,2025-04-24,2018-03-31,0.0615384615384614,82.84131147540982,2181338.344262295
2017-12-31,MMC,USD,62709,2018-02-22,2018-02-22 16:18:46,2017,Q4,3685000000.0,2098000000.0,1587000000.0,0.4306648575,0,2098000000.0,0.0,2098000000.0,-1197000000.0,901000000.0,2999000000.0,3000000.0,59000000.0,125000000.0,811000000.0,0.2200814111,686000000.0,0.1861601085,-44000000.0,642000000.0,0.17421981,614000000.0,29000000.0,0.0078697422,0.06,0.06,510000000,517000000,https://www.sec.gov/Archives/edgar/data/62709/000006270918000007/0000062709-18-000007-index.htm,https://www.sec.gov/Archives/edgar/data/62709/000006270918000007/mmc1231201710k.htm,7.225490196078432,0.0568627450980392,1.4823529411764709,1.315686274509804,-7.141176470588236,14.592156862745098,-5.727450980392157,14.429411764705884,10.874509803921567,41508900000.0,45790900000.0,357.8353448275862,11.264287652645862,54.90595238095238,61.86125186289121,5.640562576437016,5.640562576437016,12.42629579375848,56.46226880394575,60.56997354497354,68.24277198211624,0.0006986453507561,0.0161652079433567,0.7456176110884631,0.2685887708649468,5.279901356350185,1.3050211168465509,11.627118644067796,25.2,0.00469778770336,6.724137931034483,0.5693351424694708,0.0,0.5072690782710852,0.1124338624338624,0.0230664857530529,0.68,0.0103120759837177,4.2966451063068,0.0018211092041673,0.0028809854957281,-26.527941176470588,1300000000.0,-2921000000.0,-7425000000.0,12375000000.0,4021000000.0,2042500000.0,0.0,100.9416553595658,89.35653002859866,0.0,0.8916041616259376,1.0072011521843496,0.0,0.0039407528196765,0.1666666666666666,2018-02-01,0.95,bmo,3298952380.0,2025-04-24,2017-12-31,0.1052631578947369,83.12142857142857,1705514.015873016
2017-09-30,MMC,USD,62709,2017-10-27,2017-10-27 16:15:38,2017,Q3,3341000000.0,1906000000.0,1435000000.0,0.4295121221,0,1906000000.0,0.0,1906000000.0,-1068000000.0,838000000.0,2744000000.0,2000000.0,60000000.0,120000000.0,717000000.0,0.2146064053,597000000.0,0.1786890153,-60000000.0,537000000.0,0.1607303203,140000000.0,393000000.0,0.1176294523,0.77,0.76,512000000,519000000,https://www.sec.gov/Archives/edgar/data/62709/000006270917000035/0000062709-17-000035-index.htm,https://www.sec.gov/Archives/edgar/data/62709/000006270917000035/mmc0930201710q.htm,6.525390625,0.767578125,1.55078125,1.408203125,2.10546875,13.927734375,-6.423828125,13.927734375,10.8359375,42910720000.0,47320720000.0,27.296895674300256,12.84367554624364,54.04372795969773,59.51556171983356,6.017489833122984,6.017489833122984,14.163639628853636,65.99821478382148,59.597884130982365,65.6320665742025,0.0091585505906216,0.0168023281827944,0.7695975319029589,0.2787201625190452,6.150627615062762,1.3673308862087048,9.95,2.0,0.0045210147953704,0.4936386768447837,0.570487877880874,0.0,0.5292026409344845,0.0919395465994962,0.0218497455851541,0.6083333333333333,0.0107752170008979,15.509321240269102,0.0277775531436491,0.0423948220064724,-16.69775390625,1401000000.0,-3289000000.0,-7344000000.0,12549000000.0,3946500000.0,2014500000.0,0.0,105.30080814127506,94.53305351521512,0.0,0.8546942952161678,0.952047952047952,0.0,0.0551114850652082,0.142578125,2017-10-26,0.78,bmo,3298708860.0,2025-04-24,2017-09-30,0.0128205128205128,79.26492063492063,1805784.7777777775
2017-06-30,MMC,USD,62709,2017-07-28,2017-07-28 11:45:23,2017,Q2,3495000000.0,1935000000.0,1560000000.0,0.4463519313,0,1935000000.0,0.0,1935000000.0,-1139000000.0,796000000.0,2731000000.0,2000000.0,60000000.0,116000000.0,880000000.0,0.251788269,764000000.0,0.2185979971,10000000.0,711000000.0,0.2034334764,204000000.0,501000000.0,0.1433476395,0.98,0.96,514000000,520000000,https://www.sec.gov/Archives/edgar/data/62709/000006270917000029/0000062709-17-000029-index.htm,https://www.sec.gov/Archives/edgar/data/62709/000006270917000029/mmc0630201710q.htm,6.799610894941634,0.9747081712062255,1.443579766536965,1.284046692607004,1.8793774319066148,13.762645914396888,-5.797665369649805,13.762645914396888,11.091439688715951,40071440000.0,44746440000.0,19.99572854291417,11.465361945636625,54.00463611859838,60.71430303030303,5.664608425219112,5.664608425219112,12.802987124463518,50.84822727272727,60.305175202156335,67.79763636363636,0.0125026702309674,0.0164705835378014,0.797427198190557,0.2901450468058841,5.3125,1.4201151000274048,12.733333333333333,1.4635108481262329,0.0043921556100803,0.3512974051896207,0.5536480686695279,0.0,0.5171278675033433,0.1105121293800539,0.0234620886981402,0.7068965517241379,0.0094420600858369,17.373188457478495,0.0341456125944937,0.0533659991478483,-16.36964980544747,1533000000.0,-2980000000.0,-7186000000.0,12308000000.0,3889500000.0,2030000000.0,0.0,102.59227467811158,94.27906976744184,0.0,0.8772590361445783,0.9546127281697088,0.0,0.0708227311280746,0.159533073929961,2017-07-27,1.0,bmo,3495000000.0,2025-04-24,2017-06-30,0.0,75.51349206349207,1813352.603174603
2017-03-31,MMC,USD,62709,2017-04-28,2017-04-28 15:47:06,2017,Q1,3503000000.0,1945000000.0,1558000000.0,0.4447616329,0,1945000000.0,0.0,1945000000.0,-1196000000.0,749000000.0,2694000000.0,2000000.0,58000000.0,120000000.0,809000000.0,0.2309449044,809000000.0,0.2309449044,4000000.0,753000000.0,0.2149586069,175000000.0,569000000.0,0.162432201,1.1,1.09,515000000,522000000,https://www.sec.gov/Archives/edgar/data/62709/000006270917000015/0000062709-17-000015-index.htm,https://www.sec.gov/Archives/edgar/data/62709/000006270917000015/mmc0331201710q.htm,6.801941747572816,1.104854368932039,-0.7747572815533981,-0.8951456310679612,1.805825242718447,12.85242718446602,-6.681553398058252,12.85242718446602,11.551456310679612,38053350000.0,43014350000.0,16.719398066783832,10.863074507564944,-95.3718045112782,-82.54522776572668,5.749108626680767,5.749108626680767,12.279289180702255,53.16977750309024,-107.80538847117796,-93.30661605206072,0.0149526914187581,-0.0121145707276757,0.8900135972201239,0.3105593336496389,6.132262051915945,1.3882385730211817,13.948275862068966,-0.6903114186851211,0.0045988066753649,0.3075571177504393,0.5552383671139024,0.0,0.5303389741156624,-0.1553884711779448,0.0176991150442477,0.5166666666666667,0.0119897230944904,17.87460090010709,0.0393202932796978,0.0638679986530474,-16.648058252427184,1393000000.0,-3441000000.0,-7369000000.0,12175000000.0,3719000000.0,2001000000.0,0.0,97.50214102198116,94.0719794344473,0.0,0.923056653491436,0.9567142154451548,0.0,0.0859646472276779,0.1203883495145631,2017-04-27,0.98,bmo,3178648148.0,2025-04-24,2017-03-31,0.0204081632653061,71.45774193548387,1795633.677419355
2016-12-31,MMC,USD,62709,2017-02-24,2017-02-24 14:08:14,2016,Q4,3364000000.0,1918000000.0,1446000000.0,0.4298454221,0,1918000000.0,0.0,1918000000.0,-1105000000.0,813000000.0,2731000000.0,1000000.0,48000000.0,108000000.0,741000000.0,0.2202734839,633000000.0,0.1881688466,-45000000.0,588000000.0,0.1747919144,147000000.0,436000000.0,0.12960761,0.85,0.84,515000000,521000000,https://www.sec.gov/Archives/edgar/data/62709/000006270917000008/0000062709-17-000008-index.htm,https://www.sec.gov/Archives/edgar/data/62709/000006270917000008/mmc1231201610k.htm,6.532038834951456,0.8466019417475729,1.7378640776699028,1.5844660194174758,-6.242718446601942,12.178640776699028,-6.258252427184466,12.178640776699028,9.427184466019416,34808850000.0,38589850000.0,19.959202981651377,10.347458382877528,38.89256983240224,42.657904411764704,5.549880420918368,5.549880420918368,11.471417954815696,52.0780701754386,43.11715083798882,47.29148284313725,0.0125255502551793,0.0234423142390512,0.7664221938775511,0.2642660802638812,5.102564102564102,1.1964723174914258,13.1875,2.0294784580498866,0.0051136420766557,0.4082568807339449,0.570154577883472,0.0,0.5219901044529962,0.088268156424581,0.0234839476813317,0.7314814814814815,0.0074316290130796,15.231065980800237,0.0329230235783633,0.0501437607820586,-24.079126213592232,802000000.0,-3223000000.0,-7034000000.0,11022000000.0,3623000000.0,1915500000.0,0.0,97.46432818073724,92.39311783107404,0.0,0.9234147680483118,0.9740985271711528,0.0,0.0695153061224489,0.1533980582524272,2017-02-02,0.84,bmo,3175011235.0,2025-04-24,2016-12-31,0.0595238095238095,67.03936507936507,2268533.873015873
2016-09-30,MMC,USD,62709,2016-10-28,2016-10-28 13:36:14,2016,Q3,3135000000.0,1817000000.0,1318000000.0,0.420414673,0,1817000000.0,0.0,1817000000.0,-1071000000.0,746000000.0,2563000000.0,0.0,47000000.0,109000000.0,681000000.0,0.2172248804,572000000.0,0.1824561404,-47000000.0,525000000.0,0.1674641148,141000000.0,379000000.0,0.1208931419,0.73,0.73,518000000,523000000,https://www.sec.gov/Archives/edgar/data/62709/000006270916000082/0000062709-16-000082-index.htm,https://www.sec.gov/Archives/edgar/data/62709/000006270916000082/mmc0930201610q.htm,6.052123552123552,0.7316602316602316,1.704633204633205,1.5888030888030888,2.6795366795366795,13.038610038610038,-4.108108108108108,13.038610038610038,9.272200772200772,34835500000.0,38203500000.0,22.978562005277045,11.111802232854863,39.451302378255946,42.32746051032807,5.1577583654130885,5.1577583654130885,12.186124401913876,56.09911894273128,43.26557191392978,46.41980558930741,0.0108797060469922,0.0236253247405663,0.7041753035238377,0.2590696154265171,4.945668135095448,1.361830065359477,12.170212765957446,2.2994791666666665,0.0051097300167932,0.4696569920844327,0.579585326953748,0.0,0.4838217670770236,0.0679501698754246,0.0191387559808612,0.5504587155963303,0.0082934609250398,14.650809872869791,0.0282782793414763,0.0399957788096243,-14.50530888030888,1384000000.0,-2128000000.0,-6395000000.0,10983000000.0,3518500000.0,1865000000.0,0.0,103.4354066985646,92.22894881673088,0.0,0.8701082431307244,0.9758324382384532,0.0,0.0561148948771098,0.1158301158301158,2016-10-25,0.68,bmo,3089565217.0,2025-04-24,2016-09-30,0.014705882352941,66.9821875,2076249.5
2016-06-30,MMC,USD,62709,2016-08-01,2016-08-01 16:46:00,2016,Q2,3376000000.0,1872000000.0,1504000000.0,0.4454976303,0,1872000000.0,0.0,1872000000.0,-1094000000.0,778000000.0,2650000000.0,2000000.0,48000000.0,110000000.0,836000000.0,0.2476303318,726000000.0,0.2150473934,-45000000.0,681000000.0,0.2017180095,201000000.0,472000000.0,0.1398104265,0.91,0.9,521000000,525000000,https://www.sec.gov/Archives/edgar/data/62709/000006270916000068/0000062709-16-000068-index.htm,https://www.sec.gov/Archives/edgar/data/62709/000006270916000068/mmc0630201610q.htm,6.479846449136277,0.90595009596929,1.5547024952015356,1.433781190019194,1.8694817658349328,12.869481765834934,-4.213051823416507,12.869481765834934,9.222648752399232,35667660000.0,39450660000.0,18.89176906779661,10.565065165876778,44.03414814814814,47.747871485943776,5.319561521252796,5.319561521252796,11.685622037914692,47.18978468899522,48.70451851851852,52.81212851405623,0.0132332763068841,0.0209433419517848,0.7094705443698732,0.2631666297853507,4.52511961722488,1.4069634703196348,15.125,1.6875,0.0046260393869404,0.3495762711864407,0.5545023696682464,0.0,0.492365567603452,0.0777777777777777,0.0186611374407582,0.5727272727272728,0.0079976303317535,16.196602588776038,0.0344986221043624,0.051438535309503,-15.012476007677543,1426000000.0,-2195000000.0,-6441000000.0,11062000000.0,3381500000.0,1873500000.0,0.0,91.54620853080569,89.8076923076923,0.0,0.9831100757134535,1.0021413276231264,0.0,0.0703952274422073,0.1209213051823416,2016-07-28,0.9,bmo,3338901098.0,2025-04-24,2016-06-30,0.0111111111111111,64.20046875,1787164.640625
2016-03-31,MMC,USD,62709,2016-05-02,2016-05-02 16:34:56,2016,Q1,3336000000.0,1854000000.0,1482000000.0,0.4442446043,0,1854000000.0,0.0,1854000000.0,-1105000000.0,749000000.0,2603000000.0,2000000.0,46000000.0,111000000.0,844000000.0,0.2529976019,733000000.0,0.2197242206,-47000000.0,686000000.0,0.2056354916,196000000.0,481000000.0,0.1441846523,0.92,0.91,521000000,526000000,https://www.sec.gov/Archives/edgar/data/62709/000006270916000051/0000062709-16-000051-index.htm,https://www.sec.gov/Archives/edgar/data/62709/000006270916000051/mmc0331201610q.htm,6.403071017274472,0.9232245681381958,-1.1151631477927064,-1.2130518234165066,1.761996161228407,12.99616122840691,-4.249520153550864,12.99616122840691,9.710172744721689,31671590000.0,35766590000.0,16.461325363825363,9.493881894484412,-54.51220309810671,-50.1132753164557,4.677535076059666,4.677535076059666,10.721399880095923,42.377476303317536,-61.56039586919105,-56.59270569620253,0.0151871124878795,-0.0199547922917668,0.740363314133806,0.2765335392762577,4.851895734597156,1.51883507439063,15.934782608695652,-1.1857142857142855,0.0050834201882507,0.3347193347193347,0.5557553956834532,0.0,0.4956421006178287,-0.0877796901893287,0.0152877697841726,0.4594594594594595,0.0092925659472422,16.430564357163224,0.0343686115643579,0.0526085529913595,-15.244241842610364,1639000000.0,-2214000000.0,-6559000000.0,11381000000.0,3400000000.0,1882500000.0,0.0,89.81115107913669,91.2135922330097,0.0,1.0021027335536197,0.986695050558808,0.0,0.0710382513661202,0.0978886756238003,2016-04-28,0.88,bmo,3190956521.0,2025-04-24,2016-03-31,0.0454545454545455,55.998688524590165,2419485.7540983604
2015-12-31,MMC,USD,62709,2016-02-24,2016-02-24 15:51:04,2015,Q4,3338000000.0,1900000000.0,1438000000.0,0.4307968844,0,1900000000.0,0.0,1900000000.0,-1056000000.0,844000000.0,2744000000.0,4000000.0,46000000.0,111000000.0,705000000.0,0.211204314,594000000.0,0.1779508688,-43000000.0,551000000.0,0.1650689035,171000000.0,375000000.0,0.1123427202,0.72,0.71,522000000,527000000,https://www.sec.gov/Archives/edgar/data/62709/000006270916000040/0000062709-16-000040-index.htm,https://www.sec.gov/Archives/edgar/data/62709/000006270916000040/mmc1231201510k.htm,6.394636015325671,0.7183908045977011,1.739463601532567,1.5938697318007662,-5.310344827586207,12.647509578544062,-4.450191570881226,12.647509578544062,8.544061302681992,28944900000.0,31984900000.0,19.2966,8.67133013780707,31.87764317180617,34.78954326923077,4.384262344744017,4.384262344744017,9.582055122828042,45.3686524822695,35.225660792951544,38.44338942307692,0.0129556502181731,0.0287442692840534,0.6685852771887307,0.2423144488361879,4.3120567375886525,1.360302049622438,12.91304347826087,2.3832020997375327,0.0056659376954143,0.4373333333333333,0.5692031156381067,0.0,0.4899538866930171,0.0837004405286343,0.0227681246255242,0.6846846846846847,0.0062911923307369,14.297962375858544,0.0282131661442006,0.0403616402970616,-22.57231800766284,1336000000.0,-2323000000.0,-6570000000.0,11034000000.0,3346500000.0,1822500000.0,0.0,93.58597962852008,89.33684210526316,0.0,0.96168251224431,1.007423117709438,0.0,0.0568009694032111,0.1455938697318007,2016-02-04,0.71,bmo,3338000000.0,2025-04-24,2015-12-31,0.0,55.11234375,2016954.8125
2015-09-30,MMC,USD,62709,2015-10-29,2015-10-29 17:15:50,2015,Q3,3115000000.0,1878000000.0,1237000000.0,0.3971107544,0,1878000000.0,0.0,1878000000.0,-1102000000.0,776000000.0,2654000000.0,3000000.0,41000000.0,108000000.0,569000000.0,0.1826645265,461000000.0,0.1479935795,-4000000.0,457000000.0,0.1467094703,128000000.0,323000000.0,0.1036918138,0.61,0.61,528000000,533000000,https://www.sec.gov/Archives/edgar/data/62709/000006270915000032/0000062709-15-000032-index.htm,https://www.sec.gov/Archives/edgar/data/62709/000006270915000032/mmc0930201510q.htm,5.899621212121212,0.6117424242424242,1.6553030303030305,1.5170454545454546,2.518939393939394,12.087121212121213,-3.712121212121212,12.087121212121213,8.570075757575758,27572160000.0,30726160000.0,21.340681114551085,8.851415730337079,31.5470938215103,34.4221722846442,4.320300846129739,4.320300846129739,9.863935794542536,54.00028119507908,35.15578947368421,38.35975031210986,0.0117147151329456,0.0290510427909891,0.7026010654967095,0.2524348364578055,5.543057996485062,1.6233842538190364,11.24390243902439,2.6404833836858006,0.0060205656720402,0.5139318885448917,0.6028892455858748,0.0,0.4696278781737319,0.0835240274599542,0.0234349919743178,0.6759259259259259,0.0067415730337078,12.89843435186375,0.0230136363560495,0.034285107738032,-14.459280303030305,2122000000.0,-1960000000.0,-5855000000.0,11250000000.0,3292000000.0,1753500000.0,0.0,93.09149277688604,84.29712460063897,0.0,0.9667908131595282,1.067652075042638,0.0,0.0506110937010341,0.1382575757575757,2015-10-27,0.6,bmo,2966666666.0,2025-04-24,2015-09-30,0.05,55.83359375,2224066.78125
2015-06-30,MMC,USD,62709,2015-07-31,2015-07-31 12:16:08,2015,Q2,3225000000.0,1826000000.0,1399000000.0,0.4337984496,0,1826000000.0,0.0,1826000000.0,-1056000000.0,770000000.0,2596000000.0,3000000.0,40000000.0,103000000.0,732000000.0,0.2269767442,629000000.0,0.1950387597,-34000000.0,595000000.0,0.184496124,166000000.0,419000000.0,0.1299224806,0.78,0.77,535000000,541000000,https://www.sec.gov/Archives/edgar/data/62709/000006270915000023/0000062709-15-000023-index.htm,https://www.sec.gov/Archives/edgar/data/62709/000006270915000023/mmc0630201510q.htm,6.02803738317757,0.7831775700934579,1.188785046728972,1.029906542056075,1.7383177570093458,12.844859813084112,-2.398130841121495,12.844859813084112,7.43177570093458,30334500000.0,33340500000.0,18.099343675417664,9.406046511627906,47.695754716981135,55.0535390199637,4.414217112922003,4.414217112922003,10.33813953488372,45.54713114754098,52.42216981132076,60.509074410163336,0.0138126555572038,0.0181641365441988,0.5727590221187427,0.2260380175730776,4.10655737704918,1.6518079800498753,15.725,1.4825174825174825,0.0049778305230018,0.360381861575179,0.5662015503875969,0.0,0.4683282604950324,0.1336477987421383,0.0263565891472868,0.8252427184466019,0.0068217054263565,15.044787707825998,0.0316788408573823,0.0452581551090948,-13.251401869158878,2091000000.0,-1283000000.0,-5242000000.0,11053000000.0,3228500000.0,1723500000.0,0.0,93.82325581395348,86.15553121577219,0.0,0.9592504461629984,1.0446224256292906,0.0,0.0609720605355064,0.1588785046728972,2015-07-28,0.79,bmo,3184687500.0,2025-04-24,2015-06-30,0.0126582278481012,57.76174603174603,1959809.761904762
2015-03-31,MMC,USD,62709,2015-05-04,2015-05-04 15:02:39,2015,Q1,3215000000.0,1730000000.0,1485000000.0,0.4618973561,0,1730000000.0,0.0,1730000000.0,-980000000.0,750000000.0,2480000000.0,3000000.0,36000000.0,101000000.0,836000000.0,0.2600311042,735000000.0,0.2286158631,-31000000.0,704000000.0,0.2189735614,206000000.0,482000000.0,0.1499222395,0.89,0.88,539000000,545000000,https://www.sec.gov/Archives/edgar/data/62709/000006270915000010/0000062709-15-000010-index.htm,https://www.sec.gov/Archives/edgar/data/62709/000006270915000010/mmc0331201510q.htm,5.964749536178108,0.8942486085343229,-0.9833024118738404,-1.1521335807050093,2.0482374768089056,12.732838589981448,-1.797773654916512,12.732838589981448,7.282003710575139,30232510000.0,33017510000.0,15.68076244813278,9.403580093312597,-57.04247169811321,-48.68359098228663,4.405144980329302,4.405144980329302,10.269832037325038,39.49462918660287,-62.29718867924528,-53.16829307568438,0.0159431023094013,-0.0205408019380461,0.566661809704211,0.2310205536414399,3.3313397129186604,1.880494006538321,20.416666666666668,-1.0707070707070707,0.0049946233375925,0.3132780082987552,0.5381026438569206,0.0,0.4652489010336224,-0.1716981132075471,0.0283048211508553,0.900990099009901,0.0074650077760497,16.00600736645833,0.036764883133413,0.0535436569651188,-12.144248608534324,2424000000.0,-969000000.0,-4794000000.0,11050000000.0,3236000000.0,1791000000.0,0.0,86.6407465007776,88.38728323699421,0.0,1.0387722132471728,1.0182460270747498,0.0,0.0702316771091359,0.1688311688311688,2015-04-30,0.86,bmo,3038351648.0,2025-04-24,2015-03-31,0.0581395348837209,56.38262295081967,2108248.3606557376
2014-12-31,MMC,USD,62709,2015-02-26,2015-02-26 15:14:36,2014,Q4,3246000000.0,1896000000.0,1350000000.0,0.415896488,0,1896000000.0,0.0,1896000000.0,-1082000000.0,814000000.0,2710000000.0,5000000.0,36000000.0,99000000.0,635000000.0,0.1956253851,536000000.0,0.1651263093,-168000000.0,368000000.0,0.1133703019,99000000.0,294000000.0,0.0905730129,0.54,0.54,541000000,548000000,https://www.sec.gov/Archives/edgar/data/62709/000006270915000005/0000062709-15-000005-index.htm,https://www.sec.gov/Archives/edgar/data/62709/000006270915000005/mmc-1231201410k.htm,6.0,0.5434380776340111,1.7948243992606283,1.6414048059149722,-4.794824399260628,13.184842883548985,-1.478743068391867,13.184842883548985,6.327171903881701,30966840000.0,32395840000.0,26.332346938775512,9.54,31.89169927909372,34.872567567567565,4.341348661152391,4.341348661152391,9.98023413431916,51.01707086614173,33.36337796086509,36.4818018018018,0.0094940265135222,0.0286758351836997,0.4748352726762933,0.1898542600896861,2.2503937007874018,1.6251012145748989,14.88888888888889,3.2474916387959865,0.0049407688998942,0.5204081632653061,0.5841035120147874,0.0,0.4446748878923767,0.0854788877445932,0.025569932224276,0.8383838383838383,0.0058533579790511,12.697077521508737,0.0276971827955667,0.0296759866760876,-19.9043438077634,2316000000.0,-800000000.0,-4686000000.0,11058000000.0,3307500000.0,1841500000.0,0.0,93.63216266173752,89.38291139240506,0.0,0.9612081729345572,1.0069038767923526,0.0,0.0412168792934249,0.1534195933456562,2015-02-06,0.65,bmo,3246000000.0,2025-04-24,2014-12-31,0.0153846153846153,54.85140625,2031421.578125
2014-09-30,MMC,USD,62709,2014-11-04,2014-11-04 17:03:16,2014,Q3,3141000000.0,1904000000.0,1237000000.0,0.393823623,0,1904000000.0,0.0,1904000000.0,-1112000000.0,792000000.0,2696000000.0,6000000.0,45000000.0,98000000.0,543000000.0,0.1728748806,445000000.0,0.1416746259,-13000000.0,432000000.0,0.1375358166,127000000.0,297000000.0,0.0945558739,0.55,0.54,544000000,551000000,https://www.sec.gov/Archives/edgar/data/62709/000006270914000038/0000062709-14-000038-index.htm,https://www.sec.gov/Archives/edgar/data/62709/000006270914000038/mmc0930201410q.htm,5.773897058823529,0.5459558823529411,1.6231617647058822,1.4705882352941178,4.869485294117647,14.680147058823527,0.3161764705882353,14.680147058823527,7.470588235294118,28472960000.0,29842960000.0,23.96713804713805,9.064934734161096,32.24570781426954,35.5912,3.565359378913098,3.565359378913098,9.501101560012737,54.95941068139963,33.79723669309173,37.3037,0.0104309492234035,0.0280968329249926,0.5032556974705735,0.2225606379444013,2.523020257826888,1.6590799031476997,9.88888888888889,2.9046052631578947,0.005408640338061,0.5185185185185185,0.6061763769500159,0.0,0.4327168014176542,0.0939977349943374,0.0264247055078,0.8469387755102041,0.0073225087551735,13.428739122227595,0.0215663262452457,0.0289925810230378,-9.181066176470589,2722000000.0,172000000.0,-3220000000.0,11358000000.0,3326000000.0,1824500000.0,-1000000.0,92.77936962750717,85.08403361344537,0.0,0.9700432365657814,1.0577777777777777,0.0,0.0371900826446281,0.1525735294117647,2014-10-28,0.53,bmo,2916642857.0,2025-04-24,2014-09-30,0.0566037735849057,52.1421875,1841820.203125
2014-06-30,MMC,USD,62709,2014-08-04,2014-08-04 16:20:22,2014,Q2,3300000000.0,1876000000.0,1424000000.0,0.4315151515,0,1876000000.0,0.0,1876000000.0,-1099000000.0,777000000.0,2653000000.0,5000000.0,42000000.0,94000000.0,741000000.0,0.2245454545,647000000.0,0.1960606061,-39000000.0,608000000.0,0.1842424242,168000000.0,431000000.0,0.1306060606,0.78,0.77,549000000,556000000,https://www.sec.gov/Archives/edgar/data/62709/000006270914000032/0000062709-14-000032-index.htm,https://www.sec.gov/Archives/edgar/data/62709/000006270914000032/mmc0630201410q.htm,6.0109289617486334,0.785063752276867,1.162112932604736,0.9744990892531876,3.6557377049180326,14.987249544626591,0.6502732240437158,14.987249544626591,6.533697632058288,28449180000.0,29989180000.0,16.501844547563806,8.620963636363637,44.59119122257053,53.17603738317757,3.45760573650948,3.45760573650948,9.087630303030304,40.47122807017544,47.00498432601881,56.054542056074766,0.0151498215414293,0.0188054629342568,0.4308458920758386,0.2015578803729815,2.078272604588394,1.81699716713881,15.404761904761903,1.45662100456621,0.004850754925098,0.3201856148491879,0.5684848484848485,0.0,0.44752103707073,0.1614420062695925,0.0312121212121212,1.0957446808510638,0.0054545454545454,16.270642064338524,0.0325358685435707,0.044355253679119,-8.731329690346083,2884000000.0,357000000.0,-2946000000.0,11598000000.0,3288000000.0,1872000000.0,-2000000.0,93.10909090909092,88.7046908315565,-0.0959488272921108,0.9666080843585236,1.01460248783126,-938.0,0.0523821098687408,0.1876138433515482,2014-07-29,0.76,bmo,3174683544.0,2025-04-24,2014-06-30,0.0394736842105263,49.6731746031746,1995737.4126984128
2014-03-31,MMC,USD,62709,2014-05-08,2014-05-08 16:04:10,2014,Q1,3264000000.0,1839000000.0,1425000000.0,0.4365808824,0,1839000000.0,0.0,1839000000.0,-1087000000.0,752000000.0,2591000000.0,5000000.0,42000000.0,97000000.0,770000000.0,0.2359068627,673000000.0,0.2061887255,-24000000.0,649000000.0,0.1988357843,192000000.0,443000000.0,0.1357230392,0.81,0.8,548000000,556000000,https://www.sec.gov/Archives/edgar/data/62709/000006270914000013/0000062709-14-000013-index.htm,https://www.sec.gov/Archives/edgar/data/62709/000006270914000013/mmc0331201410q.htm,5.956204379562044,0.8083941605839416,-0.6934306569343066,-0.8740875912408759,2.521897810218978,14.677007299270072,0.4452554744525547,14.677007299270072,5.644160583941606,27016400000.0,28687400000.0,15.24627539503386,8.277083333333334,-71.0957894736842,-56.40167014613779,3.35899539972647,3.35899539972647,8.789031862745098,37.25636363636364,-75.49315789473684,-59.890187891440505,0.0163974474763477,-0.0177299714247642,0.3793360686311078,0.1840501900223201,2.17012987012987,1.6640741848638947,16.023809523809526,-0.8333333333333334,0.0050709939148073,0.309255079006772,0.5634191176470589,0.0,0.4704711347047113,-0.2605263157894736,0.0303308823529411,1.0206185567010309,0.010110294117647,16.338854225449865,0.0346772900568414,0.0504670767828662,-8.72536496350365,2220000000.0,244000000.0,-2971000000.0,10844000000.0,3236000000.0,1878000000.0,-2500000.0,87.1875,92.74061990212071,-0.097879282218597,1.032258064516129,0.970448548812665,-919.5,0.0550789506403083,0.1806569343065693,2014-05-02,0.8,bmo,3223703703.0,2025-04-24,2014-03-31,0.0125,47.89672131147541,2263072.6393442624
2013-12-31,MMC,USD,62709,2014-02-27,2014-02-27 15:12:00,2013,Q4,3115000000.0,1833000000.0,1282000000.0,0.4115569823,0,1833000000.0,0.0,1833000000.0,-1040000000.0,793000000.0,2626000000.0,5000000.0,43000000.0,92000000.0,581000000.0,0.1865168539,489000000.0,0.1569823435,-51000000.0,438000000.0,0.1406099518,131000000.0,303000000.0,0.0972712681,0.55,0.54,548000000,557000000,https://www.sec.gov/Archives/edgar/data/62709/000006270914000008/0000062709-14-000008-index.htm,https://www.sec.gov/Archives/edgar/data/62709/000006270914000008/mmc-1231201310k.htm,5.684306569343065,0.5529197080291971,1.397810218978102,1.1916058394160585,-3.5237226277372264,14.552919708029195,1.1131386861313868,14.552919708029195,5.470802919708029,26501280000.0,27153280000.0,21.865742574257425,8.507634028892456,34.59697127937337,40.58388973966309,3.323044514106583,3.323044514106583,8.716943820224719,46.73542168674699,35.44814621409922,41.58235834609495,0.011433410008875,0.0246403192600508,0.3705329153605016,0.174562854442344,1.1222030981067126,1.6632951823263242,11.372093023255816,2.495114006514658,0.0052450296740383,0.4587458745874587,0.5884430176565008,0.0,0.43507797731569,0.1475195822454308,0.0362760834670947,1.2282608695652173,0.0009630818619582,13.455423167204987,0.0253792354937034,0.0316846177977622,-15.333941605839415,2492000000.0,610000000.0,-2704000000.0,10685000000.0,3192500000.0,1845500000.0,-3000000.0,95.63402889245586,91.3747954173486,-0.1472995090016366,0.9410876132930514,0.984954325631381,-611.0,0.0379937304075235,0.2062043795620438,2014-02-11,0.56,bmo,3060350877.0,2025-04-24,2013-12-31,0.0178571428571426,46.3553125,1977589.703125
2013-09-30,MMC,USD,62709,2013-11-07,2013-11-07 16:13:15,2013,Q3,2932000000.0,1824000000.0,1108000000.0,0.377899045,0,1824000000.0,0.0,1824000000.0,-1120000000.0,704000000.0,2528000000.0,5000000.0,40000000.0,89000000.0,493000000.0,0.1681446112,404000000.0,0.1377899045,-21000000.0,383000000.0,0.130627558,123000000.0,253000000.0,0.0862892224,0.46,0.45,549000000,558000000,https://www.sec.gov/Archives/edgar/data/62709/000006270913000039/0000062709-13-000039-index.htm,https://www.sec.gov/Archives/edgar/data/62709/000006270913000039/mmc0930201310q.htm,5.340619307832423,0.4608378870673952,1.3442622950819672,1.169398907103825,3.965391621129326,12.969034608378871,-0.424408014571949,12.969034608378871,5.912568306010929,23908950000.0,24940950000.0,23.62544466403162,8.154484993178718,32.3969512195122,37.24135514018692,3.357998595505617,3.357998595505617,8.506463165075035,50.59016227180528,33.795325203252034,38.84883177570094,0.0105818114137174,0.0268518692790775,0.4502808988764045,0.1888548539114043,2.0933062880324544,1.582584125353198,10.1,2.849420849420849,0.0058137224763111,0.549407114624506,0.6221009549795361,0.0,0.4331409048067861,0.1300813008130081,0.0327421555252387,1.0786516853932584,0.0010231923601637,11.59629278649681,0.0200684819752399,0.026291177387509,-9.789162112932605,2268000000.0,-233000000.0,-3695000000.0,10445000000.0,3210000000.0,1808000000.0,-4000000.0,94.38949522510232,90.29605263157896,-0.1480263157894736,0.9534959349593496,0.99672131147541,-608.0,0.0355337078651685,0.174863387978142,2013-11-06,0.46,bmo,2932000000.0,2025-04-24,2013-09-30,0.0,42.04953125,2013325.203125
2013-06-30,MMC,USD,62709,2013-08-08,2013-08-08 15:10:11,2013,Q2,3088000000.0,1766000000.0,1322000000.0,0.4281088083,0,1766000000.0,0.0,1766000000.0,-1021000000.0,745000000.0,2511000000.0,4000000.0,40000000.0,90000000.0,694000000.0,0.2247409326,577000000.0,0.1868523316,-13000000.0,564000000.0,0.182642487,164000000.0,388000000.0,0.1256476684,0.71,0.69,551000000,559000000,https://www.sec.gov/Archives/edgar/data/62709/000006270913000032/0000062709-13-000032-index.htm,https://www.sec.gov/Archives/edgar/data/62709/000006270913000032/mmc0630201310q.htm,5.604355716878403,0.7041742286751361,0.7803992740471869,0.5916515426497277,2.2413793103448274,12.424682395644282,-0.7894736842105263,12.424682395644282,4.996370235934664,22276930000.0,23759930000.0,14.353692010309278,7.214031735751296,51.80681395348837,68.33414110429447,3.2540067192521183,3.2540067192521183,7.694277849740932,34.23621037463977,55.2556511627907,72.88322085889571,0.0174171216590436,0.0146339733527016,0.3962898042652644,0.171296880919308,2.136887608069164,1.7591093117408907,14.425,1.0886075949367089,0.0057458545679319,0.3298969072164948,0.5718911917098446,0.0,0.4597171360020204,0.241860465116279,0.0336787564766839,1.1555555555555554,0.0016191709844559,14.030526565526436,0.0317618641847274,0.0453429940399672,-9.529491833030852,2250000000.0,-435000000.0,-3778000000.0,10335000000.0,3260500000.0,1797000000.0,-5000000.0,97.49028497409326,91.01925254813136,-0.2548131370328426,0.923168908819133,0.9888017917133258,-353.2,0.0566754309085597,0.1887477313974591,2013-08-07,0.67,bmo,2873555555.0,2025-04-24,2013-06-30,0.0746268656716416,39.13046875,2494399.859375
2013-03-31,MMC,USD,62709,2013-05-09,2013-05-08 18:18:59,2013,Q1,3126000000.0,1803000000.0,1323000000.0,0.4232245681,0,1803000000.0,0.0,1803000000.0,-1087000000.0,716000000.0,2519000000.0,4000000.0,44000000.0,87000000.0,719000000.0,0.230006398,607000000.0,0.1941778631,-19000000.0,588000000.0,0.1880998081,176000000.0,413000000.0,0.1321177223,0.75,0.74,548000000,557000000,https://www.sec.gov/Archives/edgar/data/62709/000006270913000014/0000062709-13-000014-index.htm,https://www.sec.gov/Archives/edgar/data/62709/000006270913000014/mmc0331201310q.htm,5.704379562043796,0.7536496350364964,-1.082116788321168,-1.2427007299270072,2.3138686131386863,12.25,-0.8868613138686131,12.25,5.034671532846716,20687000000.0,22139000000.0,12.522397094430993,6.617722328854766,-34.885328836424954,-30.377386196769457,3.0816326530612246,3.0816326530612246,7.082213691618682,30.791376912378304,-37.33389544688027,-32.50954478707783,0.0199642287426886,-0.032919224633828,0.4044391479219425,0.1747441591040741,2.019471488178025,1.794718309859155,13.795454545454543,-1.3985849056603774,0.006139121187219,0.3075060532687651,0.5767754318618042,0.0,0.4633455622063461,-0.148397976391231,0.0281509916826615,1.011494252873563,0.0022392834293026,14.412656960357252,0.0334707582568716,0.0495322619333173,-9.44616788321168,2257000000.0,-486000000.0,-3727000000.0,10249000000.0,3117000000.0,1764500000.0,-5500000.0,91.43953934740884,90.2495840266223,-0.2495840266222962,0.9842569269521412,0.9972345132743364,-360.6,0.0615224191866527,0.1605839416058394,2013-05-02,0.69,bmo,2954712328.0,2025-04-24,2013-03-31,0.0579710144927536,36.195166666666665,3458378.1
2012-12-31,MMC,USD,62709,2013-02-27,2013-02-27 14:38:58,2012,Q4,3002000000.0,1802000000.0,1200000000.0,0.399733511,0,1802000000.0,0.0,1802000000.0,-6340000000.0,794000000.0,2596000000.0,6000000.0,46000000.0,95000000.0,511000000.0,0.1702198534,406000000.0,0.1352431712,-36000000.0,370000000.0,0.1232511659,105000000.0,259000000.0,0.0862758161,0.48,0.47,545000000,554000000,https://www.sec.gov/Archives/edgar/data/62709/000006270913000004/0000062709-13-000004-index.htm,https://www.sec.gov/Archives/edgar/data/62709/000006270913000004/mmc-1231201210k.htm,5.508256880733945,0.4752293577981651,1.0495412844036698,0.9192660550458716,-3.1027522935779817,12.128440366972477,-1.1944954128440366,12.128440366972477,5.438532110091743,18786150000.0,19403150000.0,18.13334942084942,6.257878081279147,32.842919580419576,37.49730538922156,2.8420801815431163,2.8420801815431163,6.463407728181212,37.97093933463796,33.92159090909091,38.72884231536926,0.0137867524745623,0.0266685829720299,0.4414523449319213,0.178941558839762,1.2074363992172212,1.6894810659186537,8.826086956521738,2.1749049429657794,0.0068135301804787,0.4942084942084942,0.6002664890073285,0.0,0.4452689029251241,0.1241258741258741,0.0236508994003997,0.7473684210526316,0.0009993337774816,11.387945198784442,0.0223645426691111,0.0286314393101923,-16.692660550458715,2458000000.0,-651000000.0,-3674000000.0,10528000000.0,3058500000.0,1731500000.0,-3000000.0,91.6788807461692,85.95449500554938,-0.2996670366259711,0.9816873773708306,1.0470656595002903,-300.3333333333333,0.0391830559757942,0.1302752293577981,2013-02-12,0.52,bmo,3002000000.0,2025-04-24,2012-12-31,0.0,34.60322580645161,2462459.9516129037
2012-09-30,MMC,USD,62709,2012-11-08,2012-11-08 13:32:29,2012,Q3,2845000000.0,707000000.0,2138000000.0,0.7514938489,0,1760000000.0,0.0,1760000000.0,707000000.0,2467000000.0,2467000000.0,6000000.0,44000000.0,87000000.0,467000000.0,0.1641476274,378000000.0,0.1328646749,-42000000.0,336000000.0,0.1181019332,90000000.0,241000000.0,0.0847100176,0.44,0.44,544000000,552000000,https://www.sec.gov/Archives/edgar/data/62709/000006270912000064/0000062709-12-000064-index.htm,https://www.sec.gov/Archives/edgar/data/62709/000006270912000064/mmc-0930201210q.htm,5.229779411764706,0.4430147058823529,1.2573529411764706,1.0735294117647058,3.757352941176471,12.095588235294118,-0.9797794117647058,12.095588235294118,5.446691176470588,18642880000.0,19517880000.0,19.339087136929464,6.552857644991213,27.255672514619885,31.9227397260274,2.83326443768997,2.83326443768997,6.860414762741652,41.794175588865095,28.534912280701757,33.421027397260275,0.0129271872157091,0.031325632091179,0.4436170212765957,0.1854982206405694,1.873661670235546,1.611808328579578,8.590909090909092,2.769230769230769,0.0068122521842118,0.5269709543568465,0.6186291739894552,0.0,0.4520208439247585,0.1461988304093567,0.0351493848857645,1.1494252873563218,0.0010544815465729,10.980290431131118,0.022159500360317,0.0279485097993737,-8.856158088235293,2145000000.0,-533000000.0,-3505000000.0,10065000000.0,3080500000.0,1750000000.0,0.0,96.76977152899823,221.75388967468177,0.0,0.9300424975482184,0.4058553386911596,0.0,0.0366261398176291,0.1838235294117647,2012-11-06,0.38,bmo,2772051282.0,2025-04-24,2012-09-30,0.0263157894736842,33.51714285714286,2314156.634920635
2012-06-30,MMC,USD,62709,2012-08-08,2012-08-08 15:37:09,2012,Q2,3026000000.0,732000000.0,2294000000.0,0.758096497,0,1776000000.0,0.0,1776000000.0,732000000.0,2508000000.0,2508000000.0,6000000.0,45000000.0,84000000.0,612000000.0,0.202247191,518000000.0,0.17118308,-35000000.0,483000000.0,0.1596166557,144000000.0,329000000.0,0.1087243886,0.6,0.59,545000000,553000000,https://www.sec.gov/Archives/edgar/data/62709/000006270912000046/0000062709-12-000046-index.htm,https://www.sec.gov/Archives/edgar/data/62709/000006270912000046/mmc-0630201210q.htm,5.552293577981652,0.6036697247706422,1.0440366972477064,0.8642201834862385,2.759633027522936,11.640366972477064,-1.3614678899082568,11.640366972477064,5.444036697247706,17565350000.0,18983350000.0,13.347530395136776,5.804808327825512,30.87056239015817,37.29373673036093,2.768813051702395,2.768813051702395,6.273413747521481,31.018545751633987,33.36265377855887,40.30435244161359,0.0187300566171468,0.0268141540020551,0.460592686002522,0.1922115511116958,2.316993464052288,1.638801261829653,11.511111111111113,1.688427299703264,0.0068885618561543,0.3677811550151976,0.5869134170522141,0.0,0.4661228785686094,0.172231985940246,0.0323859881031064,1.1666666666666667,0.002974223397224,12.574024230386678,0.0295797915052725,0.0405372104484968,-9.224770642201834,2025000000.0,-742000000.0,-3663000000.0,9911000000.0,3055000000.0,1815500000.0,0.0,92.26040978189027,216.14754098360652,0.0,0.9754996776273372,0.4163822525597269,0.0,0.0518600252206809,0.1798165137614679,2012-08-07,0.58,bmo,2877180327.0,2025-04-24,2012-06-30,0.0517241379310345,32.31777777777778,3154850.3174603176
2012-03-31,MMC,USD,62709,2012-03-31,2012-03-30 20:00:00,2012,Q1,3051000000.0,0.0,3051000000.0,1.0,0,1796000000.0,0.0,1796000000.0,728000000.0,2524000000.0,2524000000.0,6000000.0,46000000.0,83000000.0,636000000.0,0.2084562439,527000000.0,0.1727302524,-20000000.0,507000000.0,0.1661750246,153000000.0,347000000.0,0.1137332022,0.64,0.63,542000000,551000000,,,5.629151291512915,0.6402214022140221,-0.9280442804428044,-1.022140221402214,2.601476014760148,11.559040590405903,-1.5940959409594095,11.559040590405903,5.477859778597786,17772180000.0,19285180000.0,12.804164265129684,5.825034414945919,-35.33236580516898,-32.07974729241877,2.8367406225059857,2.8367406225059857,6.320937397574566,30.32261006289308,-38.340318091451294,-34.81079422382671,0.0195248979022269,-0.0311723153828061,0.466560255387071,0.1947368421052631,2.3789308176100628,1.6606200527704484,11.456521739130435,-1.42090395480226,0.0068083937929955,0.3487031700288184,0.588659455916093,0.0,0.4749500333111259,-0.1013916500994035,0.0167158308751229,0.6144578313253012,0.0036053752867912,12.903788840428437,0.0300698289647315,0.0440299454383961,-9.370848708487085,2003000000.0,-864000000.0,-3710000000.0,9927000000.0,2957000000.0,1944500000.0,188000000.0,88.73156342182891,0.0,0.0,1.0142952127659577,0.0,0.0,0.0553870710295291,0.0940959409594096,2012-05-01,0.61,bmo,2950967213.0,2025-04-24,2012-03-31,0.0327868852459016,31.971129032258062,3019593.8225806453
2011-12-31,MMC,USD,62709,2012-02-28,2012-02-28 16:38:19,2011,Q4,2908000000.0,0.0,2908000000.0,1.0,0,1767000000.0,0.0,1767000000.0,750000000.0,2517000000.0,2517000000.0,7000000.0,50000000.0,82000000.0,476000000.0,0.1636863824,391000000.0,0.1344566713,-47000000.0,344000000.0,0.1182943604,100000000.0,256000000.0,0.0880330124,0.47,0.47,539000000,542000000,https://www.sec.gov/Archives/edgar/data/62709/000006270912000016/0000062709-12-000016-index.htm,https://www.sec.gov/Archives/edgar/data/62709/000006270912000016/mmc-1231201110k.htm,5.39517625231911,0.4749536178107607,1.3172541743970316,1.1781076066790352,-3.653061224489796,11.020408163265309,-1.8979591836734693,10.91465677179963,5.525046382189239,17043180000.0,17858180000.0,16.64373046875,5.860790921595599,24.004478873239435,26.839653543307087,2.897021927587965,2.897021927587965,6.141052269601101,37.51718487394958,25.1523661971831,28.12311811023622,0.0150206710250082,0.0372583050815634,0.4977052524222335,0.189465510547431,1.7121848739495795,1.510564322011233,7.82,2.730769230769231,0.0071582885353554,0.4765625,0.6076341127922971,0.0,0.4505629610456839,0.1056338028169014,0.0257909215955983,0.9146341463414634,0.0017193947730398,10.799953875869166,0.0231596834490459,0.030149570133082,-16.91187384044527,1909000000.0,-1023000000.0,-3866000000.0,9676000000.0,2915500000.0,1917500000.0,188000000.0,89.93810178817056,0.0,0.0,1.0006882312456986,0.0,0.0,0.043515213326534,0.1391465677179963,2012-02-14,0.45,bmo,2844782608.0,2025-04-24,2011-12-31,0.0222222222222222,29.79809523809524,3239917.1428571427
2011-09-30,MMC,USD,62709,2011-11-04,2011-11-04 14:30:49,2011,Q3,2806000000.0,743000000.0,2063000000.0,0.7352102637,0,1753000000.0,0.0,1753000000.0,743000000.0,2496000000.0,2496000000.0,9000000.0,49000000.0,85000000.0,332000000.0,0.1183178902,310000000.0,0.1104775481,-112000000.0,198000000.0,0.0705630791,65000000.0,130000000.0,0.0463292944,0.24,0.24,540000000,549000000,https://www.sec.gov/Archives/edgar/data/62709/000006270911000034/0000062709-11-000034-index.htm,https://www.sec.gov/Archives/edgar/data/62709/000006270911000034/mmc-9301110q.htm,5.196296296296296,0.2407407407407407,1.2314814814814814,1.114814814814815,3.174074074074074,11.97222222222222,-0.8666666666666667,11.97222222222222,5.516666666666667,14337000000.0,15553000000.0,27.571153846153848,5.109408410548824,21.559398496240604,23.8156146179402,2.217633410672854,2.217633410672854,5.542765502494654,46.84638554216867,23.38796992481203,25.835548172757477,0.0090674478621747,0.0419892585617632,0.4532095901005414,0.1937702532901263,3.6626506024096384,1.486406619385343,6.326530612244898,4.925925925925926,0.0085792006695961,0.946153846153846,0.6247327156094085,0.0,0.4585014218636333,0.0947368421052631,0.0224518888096935,0.7411764705882353,0.0014255167498218,8.05292102513349,0.0173570328609088,0.015876893014167,-8.793055555555556,1646000000.0,-468000000.0,-3626000000.0,9383000000.0,3018000000.0,1850000000.0,0.0,93.8168210976479,220.3364737550471,0.0,0.9593162393162392,0.4084661902144035,0.0,0.0201082753286929,0.1166666666666666,2011-11-02,0.23,bmo,2689083333.0,2025-04-24,2011-09-30,0.0434782608695651,28.83640625,4509709.453125
2011-06-30,MMC,USD,62709,2011-08-05,2011-08-05 15:20:45,2011,Q2,2928000000.0,735000000.0,2193000000.0,0.7489754098,0,1728000000.0,0.0,1728000000.0,735000000.0,2463000000.0,2463000000.0,5000000.0,49000000.0,82000000.0,546000000.0,0.1864754098,465000000.0,0.1588114754,-50000000.0,415000000.0,0.1417349727,129000000.0,282000000.0,0.0963114754,0.51,0.5,547000000,555000000,https://www.sec.gov/Archives/edgar/data/62709/000119312511212186/0001193125-11-212186-index.htm,https://www.sec.gov/Archives/edgar/data/62709/000119312511212186/d10q.htm,5.3528336380255945,0.5155393053016454,1.2906764168190128,1.153564899451554,3.03290676416819,12.394881170018282,-0.4021937842778793,12.394881170018282,5.634369287020109,17060930000.0,18434930000.0,15.124937943262411,5.8268203551912565,24.16562322946176,27.03792393026941,2.516361356932153,2.516361356932153,6.296082650273224,33.76360805860806,26.111798866855523,29.21541996830428,0.0165289934370517,0.0369850881517009,0.4473451327433628,0.1962979742411494,2.5164835164835164,1.5996298581122763,9.489795918367347,2.442906574394464,0.0069163873247237,0.4184397163120567,0.5901639344262295,0.0,0.4530451103488447,0.1062322946175637,0.0256147540983606,0.9146341463414634,0.001707650273224,11.990666771409028,0.0257003634072741,0.0333688320908768,-8.553473491773309,1944000000.0,-220000000.0,-3485000000.0,9767000000.0,3161500000.0,1838500000.0,0.0,95.625,230.32653061224488,0.0,0.9411764705882352,0.390749601275917,0.0,0.0415929203539823,0.1371115173674588,2011-08-03,0.48,bmo,2810880000.0,2025-04-24,2011-06-30,0.0416666666666667,30.025396825396825,3017979.761904762
2011-03-31,MMC,USD,62709,2011-05-06,2011-05-06 16:13:31,2011,Q1,2884000000.0,0.0,2884000000.0,1.0,0,1721000000.0,0.0,1721000000.0,691000000.0,2412000000.0,2412000000.0,7000000.0,51000000.0,83000000.0,479000000.0,0.1660887656,472000000.0,0.1636615811,-25000000.0,447000000.0,0.1549930652,128000000.0,325000000.0,0.1126907074,0.59,0.58,544000000,552000000,https://www.sec.gov/Archives/edgar/data/62709/000119312511130709/0001193125-11-130709-index.htm,https://www.sec.gov/Archives/edgar/data/62709/000119312511130709/d10q.htm,5.301470588235294,0.5974264705882353,-0.6911764705882353,-0.8143382352941176,2.4448529411764706,12.292279411764708,-0.5625,12.292279411764708,5.667279411764706,16216640000.0,17918640000.0,12.474338461538462,5.622968099861303,-43.12936170212766,-36.60641083521445,2.425099446687603,2.425099446687603,6.213120665742025,37.40843423799583,-47.65595744680851,-40.44839729119639,0.0200411429247982,-0.0273176194328788,0.4534170779123673,0.2011543820075632,3.5532359081419624,1.7085496711664936,9.254901960784316,-1.13595166163142,0.0072148114529273,0.36,0.5967406380027739,0.0,0.4639421482120348,-0.1781914893617021,0.0232316227461858,0.8072289156626506,0.0024271844660194,12.8543375889323,0.0270663851595791,0.0402227722772277,-8.542279411764707,2047000000.0,-306000000.0,-3450000000.0,9868000000.0,3123500000.0,1768500000.0,0.0,100.23578363384188,0.0,0.0,0.8978829389788294,0.0,0.0,0.0486017646179153,0.1231617647058823,2011-05-04,0.56,bmo,2884000000.0,2025-04-24,2011-03-31,0.0,28.926129032258064,3382025.419354839
2010-12-31,MMC,USD,62709,2011-02-28,2011-02-25 18:23:55,2010,Q4,2785000000.0,0.0,2785000000.0,1.0,0,1690000000.0,0.0,1690000000.0,770000000.0,2460000000.0,2460000000.0,7000000.0,53000000.0,83000000.0,434000000.0,0.1558348294,325000000.0,0.1166965889,-27000000.0,298000000.0,0.1070017953,106000000.0,203000000.0,0.0728904847,0.37,0.37,543000000,544000000,https://www.sec.gov/Archives/edgar/data/62709/000119312511047795/0001193125-11-047795-index.htm,https://www.sec.gov/Archives/edgar/data/62709/000119312511047795/d10k.htm,5.128913443830571,0.3738489871086556,1.2375690607734806,1.0939226519337018,-3.554327808471455,11.813996316758749,-0.7513812154696132,11.72744014732965,5.685082872928176,14845620000.0,15985620000.0,18.28278325123153,5.330563734290844,22.091696428571428,24.992626262626263,2.331284547738693,2.331284547738693,5.739899461400359,36.833225806451615,23.788125,26.91181818181818,0.0136740668291388,0.0400118014606328,0.4764447236180904,0.1981711299804049,2.6267281105990783,1.699194847020934,6.132075471698113,3.262135922330097,0.0080158322791503,0.5862068965517241,0.6068222621184919,0.0,0.4456564337034618,0.1160714285714285,0.0280071813285457,0.9397590361445785,0.0014362657091561,9.932097535781296,0.0171453347379319,0.0239189348415223,-15.743554327808472,2171000000.0,-408000000.0,-3619000000.0,9816000000.0,3045000000.0,1760500000.0,0.0,98.0789946140036,0.0,0.0,0.9176276771004942,0.0,0.0,0.0318781407035175,0.143646408839779,2011-02-15,0.39,bmo,2649146341.0,2025-04-24,2010-12-31,0.0512820512820511,25.53703125,2569036.265625
2010-09-30,MMC,USD,62709,2010-11-09,2010-11-09 15:44:47,2010,Q3,2524000000.0,699000000.0,1825000000.0,0.7230586371,0,1586000000.0,0.0,1586000000.0,699000000.0,2285000000.0,2285000000.0,6000000.0,60000000.0,84000000.0,327000000.0,0.1295562599,239000000.0,0.0946909667,-56000000.0,183000000.0,0.072503962,55000000.0,168000000.0,0.0665610143,0.3,0.3,543000000,548000000,https://www.sec.gov/Archives/edgar/data/62709/000119312510254061/0001193125-10-254061-index.htm,https://www.sec.gov/Archives/edgar/data/62709/000119312510254061/d10q.htm,4.648250460405157,0.3093922651933701,-0.4088397790055249,-0.5009208103130756,3.1215469613259668,11.813996316758749,-0.427255985267035,11.813996316758749,5.703499079189687,13097160000.0,14439160000.0,19.48982142857143,5.18904912836767,-58.99621621621622,-48.15132352941176,2.041646141855028,2.041646141855028,5.720744849445325,44.15645259938838,-65.04126126126125,-53.08514705882353,0.0128272083413503,-0.020767861124091,0.4734216679657054,0.2037844729249144,4.103975535168196,1.7119104173736002,3.983333333333333,-1.2982456140350878,0.0085514722275668,0.6666666666666666,0.6283676703645008,0.0,0.4460175803529491,-0.2252252252252252,0.019809825673534,0.5952380952380952,0.001188589540412,9.06868674793284,0.0139715335484416,0.0203488372093023,-8.290515653775323,2098000000.0,-232000000.0,-3443000000.0,9561000000.0,3135000000.0,2026500000.0,0.0,108.93423137876388,229.1845493562232,0.0,0.8261865793780687,0.3926966292134831,0.0,0.0261886204208885,0.0920810313075506,2010-11-09,0.28,bmo,2617481481.0,2025-04-24,2010-09-30,-0.0357142857142857,23.6,3057906.15625
2010-06-30,MMC,USD,62709,2010-08-06,2010-08-06 13:36:40,2010,Q2,2606000000.0,1042000000.0,1564000000.0,0.6001534919,0,1614000000.0,0.0,1614000000.0,1042000000.0,2656000000.0,2656000000.0,3000000.0,60000000.0,93000000.0,64000000.0,0.0245587107,-50000000.0,-0.0191864927,-39000000.0,-89000000.0,-0.034151957,-60000000.0,236000000.0,0.0905602456,0.43,0.43,541000000,545000000,https://www.sec.gov/Archives/edgar/data/62709/000119312510181002/0001193125-10-181002-index.htm,https://www.sec.gov/Archives/edgar/data/62709/000119312510181002/d10q.htm,4.817005545286507,0.4362292051756007,0.966728280961183,0.8502772643253235,2.7264325323475047,11.170055452865064,-0.8428835489833642,11.170055452865064,6.743068391866913,12199550000.0,14312550000.0,12.923252118644069,4.681331542594013,23.326099426386232,26.52076086956522,2.018790335925865,2.018790335925865,5.492152724481965,223.63359375,27.36625239005736,31.114239130434783,0.0193449758392727,0.0377063088392604,0.5937448287274533,0.2296908008450163,33.015625,1.3440832249674903,-0.8333333333333334,2.1611570247933884,0.0091806664999938,0.4745762711864407,0.6193399846508059,0.0,0.4160425068817617,0.1204588910133843,0.0241749808135072,0.6774193548387096,0.0019186492709132,10.470713885372907,-0.0013209125045776,0.0258715194036395,-10.52079482439926,1323000000.0,-456000000.0,-4410000000.0,8637000000.0,3075000000.0,2071500000.0,0.0,111.03223330775134,196.32437619961613,0.0,0.8105754276827372,0.4584249890013198,0.0,0.0390534502730431,0.1164510166358595,2010-08-03,0.44,bmo,2492695652.0,2025-04-24,2010-06-30,0.0454545454545455,23.15015873015873,3820571.523809524
2010-03-31,MMC,USD,62709,2010-05-07,2010-05-07 14:27:15,2010,Q1,2795000000.0,0.0,2795000000.0,1.0,0,1650000000.0,0.0,1650000000.0,706000000.0,2356000000.0,2356000000.0,4000000.0,60000000.0,97000000.0,534000000.0,0.1910554562,439000000.0,0.1570661896,-34000000.0,391000000.0,0.1398926655,117000000.0,248000000.0,0.0887298748,0.46,0.45,533000000,536000000,https://www.sec.gov/Archives/edgar/data/62709/000119312510112622/0001193125-10-112622-index.htm,https://www.sec.gov/Archives/edgar/data/62709/000119312510112622/d10q.htm,5.243902439024391,0.4652908067542214,-0.4709193245778612,-0.6210131332082551,2.189493433395872,11.283302063789868,-2.318949343339588,11.283302063789868,6.848030018761726,13015860000.0,15438860000.0,13.120826612903226,4.656837209302325,-51.85601593625498,-39.32283987915408,2.164260059860326,2.164260059860326,5.523742397137746,28.911722846441947,-61.50940239043825,-46.643081570996976,0.0190536775902629,-0.0254305132353912,0.59694047223146,0.2399411843336452,4.537453183520599,1.4467548834278512,7.316666666666666,-0.996031746031746,0.008374398618301,0.439516129032258,0.590339892665474,0.0,0.4845608875818741,-0.3187250996015936,0.0286225402504472,0.8247422680412371,0.0021466905187835,10.86854986658883,0.024917935253888,0.0321576763485477,-10.46857410881801,1418000000.0,-1236000000.0,-4356000000.0,9588000000.0,2829500000.0,1810500000.0,0.0,94.50805008944543,0.0,0.0,0.9522998296422488,0.0,0.0,0.0412371134020618,0.150093808630394,2010-05-04,0.51,bmo,2635000000.0,2025-04-24,2010-03-31,0.0,22.92934426229508,3304861.934426229
2009-12-31,MMC,USD,62709,2010-02-26,2010-02-26 15:34:52,2009,Q4,2732000000.0,0.0,2732000000.0,1.0,0,1703000000.0,0.0,1703000000.0,1039000000.0,2742000000.0,2742000000.0,4000000.0,61000000.0,88000000.0,105000000.0,0.0384333821,-10000000.0,-0.0036603221,-34000000.0,-44000000.0,-0.0161054173,-48000000.0,23000000.0,0.0084187408,0.0432,0.0432,525000000,533000000,https://www.sec.gov/Archives/edgar/data/62709/000119312510042765/0001193125-10-042765-index.htm,https://www.sec.gov/Archives/edgar/data/62709/000119312510042765/d10k.htm,5.203809523809523,0.0438095238095238,0.4476190476190476,0.2647619047619047,-3.394285714285714,11.167619047619048,-2.4952380952380957,11.10095238095238,6.958095238095238,11592000000.0,13407000000.0,126.0,4.243045387994144,49.32765957446808,83.39568345323741,1.989018531228552,1.989018531228552,4.907393850658858,127.68571428571428,57.05106382978723,96.45323741007196,0.0019841269841269,0.0119910282953761,0.6163349347975292,0.2342048640542479,17.285714285714285,1.3316230083715903,-0.1639344262295081,9.4,0.0094030365769496,4.739130434782608,0.6233528550512445,0.0,0.4676925083132294,0.4085106382978723,0.0351390922401171,1.0909090909090908,0.0,3.307924930668587,7.456454306848001e-05,0.0028172464478196,-17.548571428571428,1228000000.0,-1310000000.0,-4543000000.0,9353000000.0,2719000000.0,1725000000.0,0.0,89.73645680819912,0.0,0.0,1.0029368575624082,0.0,0.0,0.0039464653397391,0.1828571428571428,2010-02-10,0.37,bmo,2496526315.0,2025-04-24,2009-12-31,0.0540540540540541,23.3225,3973322.3125
2009-09-30,MMC,USD,62709,2009-11-05,2009-11-05 16:05:25,2009,Q3,2523000000.0,701000000.0,1822000000.0,0.7221561633,0,1606000000.0,0.0,1606000000.0,701000000.0,2307000000.0,2307000000.0,3000000.0,59000000.0,94000000.0,219000000.0,0.0868014269,216000000.0,0.0856123662,-14000000.0,181000000.0,0.0717399921,-40000000.0,221000000.0,0.087594134,0.41,0.41,524000000,526000000,https://www.sec.gov/Archives/edgar/data/62709/000119312509225519/0001193125-09-225519-index.htm,https://www.sec.gov/Archives/edgar/data/62709/000119312509225519/d10q.htm,4.814885496183206,0.4217557251908397,1.2232824427480915,1.0973282442748091,3.4599236641221376,11.524809160305344,-1.923664122137405,11.524809160305344,6.973282442748092,12958520000.0,14740520000.0,14.6589592760181,5.136155370590567,20.21609984399376,22.53655652173913,2.1458055969531378,2.1458055969531378,5.842457391993658,67.3083105022831,22.99613104524181,25.63568695652173,0.0170544167080808,0.0443723511635588,0.595297234641497,0.2343393520630989,8.136986301369863,1.433695971773008,3.6610169491525424,2.848888888888889,0.0088744702327117,0.5203619909502263,0.6365437970669837,0.0,0.4593572778827977,0.1029641185647426,0.0261593341260404,0.7021276595744681,0.0,10.45775886672373,0.0211021608761269,0.0266457680250783,-10.407442748091604,1475000000.0,-1008000000.0,-4426000000.0,9486000000.0,2784000000.0,1705500000.0,0.0,96.81331747919144,218.13124108416548,0.0,0.9296241709653648,0.4125956444967628,0.0,0.036595462824971,0.1259541984732824,2009-11-04,0.26,bmo,2161531726.0,2025-04-24,2009-09-30,0.846153846153846,22.06421875,4147247.25
2009-06-30,MMC,USD,62709,2009-08-07,2009-08-07 15:46:44,2009,Q2,2629000000.0,731000000.0,1898000000.0,0.7219475086,0,1604000000.0,0.0,1604000000.0,731000000.0,2335000000.0,2335000000.0,4000000.0,65000000.0,93000000.0,359000000.0,0.1365538227,-21000000.0,-0.0079878281,-407000000.0,-113000000.0,-0.0429821225,49000000.0,-193000000.0,-0.0734119437,-0.37,-0.37,522000000,523000000,https://www.sec.gov/Archives/edgar/data/62709/000119312509169035/0001193125-09-169035-index.htm,https://www.sec.gov/Archives/edgar/data/62709/000119312509169035/d10q.htm,5.03639846743295,-0.3697318007662835,0.4099616858237548,0.2681992337164751,2.4731800766283527,11.03448275862069,-2.342911877394636,10.971264367816092,7.015325670498084,10507860000.0,12813860000.0,-13.61121761658031,3.996903765690377,49.10214953271028,75.05614285714286,1.8347930853850185,1.8347930853850185,4.874043362495246,35.69320334261838,59.87785046728972,91.52757142857143,-0.018367203217401,0.0133233598468194,0.6280775275013096,0.2410696334025869,6.423398328690808,1.6816479400749065,-0.3230769230769231,-1.1382978723404256,0.0099925198851145,-0.5440414507772021,0.6101179155572461,0.0,0.4679981234501709,0.3457943925233644,0.0281475846329402,0.7956989247311828,0.0,,-0.0024556439388471,-0.0243134290753338,-10.976053639846745,1820000000.0,-1223000000.0,-4671000000.0,9773000000.0,2800000000.0,1691000000.0,0.0,97.70254849752756,210.7797537619699,0.0,0.9211632796075684,0.4269859813084112,0.0,-0.0337000174611489,0.1417624521072797,2009-08-05,0.32,bmo,2395151515.0,2025-04-24,2009-06-30,0.03125,20.136190476190475,5591160.634920635
2009-03-31,MMC,USD,62709,2009-05-08,2009-05-08 17:10:46,2009,Q1,2629000000.0,0.0,2629000000.0,1.0,0,1578000000.0,0.0,1578000000.0,720000000.0,2298000000.0,2298000000.0,6000000.0,56000000.0,90000000.0,405000000.0,0.15405097,331000000.0,0.1259033853,-65000000.0,266000000.0,0.1011791556,82000000.0,176000000.0,0.0669456067,0.33,0.33,515000000,515000000,https://www.sec.gov/Archives/edgar/data/62709/000119312509105574/0001193125-09-105574-index.htm,https://www.sec.gov/Archives/edgar/data/62709/000119312509105574/d10q.htm,5.104854368932039,0.341747572815534,-0.8737864077669902,-1.007766990291262,2.745631067961165,11.05631067961165,-2.786407766990292,10.990291262135925,7.871844660194175,10428750000.0,13012750000.0,14.813565340909092,3.966812476226702,-23.175,-20.09393063583815,1.842535335689046,1.842535335689046,4.949695701787752,32.130246913580244,-28.91722222222222,-25.07273603082852,0.0168764233489152,-0.0497662711254944,0.7063604240282686,0.2690444145356662,6.380246913580247,1.6124419020378975,5.910714285714286,-2.5,0.0097806544408486,0.5795454545454546,0.600228223659186,0.0,0.4797442799461642,-0.1533333333333333,0.0262457208063902,0.7666666666666667,0.0,9.192816253784326,0.0183595867223989,0.0227654895873755,-11.053398058252426,1713000000.0,-1435000000.0,-4656000000.0,9787000000.0,2750500000.0,1679000000.0,0.0,94.00532521871432,0.0,0.0,0.9573925710123816,0.0,0.0,0.031095406360424,0.1339805825242718,2009-05-06,0.43,bmo,2626225000.0,2025-04-24,2009-03-31,-0.069767441860465,20.218852459016396,6590974.393442623
2008-12-31,MMC,USD,62709,2009-02-27,2009-02-27 15:33:14,2008,Q4,2662000000.0,0.0,2662000000.0,1.0,0,0.0,0.0,2563000000.0,0.0,2563000000.0,2563000000.0,0.0,0.0,102000000.0,201000000.0,0.0755071375,99000000.0,0.0371900826,-28000000.0,71000000.0,0.0266716754,-5000000.0,80000000.0,0.030052592,0.16,0.16,514000000,515000000,https://www.sec.gov/Archives/edgar/data/62709/000119312509040859/0001193125-09-040859-index.htm,https://www.sec.gov/Archives/edgar/data/62709/000119312509040859/d10k.htm,5.178988326848249,0.1556420233463035,1.2412451361867705,1.140077821011673,-3.1361867704280155,11.132295719844358,-2.803501945525292,11.132295719844358,7.007782101167315,12474780000.0,14391780000.0,38.9836875,4.686243425995492,19.55294670846395,21.2880204778157,2.180143306536176,2.180143306536176,5.406378662659654,71.60089552238806,22.55764890282132,24.55935153583618,0.0064129387452123,0.0469747763086804,0.6295001747640685,0.2368801788767591,9.537313432835822,1.4128765505020673,0.0,7.975,0.008336820368776,1.3,0.0,0.0,0.4710640536630277,0.0815047021943573,0.019534184823441,0.5098039215686274,0.0,6.243772351898676,0.0086663257266859,0.0099465373616809,-17.56760700389105,1398000000.0,-1441000000.0,-4700000000.0,9530000000.0,2834500000.0,1687000000.0,0.0,93.1442524417731,0.0,0.0,0.9662431941923776,0.0,0.0,0.0139811254806011,0.1011673151750972,2009-02-11,0.32,bmo,2284972972.0,2025-04-24,2008-12-31,0.1562499999999999,25.364375,5923814.140625
2008-09-30,MMC,USD,62709,2008-11-07,2008-11-07 15:26:41,2008,Q3,2838000000.0,957000000.0,1881000000.0,0.6627906977,0,0.0,0.0,2768000000.0,2768000000.0,2768000000.0,2768000000.0,0.0,0.0,98000000.0,70000000.0,0.0246652572,70000000.0,0.0246652572,-67000000.0,3000000.0,0.0010570825,-18000000.0,-8000000.0,-0.0028188865,-0.0156,-0.0153,513000000,523000000,https://www.sec.gov/Archives/edgar/data/62709/000119312508229895/0001193125-08-229895-index.htm,https://www.sec.gov/Archives/edgar/data/62709/000119312508229895/d10q.htm,5.5321637426900585,-0.0155945419103313,1.1267056530214423,0.912280701754386,2.847953216374269,13.48148148148148,-0.8167641325536062,13.48148148148148,7.02729044834308,16292880000.0,18436880000.0,-509.1525,5.740972515856237,28.188373702422144,34.81384615384616,2.355824175824176,2.355824175824176,6.496434108527132,263.384,31.897716262975777,39.395042735042736,-0.0004910120248844,0.0287242034557426,0.521255060728745,0.2249469611880694,30.62857142857143,1.4499094749547374,0.0,-72.25,0.0062604033172772,-12.75,0.0,0.0,0.4576937476600524,0.1903114186851211,0.0387596899224806,1.1224489795918366,0.0,,0.0373475609756097,-0.0009204924634679,-10.65009746588694,1491000000.0,-419000000.0,-4305000000.0,9863000000.0,3028500000.0,1736500000.0,0.0,92.41014799154334,158.5579937304075,0.0,0.9739190116678106,0.5676156583629893,0.0,-0.0011567379988432,0.2144249512670565,2008-11-05,0.32,bmo,4295619047.0,2025-04-24,2008-09-30,-0.34375,30.41703125,5746385.21875
2008-06-30,MMC,USD,62709,2008-08-08,2008-08-07 18:01:24,2008,Q2,3048000000.0,866000000.0,2182000000.0,0.7158792651,0,0.0,0.0,2751000000.0,115000000.0,2866000000.0,2866000000.0,12000000.0,55000000.0,103000000.0,279000000.0,0.0915354331,182000000.0,0.0597112861,-61000000.0,123000000.0,0.0403543307,66000000.0,65000000.0,0.0213254593,0.12,0.12,512000000,512000000,https://www.sec.gov/Archives/edgar/data/62709/000119312508170360/0001193125-08-170360-index.htm,https://www.sec.gov/Archives/edgar/data/62709/000119312508170360/d10q.htm,5.953125,0.126953125,0.1640625,-0.03515625,2.275390625,14.7109375,0.3046875,14.7109375,7.15234375,13593600000.0,16035600000.0,52.283076923076926,4.459842519685039,161.82857142857142,-755.2,1.8047796070100903,1.8047796070100903,5.261023622047244,57.4752688172043,190.9,-890.8666666666667,0.0047816619585687,-0.0013241525423728,0.4788900690387679,0.2195107108081791,8.75268817204301,1.4689910521443998,3.309090909090909,1.2923076923076924,0.0075770951035781,1.5846153846153843,0.0,0.0,0.4488802336903603,1.2142857142857142,0.0334645669291338,0.9902912621359224,0.0,6.482359791337987,0.0062020342241807,0.0071775618374558,-10.50341796875,1520000000.0,156000000.0,-4139000000.0,9945000000.0,3106500000.0,1780000000.0,0.0,92.80511811023622,185.715935334873,0.0,0.9697741011772192,0.4846110800223839,0.0,0.0086298459904407,0.19921875,2008-08-06,0.35,bmo,2589146341.0,2025-04-24,2008-06-30,0.1714285714285714,26.99015625,3076509.0
2008-03-31,MMC,USD,62709,2008-05-08,2008-05-08 15:38:37,2008,Q1,3047000000.0,0.0,3047000000.0,1.0,0,0.0,0.0,2702000000.0,425000000.0,3127000000.0,3127000000.0,18000000.0,56000000.0,101000000.0,39000000.0,0.0127994749,-80000000.0,-0.0262553331,-30000000.0,-118000000.0,-0.0387266163,94000000.0,-210000000.0,-0.0689202494,-0.4,-0.4,519000000,519000000,https://www.sec.gov/Archives/edgar/data/62709/000119312508107708/0001193125-08-107708-index.htm,https://www.sec.gov/Archives/edgar/data/62709/000119312508107708/d10q.htm,5.870905587668593,-0.4046242774566474,-0.8921001926782274,-1.1271676300578035,2.4759152215799616,14.495183044315992,0.1252408477842004,14.495183044315992,7.065510597302505,12637650000.0,14963650000.0,-15.044821428571428,4.147571381686905,-27.2951403887689,-21.60282051282051,1.6798684035624087,1.6798684035624087,4.910945191992123,383.6833333333333,-32.31889848812095,-25.57888888888889,-0.0166170134479115,-0.0462902517477537,0.4799946829722185,0.2192071875189704,59.64102564102564,1.6587990281152378,-1.4285714285714286,2.204761904761905,0.0081502494530233,-0.4904761904761904,0.0,0.0,0.452740848661446,-0.2634989200863931,0.0400393829996718,1.207920792079208,0.0,,-0.0105675180912669,-0.0232945091514143,-10.332369942196532,1898000000.0,65000000.0,-4171000000.0,10375000000.0,2972000000.0,1721500000.0,0.0,90.6793567443387,0.0,0.0,0.9925081433224756,0.0,0.0,-0.0279143958527183,0.2350674373795761,2008-05-07,0.45,bmo,2958260869.0,2025-04-24,2008-03-31,0.0222222222222222,26.095901639344262,4212891.0
2007-12-31,MMC,USD,62709,2008-02-29,2008-02-29 13:55:02,2007,Q4,2925000000.0,0.0,2925000000.0,1.0,0,0.0,0.0,2760000000.0,0.0,2760000000.0,2760000000.0,0.0,0.0,104000000.0,269000000.0,0.091965812,165000000.0,0.0564102564,-25000000.0,140000000.0,0.0478632479,44000000.0,85000000.0,0.0290598291,0.16,0.16,519000000,519000000,https://www.sec.gov/Archives/edgar/data/62709/000119312508043337/0001193125-08-043337-index.htm,https://www.sec.gov/Archives/edgar/data/62709/000119312508043337/d10k.htm,5.635838150289017,0.163776493256262,-0.581888246628131,-0.8053949903660886,-2.8497109826589595,15.071290944123314,0.1213872832369942,15.071290944123314,7.445086705202312,13737930000.0,15468930000.0,40.40567647058823,4.696728205128205,-45.489834437086095,-32.865861244019136,1.756319355663513,1.756319355663513,5.288523076923077,57.50531598513011,-51.221622516556295,-37.00700956937799,0.0061872494618912,-0.030426709118477,0.4939913065712094,0.2225934673656316,6.434944237918216,1.5614085313484112,0.0,-3.552941176470588,0.0072791170139897,1.1764705882352942,0.0,0.0,0.4469727518866294,-0.3841059602649007,0.0396581196581196,1.1153846153846154,0.0,7.452333295193589,0.008009546732469,0.0088541666666666,-17.072254335260116,1961000000.0,63000000.0,-4083000000.0,10712000000.0,2937500000.0,1633000000.0,0.0,88.43076923076923,0.0,0.0,1.0177453027139876,0.0,0.0,0.0108667859882383,0.2235067437379576,2008-02-12,0.31,bmo,3487500000.0,2025-04-24,2007-12-31,-0.1612903225806451,25.481875,3764400.0625
2007-09-30,MMC,USD,62709,2007-11-09,2007-11-09 16:45:17,2007,Q3,2794000000.0,810000000.0,1984000000.0,0.7100930565,0,0.0,0.0,2600000000.0,2600000000.0,2600000000.0,2600000000.0,0.0,0.0,102000000.0,194000000.0,0.0694345025,194000000.0,0.0694345025,-35000000.0,159000000.0,0.0569076593,75000000.0,1945000000.0,0.6961345741,3.64,3.6,534000000,540000000,https://www.sec.gov/Archives/edgar/data/62709/000006270907000201/0000062709-07-000201-index.htm,https://www.sec.gov/Archives/edgar/data/62709/000006270907000201/f10q3qtr2007.htm,5.232209737827716,3.642322097378277,0.4400749063670412,0.2584269662921348,5.2790262172284645,12.9625468164794,-1.5617977528089888,12.9625468164794,7.245318352059925,13755840000.0,14805840000.0,1.7681028277634965,4.923350035790981,58.535489361702126,99.68,1.9872637965905808,1.9872637965905808,5.29915533285612,76.31876288659794,63.00357446808511,107.28869565217391,0.1413944913578523,0.0100321027287319,0.5589425021670038,0.2205438066465256,5.412371134020619,1.474239156482147,0.0,0.1208226221079691,0.0074877288482564,0.0529562982005141,0.0,0.0,0.4421136635695149,0.4127659574468085,0.0347172512526843,0.9509803921568628,0.0,32.59309498849681,0.0075183807245991,0.1987330131807499,-10.39559925093633,1979000000.0,-834000000.0,-4469000000.0,10718000000.0,3014500000.0,2057500000.0,0.0,96.66785969935576,177.33333333333334,0.0,0.931022992335888,0.5075187969924813,0.0,0.2809881537127998,0.1816479400749063,2007-11-08,0.32,bmo,4967111111.0,2025-04-24,2007-09-30,-0.4375,27.555238095238096,3885238.1746031744
2007-06-30,MMC,USD,62709,2007-08-09,2007-08-09 15:07:47,2007,Q2,2819000000.0,854000000.0,1965000000.0,0.6970556935,0,0.0,0.0,2546000000.0,2546000000.0,2546000000.0,2546000000.0,0.0,0.0,116000000.0,273000000.0,0.0968428521,273000000.0,0.0968428521,-60000000.0,213000000.0,0.0755587088,70000000.0,177000000.0,0.0627882228,0.32,0.31,548000000,558000000,https://www.sec.gov/Archives/edgar/data/62709/000006270907000158/0000062709-07-000158-index.htm,https://www.sec.gov/Archives/edgar/data/62709/000006270907000158/f10q2q07.htm,5.144160583941606,0.322992700729927,0.3996350364963503,0.2554744525547445,2.038321167883212,10.326642335766424,-3.552919708029197,10.326642335766424,9.031021897810218,16922240000.0,20754240000.0,23.90146892655367,6.002923022348351,77.27050228310502,120.87314285714284,2.990323378688814,2.990323378688814,7.3622703086200785,76.02285714285715,94.7682191780822,148.24457142857142,0.0104596081842592,0.0082731364169282,0.8745361371267009,0.2879166909069754,14.036630036630036,1.130573847601129,0.0,1.2372881355932204,0.0062048523126961,0.5932203389830508,0.0,0.0,0.4424922915818255,0.3607305936073059,0.0280241220290883,0.6810344827586207,0.0,8.662977386197944,0.013869216053034,0.0184702076593968,-14.857664233576642,694000000.0,-1947000000.0,-5521000000.0,9269000000.0,2966000000.0,2501000000.0,0.0,96.67257892869812,265.46838407494147,0.0,0.9309775429326288,0.3390234219928543,0.0,0.0312776108853154,0.1441605839416058,2007-08-07,0.65,bmo,6318448275.0,2025-04-24,2007-06-30,-0.5538461538461539,31.40079365079365,3471317.587301587
2007-03-31,MMC,USD,62709,2007-05-10,2007-05-10 15:56:03,2007,Q1,2812000000.0,0.0,2812000000.0,1.0,0,0.0,0.0,2425000000.0,0.0,2425000000.0,2425000000.0,0.0,0.0,120000000.0,507000000.0,0.1802987198,387000000.0,0.1376244666,-52000000.0,335000000.0,0.1191322902,106000000.0,268000000.0,0.0953058321,0.49,0.47,553000000,562000000,https://www.sec.gov/Archives/edgar/data/62709/000006270907000086/0000062709-07-000086-index.htm,https://www.sec.gov/Archives/edgar/data/62709/000006270907000086/f10q1q2007.htm,5.08499095840868,0.484629294755877,-0.6925858951175407,-0.8481012658227848,2.175406871609403,10.755877034358049,-2.9746835443037973,10.755877034358049,8.415913200723327,16197370000.0,19648370000.0,15.109486940298508,5.760088904694168,-42.290783289817234,-34.53597014925373,2.723162407531944,2.723162407531944,6.987329302987198,38.75418145956608,-51.301227154047,-41.894179104477615,0.0165458960312692,-0.0289553180547212,0.7824478816408877,0.2701416299048061,6.806706114398422,1.2283142389525368,0.0,-1.4291044776119404,0.006482533892848,0.3917910447761194,0.0,0.0,0.4407360111446482,-0.2245430809399478,0.0305832147937411,0.7166666666666667,0.0,10.829764299694716,0.0197643831644913,0.027815256875973,-14.283905967450272,1116000000.0,-1645000000.0,-5276000000.0,9688000000.0,2956000000.0,2479500000.0,0.0,92.94452347083926,0.0,0.0,0.96831955922865,0.0,0.0,0.0450571620712844,0.1555153707052441,2007-05-08,0.5,bmo,3056521739.0,2025-04-24,2007-03-31,-0.0799999999999999,29.794754098360656,2606559.9836065574
2006-12-31,MMC,USD,62709,2007-03-01,2007-03-01 16:43:30,2006,Q4,3032000000.0,1820000000.0,1212000000.0,0.3997361478,0,0.0,0.0,809000000.0,0.0,809000000.0,2629000000.0,0.0,0.0,145000000.0,548000000.0,0.1807387863,403000000.0,0.1329155673,-53000000.0,350000000.0,0.1154353562,119000000.0,226000000.0,0.0745382586,0.41,0.41,549000000,553000000,https://www.sec.gov/Archives/edgar/data/62709/000120677407000563/0001206774-07-000563-index.htm,https://www.sec.gov/Archives/edgar/data/62709/000120677407000563/fscmarsh_10k.htm,5.522768670309654,0.4116575591985428,1.349726775956284,1.0965391621129326,-2.941712204007286,10.599271402550093,-3.5628415300546448,10.599271402550093,9.05464480874317,16832340000.0,19714340000.0,18.619845132743365,5.551563324538258,22.71570850202429,27.960697674418604,2.8926516583605437,2.8926516583605437,6.502091029023747,35.97507299270073,26.605047233468287,32.748073089700995,0.0134265348727509,0.0357644866964426,0.8542704932118921,0.2740806087004466,5.259124087591241,1.051360605514507,0.0,3.2787610619469025,0.0055844879559229,0.415929203539823,0.0,0.0,0.4286817003914649,0.1875843454790823,0.045844327176781,0.9586206896551724,0.0,9.908258140777088,0.0194160157675742,0.0218104613009071,-21.2695810564663,285000000.0,-1956000000.0,-6484000000.0,9103000000.0,2904000000.0,2178500000.0,0.0,89.28759894459102,122.43956043956042,0.0,1.0079787234042554,0.7350565428109854,0.0,0.0388382883656985,0.2531876138433515,2007-02-13,0.36,bmo,2498769230.0,2025-04-24,2006-12-31,0.0833333333333334,30.232539682539684,2449298.4285714286
2006-09-30,MMC,USD,62709,2006-11-09,2006-11-09 16:08:09,2006,Q3,2884000000.0,1742000000.0,1142000000.0,0.3959778086,0,0.0,0.0,822000000.0,2564000000.0,822000000.0,2564000000.0,0.0,0.0,111000000.0,431000000.0,0.149445215,320000000.0,0.1109570042,-60000000.0,261000000.0,0.0904993065,77000000.0,176000000.0,0.0610263523,0.32,0.31,550000000,554000000,https://www.sec.gov/Archives/edgar/data/62709/000006270906000195/0000062709-06-000195-index.htm,https://www.sec.gov/Archives/edgar/data/62709/000006270906000195/f10q3qtr2006.htm,5.243636363636363,0.32,0.9309090909090908,0.8581818181818182,3.058181818181818,11.28,-2.9836363636363634,11.28,9.241818181818182,15482500000.0,18883500000.0,21.9921875,5.368411927877947,30.2392578125,32.80190677966102,2.495567375886525,2.495567375886525,6.547676837725382,43.81322505800464,36.8818359375,40.00741525423729,0.011367673179396,0.0304860326174713,0.8193101225016118,0.2853213584058378,7.890951276102088,1.0271128998093624,0.0,2.909090909090909,0.006071370902632,0.5340909090909091,0.0,0.0,0.4403592478248667,0.078125,0.0138696255201109,0.3603603603603603,0.0,9.01199201064892,0.0157614664802487,0.0176529588766298,-14.234545454545454,128000000.0,-1641000000.0,-6762000000.0,9071000000.0,2860500000.0,1792500000.0,0.0,87.37864077669903,97.18140068886338,0.0,1.03,0.9261031366294524,0.0,0.0283687943262411,0.0727272727272727,2006-11-01,0.35,bmo,2332105263.0,2025-04-24,2006-09-30,0.0857142857142858,26.447301587301588,2548893.6666666665
2006-06-30,MMC,USD,62709,2006-08-09,2006-08-09 17:05:12,2006,Q2,2980000000.0,1802000000.0,1178000000.0,0.3953020134,0,0.0,0.0,841000000.0,0.0,841000000.0,2643000000.0,0.0,0.0,111000000.0,448000000.0,0.1503355705,337000000.0,0.1130872483,-65000000.0,272000000.0,0.0912751678,96000000.0,172000000.0,0.0577181208,0.31,0.31,549000000,555000000,https://www.sec.gov/Archives/edgar/data/62709/000006270906000159/0000062709-06-000159-index.htm,https://www.sec.gov/Archives/edgar/data/62709/000006270906000159/f10q2q06.htm,5.428051001821494,0.3132969034608379,0.2586520947176685,0.145719489981785,2.504553734061931,10.958105646630235,-3.278688524590164,10.958105646630235,9.530054644808745,14762610000.0,18619610000.0,21.457281976744188,4.953895973154363,103.96204225352112,184.532625,2.453891289893617,2.453891289893617,6.248191275167785,41.56162946428571,131.12401408450705,232.745125,0.0116510562834078,0.0054190959457711,0.8696808510638298,0.3000516143832081,8.609375,1.214987080103359,0.0,0.8255813953488372,0.0062996990369589,0.5406976744186046,0.0,0.0,0.4482422435051901,0.4366197183098591,0.0208053691275167,0.5585585585585585,0.0,8.788951174909009,0.015285211238568,0.0178775595052489,-14.308287795992712,832000000.0,-1800000000.0,-6719000000.0,9770000000.0,2881000000.0,1661000000.0,0.0,88.21812080536913,85.1054384017758,0.0,1.0201985621362548,1.057511737089202,0.0,0.0285904255319148,0.1129326047358834,2006-08-03,0.44,bmo,3219333333.0,2025-04-24,2006-06-30,-0.1818181818181818,28.73333333333333,2899408.015873016
2006-03-31,MMC,USD,62709,2006-05-10,2006-05-09 19:18:29,2006,Q1,3025000000.0,0.0,3025000000.0,1.0,0,0.0,0.0,2627000000.0,0.0,2627000000.0,2627000000.0,0.0,0.0,121000000.0,519000000.0,0.1715702479,398000000.0,0.1315702479,-63000000.0,336000000.0,0.1110743802,96000000.0,416000000.0,0.1375206612,0.76,0.75,547000000,555000000,https://www.sec.gov/Archives/edgar/data/62709/000006270906000090/0000062709-06-000090-index.htm,https://www.sec.gov/Archives/edgar/data/62709/000006270906000090/f10q1q06.htm,5.530164533820841,0.7605118829981719,-0.9451553930530164,-1.0658135283363803,2.879341864716636,10.491773308957953,-3.749542961608775,10.491773308957953,9.89579524680073,16059920000.0,19897920000.0,9.651394230769233,5.309064462809918,-31.0636750483559,-27.54703259005145,2.798382993552884,2.798382993552884,6.57782479338843,38.33895953757226,-38.487272727272725,-34.13022298456261,0.0259029932901284,-0.036301550692656,0.9431956786896672,0.3089259216984362,7.394990366088632,1.1973684210526316,0.0,-1.2427884615384617,0.0057908134038027,0.2235576923076923,0.0,0.0,0.4445839516036982,-0.1276595744680851,0.0218181818181818,0.5454545454545454,0.0,13.398886565370846,0.0197791493971832,0.0427455815865187,-14.766453382084094,795000000.0,-2051000000.0,-6960000000.0,9736000000.0,2785500000.0,1675500000.0,0.0,84.52561983471074,0.0,0.0,1.0647659274903205,0.0,0.0,0.0724864959052099,0.1206581352833638,2006-05-03,0.52,bmo,3233674418.0,2025-04-24,2006-03-31,-0.1730769230769231,30.699193548387097,2707993.64516129
2005-12-31,MMC,USD,62709,2006-03-02,2006-03-01 20:57:52,2005,Q4,2476000000.0,993000000.0,1483000000.0,0.5989499192,0,0.0,0.0,1360000000.0,40000000.0,1400000000.0,2393000000.0,0.0,0.0,110000000.0,193000000.0,0.0779483037,83000000.0,0.0335218094,-65000000.0,18000000.0,0.00726979,16000000.0,39000000.0,0.0157512116,0.0713,0.0713,547000000,547000000,https://www.sec.gov/Archives/edgar/data/62709/000114544306000555/0001145443-06-000555-index.htm,https://www.sec.gov/Archives/edgar/data/62709/000114544306000555/d18669_10k.htm,4.526508226691042,0.0712979890310786,0.5301645338208409,0.3290676416819013,-3.2449725776965264,9.79890310786106,-4.411334552102376,9.79890310786106,10.13162705667276,17372720000.0,20894720000.0,111.36358974358976,7.016445880452342,59.90593103448276,96.51511111111112,3.241179104477612,3.241179104477612,8.438901453957996,108.26279792746114,72.05075862068965,116.08177777777776,0.0022448988989634,0.0103610718413696,1.033955223880597,0.3097473731276548,18.24870466321244,1.2093771546770855,0.0,7.435897435897436,0.0052956589411445,2.358974358974359,0.0,0.0,0.4344399731723675,0.3793103448275862,0.0444264943457189,1.0,0.0,3.9647757744631407,0.0006569002223963,0.0038541357841683,-22.412248628884825,911000000.0,-2413000000.0,-7270000000.0,9862000000.0,2855500000.0,1804000000.0,0.0,99.23263327948304,157.06948640483384,0.0,0.906959706959707,0.5729948066935949,0.0,0.007276119402985,0.2010968921389396,2006-02-14,0.31,bmo,29047000000.0,2025-04-24,2005-12-31,-0.903225806451613,30.403015873015875,2591187.3492063493
2005-09-30,MMC,USD,62709,2005-11-09,2005-11-08 20:08:16,2005,Q3,2898000000.0,887000000.0,2011000000.0,0.6939268461,0,0.0,0.0,1816000000.0,0.0,1816000000.0,2703000000.0,0.0,0.0,119000000.0,306000000.0,0.1055900621,195000000.0,0.0672877847,-98000000.0,97000000.0,0.0334713596,27000000.0,65000000.0,0.0224292616,0.13,0.12,539000000,544000000,https://www.sec.gov/Archives/edgar/data/62709/000006270905000249/0000062709-05-000249-index.htm,https://www.sec.gov/Archives/edgar/data/62709/000006270905000249/f10q3qtr2005.htm,5.376623376623376,0.1205936920222634,0.901669758812616,0.7569573283858998,2.2949907235621523,9.942486085343228,-4.927643784786642,9.942486085343228,9.28756957328386,16380210000.0,20149210000.0,63.00080769230769,5.652246376811594,33.70413580246914,40.147573529411765,3.056579585743609,3.056579585743609,6.952798481711525,65.84709150326798,41.459279835390944,49.38531862745098,0.0039682030938553,0.024908105573738,0.9341295017727188,0.2859264336303404,12.316993464052288,1.1149539686489176,0.0,7.476923076923077,0.0055554843313974,1.4,0.0,0.0,0.4577907242403473,0.1604938271604938,0.0269151138716356,0.6554621848739496,0.0,5.193989301154675,0.0103731128913855,0.0068471505319709,-16.096938775510203,462000000.0,-2656000000.0,-7668000000.0,9712000000.0,2945500000.0,1836500000.0,0.0,92.5776397515528,190.2480270574972,0.0,0.9721569942972156,0.4730666666666667,0.0,0.0121291285687628,0.1447124304267161,2005-11-01,0.38,bmo,2953142857.0,2025-04-24,2005-09-30,-0.0789473684210527,28.5840625,2469764.09375
2005-06-30,MMC,USD,62709,2005-08-09,2005-08-09 13:58:16,2005,Q2,3096000000.0,2790000000.0,306000000.0,0.0988372093,0,0.0,0.0,0.0,0.0,0.0,2790000000.0,0.0,0.0,130000000.0,436000000.0,0.1408268734,306000000.0,0.0988372093,-62000000.0,244000000.0,0.0788113695,75000000.0,166000000.0,0.0536175711,0.31,0.31,535000000,538000000,https://www.sec.gov/Archives/edgar/data/62709/000116923205003977/0001169232-05-003977-index.htm,https://www.sec.gov/Archives/edgar/data/62709/000116923205003977/d10q2q05bow.htm,5.786915887850467,0.3102803738317757,0.3233644859813084,0.1906542056074766,1.6,9.360747663551402,-5.721495327102804,9.360747663551402,9.444859813084111,14819500000.0,19016500000.0,22.31852409638554,4.786660206718346,85.66184971098266,145.2892156862745,2.9591653354632586,2.9591653354632586,6.142280361757106,43.61582568807339,109.92196531791907,186.43627450980392,0.0112014575390532,0.0068828233071291,1.0089856230031948,0.2949451319168807,9.626146788990823,1.0309859154929577,0.0,1.0421686746987953,0.0060730793886433,0.5421686746987951,0.0,0.0,0.4709899603081952,0.4104046242774566,0.0229328165374677,0.5461538461538461,0.0,8.083951162569708,0.0155943361747347,0.0183162308286439,-16.982242990654207,121000000.0,-3061000000.0,-8098000000.0,9458000000.0,2967000000.0,1795500000.0,0.0,84.59302325581395,58.0,0.0,1.063917525773196,1.5517241379310345,0.0,0.03314696485623,0.1327102803738317,2005-08-02,0.41,bmo,2838534883.0,2025-04-24,2005-06-30,0.048780487804878,28.75734375,1965359.375
2005-03-31,MMC,USD,62709,2005-05-06,2005-05-06 17:22:31,2005,Q1,3182000000.0,2910000000.0,272000000.0,0.0854808297,0,0.0,0.0,0.0,0.0,0.0,2910000000.0,0.0,0.0,131000000.0,403000000.0,0.1266499057,272000000.0,0.0854808297,-60000000.0,212000000.0,0.0666247643,74000000.0,134000000.0,0.0421118793,0.25,0.25,531000000,536000000,https://www.sec.gov/Archives/edgar/data/62709/000006270905000117/0000062709-05-000117-index.htm,https://www.sec.gov/Archives/edgar/data/62709/000006270905000117/f10-q1stqrt2005.htm,5.992467043314501,0.2523540489642185,-1.0357815442561205,-1.1977401129943503,1.7137476459510357,9.468926553672317,-5.807909604519774,9.468926553672317,9.860640301318268,16153020000.0,20479020000.0,30.13623134328358,5.07637335009428,-29.36912727272728,-25.397830188679244,3.212613365155131,3.212613365155131,6.435895663104965,50.816426799007445,-37.234581818181816,-32.19971698113208,0.008295662359113,-0.0393734422417603,1.041368337311058,0.2983985866529891,10.734491315136475,1.0351696999508115,0.0,-4.104477611940299,0.0055717135247774,0.6716417910447762,0.0,0.0,0.4623012480765943,-0.1563636363636363,0.027027027027027,0.6564885496183206,0.0,7.3324105170939715,0.0126216569556305,0.0142024377318494,-17.591337099811675,143000000.0,-3084000000.0,-8310000000.0,9574000000.0,2957000000.0,1805500000.0,0.0,85.5311125078567,55.453608247422686,0.0,1.0522486772486772,1.62297824874512,0.0,0.0266507557677008,0.1619585687382297,2005-05-03,0.49,bmo,2987183673.0,2025-04-24,2005-03-31,0.0612244897959184,31.405409836065573,2922272.180327869
2004-12-31,MMC,USD,62709,2005-03-09,2005-03-08 21:29:09,2004,Q4,2944000000.0,0.0,2944000000.0,1.0,0,0.0,0.0,0.0,-3829000000.0,-3829000000.0,3829000000.0,0.0,0.0,122000000.0,-763000000.0,-0.2591711957,-885000000.0,-0.300611413,-56000000.0,-941000000.0,-0.3196331522,-268000000.0,-680000000.0,-0.2309782609,-1.28,-1.28,531000000,531000000,https://www.sec.gov/Archives/edgar/data/62709/000006270905000062/0000062709-05-000062-index.htm,https://www.sec.gov/Archives/edgar/data/62709/000006270905000062/f10kdec31-2004.txt,5.544256120527307,-1.28060263653484,1.2033898305084745,1.024482109227872,2.6290018832391717,9.52165725047081,-5.8060263653484,9.52165725047081,10.03201506591337,17469900000.0,21400900000.0,-6.422757352941176,5.934069293478261,27.33943661971831,32.113786764705885,3.4552808544303795,3.4552808544303795,7.269327445652173,-28.048361730013102,33.49123630672926,39.33988970588236,-0.0389240922958917,0.0311392738367134,1.0535996835443038,0.290505535256585,-5.1520314547837485,1.0321013727560715,0.0,-0.9397058823529412,0.0102461948837715,-0.263235294117647,0.0,0.0,0.4438566832088128,0.1486697965571205,0.0322690217391304,0.7786885245901639,0.0,,-0.0444549087256431,-0.0666797411257109,-18.300376647834277,152000000.0,-3083000000.0,-8394000000.0,9678000000.0,2934500000.0,1842500000.0,49000000.0,88.34918478260869,0.0,0.0,1.0186851211072665,0.0,0.0,-0.1344936708860759,0.1789077212806026,2005-03-01,-0.6,bmo,,2025-04-24,2004-12-31,1.1333333333333335,31.55171875,8688620.640625
2004-09-30,MMC,USD,62709,2004-11-09,2004-11-09 16:35:18,2004,Q3,2969000000.0,2841000000.0,128000000.0,0.043112159,0,0.0,0.0,0.0,0.0,0.0,2841000000.0,0.0,0.0,123000000.0,251000000.0,0.0845402492,128000000.0,0.043112159,-49000000.0,79000000.0,0.0266082856,52000000.0,21000000.0,0.0070730886,0.04,0.04,521000000,533000000,https://www.sec.gov/Archives/edgar/data/62709/000006270904000136/0000062709-04-000136-index.htm,https://www.sec.gov/Archives/edgar/data/62709/000006270904000136/f10q3rdqtr2004.txt,5.698656429942418,0.0403071017274472,1.268714011516315,1.051823416506718,1.107485604606526,10.859884836852208,-4.142034548944338,10.859884836852208,9.316698656429942,23840960000.0,28117960000.0,283.82095238095235,8.02996295048838,36.06801815431165,43.50540145985401,4.213672675857193,4.213672675857193,9.47051532502526,112.02374501992033,42.538517397882,51.31014598540146,0.0008808370132746,0.0229856515844999,0.8579003181336161,0.2842752562225475,17.0398406374502,0.8078084121553633,0.0,31.47619047619047,0.0074241976833147,8.428571428571429,0.0,0.0,0.4577452415812592,0.1709531013615733,0.0380599528460761,0.91869918699187,0.0,3.138301429836796,0.0032400263252138,0.0022680635057781,-16.42370441458733,-955000000.0,-2158000000.0,-7403000000.0,8246000000.0,2923000000.0,1683500000.0,104000000.0,90.3031323678006,59.144667370644136,3.1045406546990497,0.9966431688486068,1.5216925549009106,28.989795918367346,0.0037115588547189,0.2168905950095969,2004-11-09,0.67,bmo,5184671641.0,2025-04-24,2004-09-30,-0.9402985074626864,44.59890625,1430479.6875
2004-06-30,MMC,USD,62709,2004-08-03,2004-08-03 16:44:54,2004,Q2,3036000000.0,2404000000.0,632000000.0,0.208168643,0,0.0,0.0,0.0,0.0,0.0,2404000000.0,0.0,0.0,103000000.0,735000000.0,0.2420948617,632000000.0,0.208168643,-44000000.0,588000000.0,0.1936758893,194000000.0,389000000.0,0.1281291173,0.75,0.73,522000000,534000000,https://www.sec.gov/Archives/edgar/data/62709/000006270904000086/0000062709-04-000086-index.htm,https://www.sec.gov/Archives/edgar/data/62709/000006270904000086/f10q_2qtr2004.txt,5.816091954022989,0.7452107279693486,1.685823754789272,1.5076628352490422,0.764367816091954,10.773946360153255,-0.6015325670498084,10.773946360153255,6.149425287356322,23688360000.0,26499360000.0,15.223881748071982,7.802490118577075,26.91859090909091,30.099567979669636,4.21201280227596,4.21201280227596,8.728379446640316,36.053551020408165,30.11290909090909,33.67135959339263,0.0164215673858384,0.0332230682073389,0.5707681365576103,0.2171266233766234,3.824489795918367,0.8928571428571429,0.0,2.2622107969151672,0.0068388018419172,0.416452442159383,0.0,0.0,0.4016504329004329,0.1056818181818181,0.0306324110671936,0.9029126213592232,0.0,13.440586268032796,0.0367511058923265,0.0439746778204838,-12.558908045977011,-447000000.0,-314000000.0,-5435000000.0,6846000000.0,2939500000.0,1637000000.0,118500000.0,84.9901185770751,56.15640599001664,4.118136439267887,1.0589466341123126,1.602666666666667,21.854545454545452,0.0691678520625889,0.1781609195402299,2004-07-28,0.72,bmo,2993833333.0,2025-04-24,2004-06-30,0.0138888888888889,44.51241935483871,2397961.2741935486
2004-03-31,MMC,USD,62709,2004-05-10,2004-05-10 15:58:23,2004,Q1,3210000000.0,2437000000.0,773000000.0,0.2408099688,0,0.0,0.0,0.0,0.0,0.0,2437000000.0,0.0,0.0,108000000.0,881000000.0,0.2744548287,773000000.0,0.2408099688,-45000000.0,728000000.0,0.2267912773,281000000.0,446000000.0,0.13894081,0.85,0.83,525000000,540000000,https://www.sec.gov/Archives/edgar/data/62709/000006270904000051/0000062709-04-000051-index.htm,https://www.sec.gov/Archives/edgar/data/62709/000006270904000051/sec510-04.txt,6.114285714285714,0.8495238095238096,-0.2114285714285714,-0.3542857142857142,1.2076190476190476,10.632380952380952,-0.7085714285714285,10.632380952380952,7.52952380952381,24307500000.0,27626500000.0,13.625280269058294,7.572429906542056,-218.98648648648648,-130.68548387096774,4.3546219992834105,4.3546219992834105,8.606386292834891,31.35811577752554,-248.88738738738732,-148.52956989247312,0.0183482464260002,-0.0076519592718296,0.7081691150125403,0.2548678272082527,3.767309875141884,0.9813041495668036,0.0,-0.2488789237668161,0.0067057492543453,0.3654708520179372,0.0,0.0,0.3838813668600903,-0.6756756756756757,0.0233644859813084,0.6944444444444444,0.0,14.255888865550922,0.0390032455013143,0.0466722478024277,-13.27904761904762,-82000000.0,-372000000.0,-5624000000.0,7249000000.0,2857500000.0,1637500000.0,138500000.0,84.44859813084113,65.51497743126795,4.690192860073862,1.0657370517928286,1.3737316798196166,19.18897637795276,0.0798996775349337,0.1428571428571428,2004-04-21,0.9,bmo,3067333333.0,2025-04-24,2004-03-31,0.0444444444444443,47.57790322580645,1921909.661290323
2003-12-31,MMC,USD,62709,2004-03-15,2004-03-15 15:17:11,2003,Q4,3034000000.0,2447000000.0,587000000.0,0.1934739618,0,0.0,0.0,0.0,0.0,0.0,2447000000.0,0.0,0.0,99000000.0,686000000.0,0.2261041529,587000000.0,0.1934739618,-26000000.0,561000000.0,0.1849044166,161000000.0,375000000.0,0.123599209,0.71,0.71,525000000,525000000,https://www.sec.gov/Archives/edgar/data/62709/000093041304001138/0000930413-04-001138-index.htm,https://www.sec.gov/Archives/edgar/data/62709/000093041304001138/c30912_10k.txt,5.779047619047619,0.7142857142857143,0.4609523809523809,0.2685714285714285,1.2666666666666666,10.382857142857144,-0.659047619047619,10.382857142857144,6.394285714285714,25142250000.0,27834250000.0,16.761499999999998,8.286832564271588,103.89359504132231,178.31382978723406,4.612410566868465,4.612410566868465,9.174110085695451,40.5747084548105,115.01756198347108,197.40602836879432,0.014915132893834,0.0056080899680816,0.6158503026967529,0.2230120241812263,3.924198250728863,0.9540229885057472,0.0,0.6453333333333333,0.0065626584732869,0.44,0.0,0.0,0.3851059589450608,0.4173553719008264,0.0332893869479235,1.02020202020202,0.0,12.91771446265846,0.0366784965752937,0.040514261019879,-13.018571428571429,-188000000.0,-346000000.0,-5701000000.0,6998000000.0,2679500000.0,1530000000.0,158000000.0,80.18127883981542,55.20637515324888,5.51695954229669,1.122456529781724,1.630246502331779,16.313333333333333,0.0687947165657677,0.1923809523809523,2004-01-28,0.65,bmo,2800615384.0,2025-04-24,2003-12-31,0.0769230769230768,45.88671875,3126178.203125
2003-09-30,MMC,USD,62709,2003-11-14,2003-11-14 11:38:20,2003,Q3,2837000000.0,2244000000.0,593000000.0,0.2090236165,0,0.0,0.0,0.0,0.0,0.0,2244000000.0,0.0,0.0,98000000.0,691000000.0,0.2435671484,593000000.0,0.2090236165,-48000000.0,545000000.0,0.1921043356,188000000.0,357000000.0,0.1258371519,0.67,0.65,531000000,550000000,https://www.sec.gov/Archives/edgar/data/62709/000006270903000147/0000062709-03-000147-index.htm,https://www.sec.gov/Archives/edgar/data/62709/000006270903000147/f10q3rdqtr2003.txt,5.342749529190207,0.672316384180791,1.0715630885122411,0.8926553672316384,1.3013182674199624,10.305084745762713,-0.4519774011299435,10.305084745762713,5.879472693032015,25280910000.0,27711910000.0,17.70371848739496,8.911142051462813,44.430421792618624,53.33525316455696,4.620049342105263,4.620049342105263,9.768033133591825,40.10406657018813,48.7028295254833,58.463945147679325,0.0141213271199494,0.0187493250836302,0.5705409356725146,0.2154738077161985,3.51808972503618,0.9833895665715028,0.0,1.5938375350140055,0.0065266637949345,0.4621848739495798,0.0,0.0,0.3942301055973497,0.1669595782073813,0.0334860768417342,0.9693877551020408,0.0,12.48544110499608,0.0358374574992953,0.0406744901446963,-11.772128060263654,-64000000.0,-240000000.0,-5228000000.0,7026000000.0,2675000000.0,1560000000.0,173500000.0,84.25801903419104,62.52673796791444,6.657754010695188,1.0681475903614457,1.4393842206542655,13.518072289156626,0.0652412280701754,0.1789077212806026,2003-10-21,0.65,bmo,2837000000.0,2025-04-24,2003-09-30,0.0,50.24671875,1763896.875
2003-06-30,MMC,USD,62709,2003-08-14,2003-08-14 12:20:32,2003,Q2,2865000000.0,2266000000.0,599000000.0,0.2090750436,0,0.0,0.0,0.0,0.0,0.0,2266000000.0,0.0,0.0,99000000.0,698000000.0,0.2436300175,599000000.0,0.2090750436,-39000000.0,560000000.0,0.1954624782,189000000.0,365000000.0,0.127399651,0.68,0.66,534000000,552000000,https://www.sec.gov/Archives/edgar/data/62709/000006270903000120/0000062709-03-000120-index.htm,https://www.sec.gov/Archives/edgar/data/62709/000006270903000120/f10q_2qtr2003.txt,5.365168539325842,0.6835205992509363,1.646067415730337,1.402621722846442,1.1573033707865168,10.200374531835203,-0.550561797752809,10.200374531835203,6.078651685393258,27271380000.0,29899380000.0,18.67902739726027,9.518806282722514,31.025460750853245,36.41038718291055,5.006678905819718,5.006678905819718,10.436083769633507,42.83578796561605,34.01522184300341,39.91906542056075,0.0133839945026617,0.0274646900890237,0.5959243620341472,0.2245279103548454,3.765042979942693,0.9751230888831304,0.0,2.408219178082192,0.0055002717134226,0.410958904109589,0.0,0.0,0.3971086670816905,0.1478953356086461,0.0453752181500872,1.3131313131313131,0.0,12.524924651794906,0.0361846904349411,0.0418770078017439,-11.762172284644194,-96000000.0,-294000000.0,-5247000000.0,7031000000.0,2622000000.0,1536500000.0,191000000.0,84.6282722513089,61.9991173874669,7.188879082082966,1.0634743875278396,1.4516335682254964,12.519337016574584,0.0670093629520837,0.2434456928838951,2003-07-22,0.64,bmo,2775468750.0,2025-04-24,2003-06-30,0.03125,48.89015873015873,1683715.873015873
2003-03-31,MMC,USD,62709,2003-05-13,2003-05-13 17:26:23,2003,Q1,2852000000.0,2135000000.0,717000000.0,0.2514025245,0,0.0,0.0,0.0,0.0,0.0,2135000000.0,0.0,0.0,95000000.0,812000000.0,0.2847124825,717000000.0,0.2514025245,-37000000.0,680000000.0,0.2384291725,232000000.0,443000000.0,0.1553295933,0.83,0.81,536000000,547000000,https://www.sec.gov/Archives/edgar/data/62709/000006270903000071/0000062709-03-000071-index.htm,https://www.sec.gov/Archives/edgar/data/62709/000006270903000071/sec0513-03.txt,5.32089552238806,0.8264925373134329,0.3302238805970149,0.125,1.0559701492537314,9.615671641791044,-0.4813432835820895,9.615671641791044,6.815298507462686,22849680000.0,25936680000.0,12.8948532731377,8.01180925666199,129.09423728813562,341.04,4.433387660069849,4.433387660069849,9.094207573632538,31.94172413793104,146.5349152542373,387.11462686567165,0.0193875800448846,0.0029322073657049,0.7087698874660457,0.2636212744461283,3.801724137931034,0.9769710105662422,0.0,0.3995485327313769,0.0066084076450961,0.3408577878103837,0.0,0.0,0.3905607274301796,0.6214689265536724,0.0385694249649368,1.1578947368421053,0.0,13.372128446770388,0.043186731631764,0.0524570751924215,-11.42537313432836,-85000000.0,-258000000.0,-5097000000.0,6649000000.0,2514000000.0,1459000000.0,213500000.0,80.46984572230014,63.73770491803278,8.473067915690866,1.1184313725490196,1.412037037037037,10.621890547263682,0.085952658129608,0.2052238805970149,2003-04-23,0.79,bmo,2779797468.0,2025-04-24,2003-03-31,0.0253164556962025,42.981147540983606,1797216.3934426229
2002-12-31,MMC,USD,62709,2003-03-26,2003-03-26 15:17:08,2002,Q4,2640000000.0,2130000000.0,510000000.0,0.1931818182,0,0.0,0.0,0.0,0.0,0.0,2130000000.0,0.0,0.0,94000000.0,604000000.0,0.2287878788,510000000.0,0.1931818182,-19000000.0,491000000.0,0.1859848485,158000000.0,312000000.0,0.1181818182,0.58,0.58,536000000,536000000,https://www.sec.gov/Archives/edgar/data/62709/000093041303000907/0000930413-03-000907-index.htm,https://www.sec.gov/Archives/edgar/data/62709/000093041303000907/c27369_10k.txt,4.925373134328358,0.582089552238806,-0.0167910447761194,-0.2686567164179104,1.0186567164179106,9.361940298507465,-0.7201492537313433,9.361940298507465,6.406716417910448,24768560000.0,27656560000.0,19.846602564102565,9.382030303030303,-2752.0622222222223,-172.0038888888889,4.935942606616182,4.935942606616182,10.475969696969695,45.78900662251656,-3072.951111111111,-192.05944444444444,0.0125966144176326,-0.0058138220389073,0.6843363889996015,0.2478527607361963,4.781456953642384,0.9484856329277764,0.0,-0.0288461538461538,0.0060964383880209,0.483974358974359,0.0,0.0,0.3900396968603392,-15.0,0.0511363636363636,1.4361702127659577,0.0,11.073096758360078,0.0328320785046837,0.0369187078452254,-11.790111940298509,-199000000.0,-386000000.0,-5173000000.0,6513000000.0,2470500000.0,1383000000.0,232500000.0,84.47727272727273,59.40845070422535,9.549295774647886,1.0653753026634385,1.5149359886201992,9.424778761061948,0.0621761658031088,0.251865671641791,2003-01-29,0.57,bmo,2640000000.0,2025-04-24,2002-12-31,0.0,46.081875,1976817.203125
2002-09-30,MMC,USD,62709,2002-11-14,2002-11-14 15:52:32,2002,Q3,2553000000.0,2041000000.0,512000000.0,0.2005483745,0,0.0,0.0,0.0,0.0,0.0,2041000000.0,0.0,0.0,90000000.0,602000000.0,0.2358010184,512000000.0,0.2005483745,-45000000.0,467000000.0,0.1829220525,168000000.0,299000000.0,0.1171171171,0.56,0.55,535000000,548000000,https://www.sec.gov/Archives/edgar/data/62709/000006270902000032/0000062709-02-000032-index.htm,https://www.sec.gov/Archives/edgar/data/62709/000006270902000032/f10q3rdqtr2002.txt,4.77196261682243,0.5588785046728972,1.3626168224299064,1.1738317757009349,1.2616822429906542,9.357009345794392,-0.6504672897196262,9.357009345794392,6.314018691588785,22277400000.0,24980400000.0,18.62658862876254,8.725969447708579,30.55884773662552,35.47356687898089,4.450139832201359,4.450139832201359,9.784723854289073,41.49568106312292,34.266666666666666,39.77770700636943,0.0134216739834989,0.0281900042195229,0.6747902516979625,0.2594868643416807,4.490033222591362,1.0695093457943925,0.0,2.4381270903010037,0.0067781698043757,0.5050167224080268,0.0,0.0,0.4112766938085727,0.1385459533607681,0.0395613004308656,1.1222222222222222,0.0,10.847221132909,0.03250808837457,0.0390135699373695,-10.03785046728972,238000000.0,-348000000.0,-4350000000.0,6841000000.0,2590000000.0,1376000000.0,248500000.0,86.82726204465335,59.970602645761886,10.538951494365508,1.0365408038976858,1.500735294117647,8.539748953974895,0.0597283260087894,0.1887850467289719,2002-10-22,0.55,bmo,2553000000.0,2025-04-24,2002-09-30,0.0,45.3384375,1980459.375
2002-06-30,MMC,USD,62709,2002-08-13,2002-08-12 18:38:37,2002,Q2,2612000000.0,2047000000.0,565000000.0,0.2163093415,0,0.0,0.0,0.0,0.0,0.0,2047000000.0,0.0,0.0,89000000.0,654000000.0,0.2503828484,565000000.0,0.2163093415,-34000000.0,531000000.0,0.2032924962,189000000.0,336000000.0,0.1286370597,0.62,0.6,545000000,562000000,https://www.sec.gov/Archives/edgar/data/62709/000006270902000020/0000062709-02-000020-index.htm,https://www.sec.gov/Archives/edgar/data/62709/000006270902000020/tenq2qtr02.txt,4.792660550458716,0.6165137614678899,1.326605504587156,1.1706422018348623,0.8642201834862385,9.242201834862383,-0.5724770642201835,9.242201834862383,6.429357798165138,25685850000.0,28718850000.0,19.111495535714287,9.833786370597243,35.52676348547718,40.259952978056425,5.099434187016081,5.099434187016081,10.994965543644716,43.91261467889908,39.721784232365145,45.01387147335423,0.0130811322187118,0.0248385784391016,0.6956521739130435,0.2669917708015848,4.637614678899083,1.0922986478542034,0.0,2.1517857142857144,0.0056840634045593,0.4345238095238095,0.0,0.0,0.4075739103931728,0.1175656984785615,0.032542113323124,0.9550561797752808,0.0,11.3227096532928,0.0350948312358709,0.0432154340836012,-9.99862385321101,314000000.0,-312000000.0,-4371000000.0,6905000000.0,2683000000.0,1362000000.0,269000000.0,93.61791730474732,61.20175867122619,11.34342940889106,0.9613544350386456,1.470545977011494,7.934108527131783,0.0667063728409767,0.1559633027522936,2002-07-23,0.59,bmo,2568466666.0,2025-04-24,2002-06-30,0.0169491525423729,51.2303125,2068168.75
2002-03-31,MMC,USD,62709,2002-05-14,2002-05-14 15:56:12,2002,Q1,2635000000.0,1948000000.0,687000000.0,0.2607210626,0,0.0,0.0,0.0,0.0,0.0,1948000000.0,0.0,0.0,86000000.0,773000000.0,0.2933586338,687000000.0,0.2607210626,-37000000.0,650000000.0,0.2466793169,232000000.0,418000000.0,0.1586337761,0.77,0.74,548000000,568000000,https://www.sec.gov/Archives/edgar/data/62709/000006270902000007/0000062709-02-000007-index.htm,https://www.sec.gov/Archives/edgar/data/62709/000006270902000007/f10q1qtr2002.txt,4.8083941605839415,0.7627737226277372,-0.2974452554744525,-0.4835766423357664,0.9908759124087592,9.748175182481752,0.0638686131386861,9.748175182481752,6.605839416058394,30846920000.0,33923920000.0,18.449114832535884,11.7066110056926,-189.2449079754601,-116.4034716981132,5.774414077124672,5.774414077124672,12.87435294117647,43.88605433376456,-208.12220858895705,-128.0147924528302,0.0135507856213845,-0.0085908090661887,0.6776488206664171,0.2742216498750094,3.980595084087969,1.185491568565065,0.0,-0.3899521531100478,0.0047006313758391,0.34688995215311,0.0,0.0,0.4020149988637224,-0.6257668711656442,0.0387096774193548,1.186046511627907,0.0,12.934533897180094,0.040710822535371,0.0529516088168229,-9.469434306569344,583000000.0,35000000.0,-4133000000.0,7129000000.0,2670500000.0,1339500000.0,294000000.0,90.47817836812143,61.540041067761805,12.93634496919918,0.994714986787467,1.4624624624624625,6.957142857142857,0.0782478472482216,0.1861313868613138,2002-04-23,0.73,bmo,2599391891.0,2025-04-24,2002-03-31,0.0136986301369863,52.905,1951386.6666666667
2001-12-31,MMC,USD,62709,2002-03-29,2002-03-29 00:00:00,2001,Q4,2473000000.0,2193000000.0,280000000.0,0.1132228063,0,0.0,0.0,0.0,0.0,0.0,2193000000.0,0.0,0.0,127000000.0,407000000.0,0.1645774363,280000000.0,0.1132228063,-37000000.0,243000000.0,0.0982612212,96000000.0,144000000.0,0.0582288718,0.26,0.26,547000000,548000000,https://www.sec.gov/Archives/edgar/data/62709/000093041302001103/0000930413-02-001103-index.htm,https://www.sec.gov/Archives/edgar/data/62709/000093041302001103/c23478_10k-.txt,4.521023765996343,0.263254113345521,0.923217550274223,0.7239488117001828,0.9817184643510056,9.457038391224865,-0.2815356489945155,9.457038391224865,5.650822669104205,29390310000.0,31944310000.0,51.02484375,11.884476344520824,58.19863366336633,74.21795454545455,5.681482698627488,5.681482698627488,12.917230084917104,78.48724815724816,63.2560594059406,80.6674494949495,0.0048995740432816,0.0134738286190244,0.5975256137637734,0.2325283984051756,6.275184275184275,0.962925342813611,0.0,3.5069444444444446,0.0049676236827716,1.0138888888888888,0.0,0.0,0.4007372301211164,0.2158415841584158,0.0440760210270926,0.8582677165354331,0.0,7.484390140320065,0.0167506641662759,0.0180768265126788,-9.890310786106031,-146000000.0,-154000000.0,-4328000000.0,6416000000.0,2711000000.0,1453000000.0,154000000.0,97.97007682976142,55.280437756497946,12.640218878248971,0.9186478454680534,1.6280623608017817,7.12012987012987,0.0278368451575488,0.1992687385740402,2002-01-30,0.49,bmo,2422530612.0,2025-04-24,2001-12-31,0.0204081632653061,52.0434375,1940303.125
2001-09-30,MMC,USD,62709,2001-11-14,2001-11-14 00:00:00,2001,Q3,2371000000.0,2059000000.0,312000000.0,0.1315900464,0,0.0,0.0,0.0,0.0,0.0,2059000000.0,0.0,0.0,128000000.0,440000000.0,0.1855757065,312000000.0,0.1315900464,-40000000.0,272000000.0,0.1147195276,100000000.0,168000000.0,0.0708561788,0.31,0.29,548000000,569000000,https://www.sec.gov/Archives/edgar/data/62709/000006270901500019/0000062709-01-500019-index.htm,https://www.sec.gov/Archives/edgar/data/62709/000006270901500019/f10q3qtr.txt,4.326642335766423,0.3065693430656934,1.0364963503649636,0.8540145985401459,1.094890510948905,9.297445255474452,-0.4890510948905109,9.297445255474452,6.125912408759124,26331400000.0,29088400000.0,39.18363095238095,11.10560944749051,46.35809859154929,56.263675213675214,5.168086359175662,5.168086359175662,12.268409953606074,66.11,51.21197183098592,62.154700854700856,0.0063802152563099,0.0177734567854348,0.6588812561334642,0.2497210444097299,6.265909090909091,0.9661978781149766,0.0,3.380952380952381,0.0055826883492712,0.875,0.0,0.0,0.3989436881648441,0.176056338028169,0.0421762969211303,0.78125,0.0,8.008246555495225,0.0189687643156483,0.0207920792079207,-10.402372262773724,-137000000.0,-268000000.0,-4432000000.0,6448000000.0,2716000000.0,1493500000.0,0.0,103.6271615352172,68.14473045167557,0.0,0.8684981684981685,1.32071840923669,0.0,0.0329735034347399,0.1824817518248175,2001-11-07,0.48,bmo,2407000000.0,2025-04-24,2001-09-30,0.0,47.94406779661016,1917488.1355932204
2001-06-30,MMC,USD,62709,2001-08-13,2001-08-13 00:00:00,2001,Q2,2505000000.0,1979000000.0,526000000.0,0.2099800399,0,0.0,0.0,0.0,0.0,0.0,1979000000.0,0.0,0.0,134000000.0,660000000.0,0.2634730539,526000000.0,0.2099800399,-54000000.0,472000000.0,0.1884231537,179000000.0,293000000.0,0.1169660679,0.54,0.51,552000000,574000000,https://www.sec.gov/Archives/edgar/data/62709/000006270901500008/0000062709-01-500008-index.htm,https://www.sec.gov/Archives/edgar/data/62709/000006270901500008/f10q_2qtr.txt,4.538043478260869,0.5307971014492754,0.894927536231884,0.7137681159420289,0.7282608695652174,9.467391304347826,-0.3242753623188406,9.467391304347826,6.324275362318841,27876000000.0,30965000000.0,23.784982935153582,11.12814371257485,56.42914979757085,70.751269035533,5.334098737083812,5.334098737083812,12.36127744510978,46.91666666666666,62.68218623481781,78.59137055837563,0.0105108336920648,0.0141340220978619,0.6680061232300039,0.2605223880597015,4.680303030303031,0.952687066083826,0.0,1.6860068259385663,0.0049504950495049,0.4709897610921502,0.0,0.0,0.4033582089552239,0.2024291497975708,0.0399201596806387,0.746268656716418,0.0,10.63336432693166,0.0306420032320456,0.0366479049405878,-10.408514492753625,-184000000.0,-179000000.0,-4469000000.0,6492000000.0,2708000000.0,1516500000.0,0.0,97.07784431137723,64.94188984335523,0.0,0.9270910436713544,1.3858543417366946,0.0,0.0560658247225411,0.181159420289855,2001-07-24,0.51,bmo,2541000000.0,2025-04-24,2001-06-30,0.0,50.16888888888889,2145574.634920635
2001-03-31,MMC,USD,62709,2001-05-15,2001-05-15 00:00:00,2001,Q1,2594000000.0,1949000000.0,645000000.0,0.2486507325,0,0.0,0.0,0.0,0.0,0.0,1949000000.0,0.0,0.0,131000000.0,776000000.0,0.299151889,645000000.0,0.2486507325,-52000000.0,593000000.0,0.2286044719,224000000.0,369000000.0,0.1422513493,0.67,0.64,552000000,576000000,https://www.sec.gov/Archives/edgar/data/62709/000091205701515899/0000912057-01-515899-index.htm,https://www.sec.gov/Archives/edgar/data/62709/000091205701515899/a2049725z10-q.txt,4.699275362318841,0.6684782608695652,-0.3442028985507246,-0.5688405797101449,0.6032608695652174,9.539855072463768,-0.3568840579710144,9.539855072463768,6.442028985507246,26231040000.0,29454040000.0,17.771707317073172,10.112197378565922,-138.05810526315793,-83.53834394904459,4.98120774781618,4.98120774781618,11.3546800308404,37.95623711340206,-155.02126315789474,-93.80267515923566,0.0140673034694773,-0.0119705509198262,0.6752753513102925,0.2635831294937366,4.153350515463917,0.918967741935484,0.0,-0.5149051490514905,0.0051846972136827,0.3685636856368564,0.0,0.0,0.4049366244162775,-0.6526315789473685,0.0478026214340786,0.9465648854961832,0.0,11.978592524801748,0.0370769057012334,0.0459641255605381,-10.609601449275363,-314000000.0,-197000000.0,-4664000000.0,6514000000.0,2763000000.0,1784500000.0,0.0,94.16345412490362,74.1149307337096,0.0,0.9557848194546794,1.2143302180685358,0.0,0.0700721610330421,0.2246376811594203,2001-04-19,0.64,bmo,2631000000.0,2025-04-24,2001-03-31,0.0,51.85645161290322,2563009.6774193547
2000-12-31,MMC,USD,62709,2001-03-29,2001-03-29 00:00:00,2000,Q4,2476000000.0,1746000000.0,730000000.0,0.2948303716,0,0.0,0.0,0.0,185000000.0,185000000.0,1931000000.0,0.0,0.0,185000000.0,730000000.0,0.2948303716,545000000.0,0.2201130856,-72000000.0,473000000.0,0.1910339257,187000000.0,286000000.0,0.1155088853,0.52,0.52,552000000,552000000,https://www.sec.gov/Archives/edgar/data/62709/000091205701505365/0000912057-01-505365-index.htm,https://www.sec.gov/Archives/edgar/data/62709/000091205701505365/a2041744z10-k.txt,4.485507246376812,0.5181159420289855,1.0471014492753623,0.6177536231884058,0.4347826086956521,9.471014492753625,-0.4492753623188406,9.471014492753625,4.86231884057971,32292000000.0,34736000000.0,28.22727272727273,13.042003231017771,55.86851211072664,94.69794721407624,6.176740627390972,6.176740627390972,14.02907915993538,47.583561643835615,60.09688581314879,101.86510263929618,0.0088566827697262,0.0105598909946736,0.513389441469013,0.1949306412956641,3.347945205479452,0.8834668608885652,0.0,2.020979020979021,0.0042735042735042,0.4825174825174825,0.0,0.0,0.3977049894690972,0.4100346020761246,0.0957189014539579,1.281081081081081,0.0,10.507586826068696,0.0329963836708651,0.0344869166767153,-11.217391304347826,-480000000.0,-248000000.0,-4902000000.0,6356000000.0,2827500000.0,1897000000.0,0.0,102.21324717285944,101.23711340206184,0.0,0.8805120910384068,0.8890020366598778,0.0,0.0547054322876817,0.4293478260869565,2001-01-30,0.49,bmo,2476000000.0,2025-04-24,2000-12-31,0.0,61.00253968253968,2107968.253968254
2000-09-30,MMC,USD,62709,2000-11-14,2000-11-14 00:00:00,2000,Q3,2535000000.0,1916000000.0,619000000.0,0.2441814596,0,0.0,0.0,0.0,103000000.0,103000000.0,2019000000.0,0.0,0.0,103000000.0,619000000.0,0.2441814596,516000000.0,0.2035502959,-56000000.0,460000000.0,0.1814595661,178000000.0,282000000.0,0.1112426036,0.52,0.49,544000000,572000000,https://www.sec.gov/Archives/edgar/data/62709/000006270900000019/0000062709-00-000019-index.htm,https://www.sec.gov/Archives/edgar/data/62709/000006270900000019/0000062709-00-000019-0001.txt,4.659926470588236,0.5183823529411765,0.8713235294117647,0.7040441176470589,0.6268382352941176,9.196691176470589,-1.03125,9.196691176470589,5.753676470588236,36110720000.0,38899720000.0,32.01304964539007,14.244859960552269,76.18295358649789,94.28386422976502,7.217813312012791,7.217813312012791,15.345057199211045,62.842843295638126,82.06691983122363,101.56584856396869,0.0078093153501231,0.0106062687202027,0.6256246252248651,0.2298766157461809,4.505654281098546,0.9076809453471196,0.0,1.680851063829787,0.0037385020293142,0.4787234042553192,0.0,0.0,0.4086368977673325,0.1919831223628691,0.0358974358974358,0.883495145631068,0.0,10.35695680472667,0.0306106478403917,0.0350223546944858,-11.286305147058824,-375000000.0,-561000000.0,-4926000000.0,6514000000.0,2749500000.0,1823500000.0,0.0,100.93491124260356,85.96033402922757,0.0,0.8916637354906789,1.0469945355191257,0.0,0.0563661802918249,0.1672794117647058,2000-10-19,0.49,bmo,2535000000.0,2025-04-24,2000-09-30,0.0,59.59301587301587,1489707.9365079366
2000-06-30,MMC,USD,62709,2000-08-14,2000-08-14 00:00:00,2000,Q2,2481000000.0,1875000000.0,606000000.0,0.2442563482,0,0.0,0.0,0.0,100000000.0,100000000.0,1975000000.0,0.0,0.0,100000000.0,606000000.0,0.2442563482,506000000.0,0.2039500202,-62000000.0,444000000.0,0.1789600967,168000000.0,276000000.0,0.1112454655,0.51,0.48,540000000,566000000,https://www.sec.gov/Archives/edgar/data/62709/000006270900000017/0000062709-00-000017-index.htm,https://www.sec.gov/Archives/edgar/data/62709/000006270900000017/0000062709-00-000017-0001.txt,4.594444444444444,0.5111111111111111,0.8555555555555555,0.6833333333333333,0.812962962962963,8.59074074074074,-1.6685185185185183,8.59074074074074,6.755555555555556,28198800000.0,31407800000.0,25.542391304347827,11.36590084643289,61.03636363636364,76.41951219512195,6.078637637421858,6.078637637421858,12.659330914953648,51.82805280528053,67.98225108225108,85.1159891598916,0.0097876505383207,0.0130856632197114,0.7863763742185816,0.2675271340569082,5.295379537953796,0.8541377716134998,0.0,1.673913043478261,0.0042909627360029,0.4384057971014493,0.0,0.0,0.4062775007333529,0.2012987012987013,0.0374848851269649,0.93,0.0,9.93949287028863,0.0296484626770233,0.034090909090909,-12.15925925925926,-631000000.0,-901000000.0,-5302000000.0,6248000000.0,2633500000.0,1808500000.0,0.0,96.34824667472792,87.21600000000001,0.0,0.9341114457831324,1.0319207484865165,0.0,0.059495580944169,0.1722222222222222,2000-07-26,0.48,bmo,2481000000.0,2025-04-24,2000-06-30,0.0,51.63619047619048,1552307.9365079366
2000-03-31,MMC,USD,62709,2000-05-12,2000-05-12 00:00:00,2000,Q1,2665000000.0,1953000000.0,712000000.0,0.2671669794,0,0.0,0.0,0.0,100000000.0,100000000.0,2053000000.0,0.0,0.0,100000000.0,712000000.0,0.2671669794,612000000.0,0.2296435272,-55000000.0,557000000.0,0.2090056285,220000000.0,337000000.0,0.1264540338,0.63,0.6,536000000,560000000,https://www.sec.gov/Archives/edgar/data/62709/000006270900000006/0000062709-00-000006-index.html,https://www.sec.gov/Archives/edgar/data/62709/000006270900000006/,4.972014925373134,0.628731343283582,-0.2798507462686567,-0.4496268656716418,0.9458955223880596,8.300373134328359,-1.9235074626865671,8.300373134328359,7.248134328358209,29565760000.0,32943760000.0,21.93305637982196,11.094093808630394,-197.10506666666663,-122.6795020746888,6.645484378512024,6.645484378512024,12.361636022514071,46.26932584269663,-219.62506666666667,-136.69609958506223,0.0113983202190642,-0.0081513209875206,0.8732299393122049,0.2895148669796557,4.74438202247191,0.8205070675342159,0.0,-0.4451038575667655,0.0040587490394293,0.3560830860534125,0.0,0.0,0.4083761830240703,-0.6066666666666667,0.0341463414634146,0.91,0.0,10.836090479793787,0.03527786596313,0.0424486711172691,-12.1357276119403,-800000000.0,-1031000000.0,-5313000000.0,6007000000.0,2467000000.0,1781000000.0,0.0,88.17636022514071,82.94930875576037,0.0,1.0206817311374952,1.085,0.0,0.075747358957069,0.169776119402985,2000-04-25,0.59,bmo,2620583333.0,2025-04-24,2000-03-31,0.0169491525423729,45.26587301587302,2205469.8412698414
1999-12-31,MMC,USD,62709,2000-03-29,2000-03-29 00:00:00,1999,Q4,2334000000.0,2043000000.0,291000000.0,0.1246786632,0,0.0,0.0,0.0,123000000.0,123000000.0,2166000000.0,0.0,0.0,123000000.0,291000000.0,0.1246786632,168000000.0,0.0719794344,-55000000.0,113000000.0,0.0484147386,66000000.0,47000000.0,0.0201371037,0.0877,0.0877,536000000,536000000,https://www.sec.gov/Archives/edgar/data/62709/000091205700014263/0000912057-00-014263-index.html,https://www.sec.gov/Archives/edgar/data/62709/000091205700014263/,4.354477611940299,0.0876865671641791,0.3097014925373134,0.1567164179104477,0.7985074626865671,7.779850746268656,-2.5597014925373136,7.779850746268656,6.507462686567164,25642240000.0,28702240000.0,136.39489361702127,10.986392459297344,154.4713253012048,305.2647619047619,6.149218225419665,6.149218225419665,12.29744644387318,98.63312714776632,172.90506024096385,341.6933333333333,0.0018329131932311,0.0032758448559876,0.8364508393285371,0.2678749712003686,10.515463917525771,0.7603056970819824,0.0,3.5319148936170213,0.0046797783656966,2.5531914893617023,0.0,0.0,0.4256201520620536,0.4939759036144578,0.0351328191945158,0.6666666666666666,0.0,3.9178104997912353,0.0071055629646827,0.0062842626019521,-12.464085820895525,-1035000000.0,-1372000000.0,-5568000000.0,5821000000.0,2238000000.0,1452000000.0,0.0,89.57583547557842,77.62114537444934,0.0,1.004735256134309,1.159477866061294,0.0,0.0112709832134292,0.1529850746268656,2000-02-02,0.41,bmo,2334000000.0,2025-04-24,1999-12-31,0.0,39.5403125,1606087.5
1999-09-30,MMC,USD,62709,1999-11-15,1999-11-15 00:00:00,1999,Q3,2227000000.0,1703000000.0,524000000.0,0.2352941176,0,0.0,0.0,0.0,99000000.0,99000000.0,1802000000.0,0.0,0.0,99000000.0,524000000.0,0.2352941176,425000000.0,0.1908396947,-53000000.0,372000000.0,0.1670408621,149000000.0,223000000.0,0.1001347104,0.42,0.41,524000000,540000000,https://www.sec.gov/Archives/edgar/data/62709/000006270999000025/0000062709-99-000025-index.html,https://www.sec.gov/Archives/edgar/data/62709/000006270999000025/,4.25,0.4255725190839695,0.8454198473282443,0.1259541984732824,1.2232824427480915,8.15267175572519,-1.5954198473282444,8.15267175572519,6.8816793893129775,17947000000.0,20912000000.0,20.11995515695067,8.058823529411764,40.512415349887135,271.92424242424244,4.201076779026217,4.201076779026217,9.39021104625056,39.908396946564885,47.205417607223474,316.8484848484849,0.0124254750097509,0.0036774948459352,0.8441011235955056,0.2910646541286625,5.658396946564886,0.9561674627704412,0.0,1.9865470852017937,0.006630634646459,0.5336322869955157,0.0,0.0,0.4123012349665025,0.8510158013544018,0.1692860350246969,3.808080808080808,0.0,8.835436818168397,0.0258782636238033,0.030627661035572,-11.185591603053435,-156000000.0,-836000000.0,-4714000000.0,6298000000.0,2163000000.0,1296500000.0,0.0,87.00942972608891,60.352319436288894,0.0,1.0343706456107755,1.4912434325744308,0.0,0.0522003745318352,0.7194656488549618,1999-10-26,0.41,bmo,2227000000.0,2025-04-24,1999-09-30,0.0,37.2790625,1119456.25
1999-06-30,MMC,USD,62709,1999-08-13,1999-08-13 00:00:00,1999,Q2,2245000000.0,1810000000.0,435000000.0,0.1937639198,0,0.0,0.0,0.0,88000000.0,88000000.0,1898000000.0,0.0,0.0,88000000.0,435000000.0,0.1937639198,347000000.0,0.1545657016,-51000000.0,296000000.0,0.1318485523,119000000.0,177000000.0,0.0788418708,0.34,0.32,520000000,538000000,https://www.sec.gov/Archives/edgar/data/62709/000006270999000016/0000062709-99-000016-index.html,https://www.sec.gov/Archives/edgar/data/62709/000006270999000016/,4.3173076923076925,0.3403846153846154,0.6596153846153846,0.3442307692307692,1.1519230769230768,7.848076923076923,-1.4711538461538465,7.848076923076923,6.834615384615384,19676800000.0,22631800000.0,27.792090395480223,8.764721603563475,57.36676384839651,109.92625698324022,4.82156334231806,4.82156334231806,10.08097995545657,52.02712643678161,65.98192419825072,126.43463687150836,0.0089953651000162,0.0090970076435192,0.8708649840725312,0.296735409534942,6.793103448275862,0.9506104328523862,0.0,1.9378531073446328,0.0053362335339079,0.5932203389830508,0.0,0.0,0.404608833597729,0.478134110787172,0.0730512249443207,1.8636363636363635,0.0,7.752786886780413,0.022239723646476,0.0248212031973075,-10.898557692307692,-178000000.0,-765000000.0,-4470000000.0,5932000000.0,2104000000.0,1449500000.0,0.0,87.11358574610244,72.14917127071823,0.0,1.0331339162448228,1.2474155754651963,0.0,0.0433717226170056,0.3153846153846154,1999-07-27,0.4,bmo,2190243902.0,2025-04-24,1999-06-30,0.0249999999999998,37.42984126984127,1311511.111111111
1999-03-31,MMC,USD,62709,1999-05-14,1999-05-14 00:00:00,1999,Q1,2351000000.0,1742000000.0,609000000.0,0.2590387069,0,0.0,0.0,0.0,90000000.0,90000000.0,1832000000.0,0.0,0.0,90000000.0,609000000.0,0.2590387069,519000000.0,0.2207571246,-53000000.0,466000000.0,0.1982135262,187000000.0,279000000.0,0.1186729051,0.54,0.52,516666667,541747573,https://www.sec.gov/Archives/edgar/data/62709/000095017299000572/0000950172-99-000572-index.html,https://www.sec.gov/Archives/edgar/data/62709/,4.550322577709469,0.5399999996516129,0.092903225746514,-0.0851612902676378,1.1419354831342352,7.275483866273881,-2.036129030944433,7.275483866273881,7.594838704777524,19183833345.710003,22517833345.710003,17.189814825905017,8.159861057299024,399.66319470229166,-435.9962124025001,5.103440634666135,5.103440634666135,9.577981006256913,36.97509580576355,469.121528035625,-511.7689396752274,0.0145434958160951,-0.0022935979064809,1.0438946528332005,0.3306091498862583,5.474548440065681,0.6935950413223141,0.0,0.1720430107526881,0.0053691041901713,0.3691756272401433,0.0,0.0,0.4053416463055017,1.9166666666666667,0.0391322841344108,1.022222222222222,0.0,9.401974735032915,0.0330952987172917,0.0395296117880419,-11.600806444128512,-1483000000.0,-1052000000.0,-4753000000.0,4568000000.0,1972000000.0,1393000000.0,0.0,77.90301999149298,74.8105625717566,0.0,1.1552825552825552,1.2030386740331491,0.0,0.0742218675179569,0.1780645160141519,1999-04-29,0.49,bmo,2133314814.0,2025-04-24,1999-03-31,0.1020408163265307,33.747540983606555,1363800.0
1998-12-31,MMC,USD,62709,1999-03-31,1999-03-31 00:00:00,1998,Q4,1945000000.0,1540000000.0,405000000.0,0.2082262211,0,0.0,0.0,0.0,70000000.0,70000000.0,1610000000.0,0.0,0.0,70000000.0,405000000.0,0.2082262211,335000000.0,0.1722365039,-38000000.0,297000000.0,0.1526992288,111000000.0,186000000.0,0.0956298201,0.36,0.36,510184874,516666667,https://www.sec.gov/Archives/edgar/data/62709/000104746999012741/0001047469-99-012741-index.html,https://www.sec.gov/Archives/edgar/data/62709/,3.812343523144122,0.3645737250924456,0.5213796283580137,0.5017788904498176,1.195645012399956,7.171910000608917,-2.2874061138864734,7.171910000608917,7.495322176094151,14907602018.28,18121602018.28,20.03709948693548,7.66457687315167,56.04361661007518,58.23282038390624,4.074228482722055,4.074228482722055,9.317019032534704,44.744696341432096,68.12632337699247,70.78750788390624,0.0124768557526504,0.0171724466273038,1.045094288056846,0.322129559430545,7.935802469135803,0.6487405037984806,0.0,1.4301075268817205,0.0066409070941526,0.532258064516129,0.0,0.0,0.4065369387583186,0.037593984962406,0.0051413881748071,0.1428571428571428,0.0,7.670105850727846,0.0230471251013929,0.026401703335699,-12.094145307804638,-1757000000.0,-1167000000.0,-4967000000.0,4356000000.0,1772500000.0,1234000000.0,0.0,88.33419023136247,78.19480519480518,0.0,1.0188580408590886,1.1509715994020926,0.0,0.0508335610822629,0.019600737908196,1999-02-25,0.32,bmo,1762656250.0,2025-04-24,1998-12-31,0.0937499999999999,27.9078125,932581.25
1998-09-30,MMC,USD,62709,1998-11-13,1998-11-13 00:00:00,1998,Q3,1719000000.0,1324000000.0,395000000.0,0.2297847586,0,0.0,0.0,0.0,60000000.0,60000000.0,1384000000.0,0.0,0.0,60000000.0,395000000.0,0.2297847586,335000000.0,0.1948807446,-28000000.0,307000000.0,0.1785922048,121000000.0,186000000.0,0.1082024433,0.37,0.35,509589041,539130435,https://www.sec.gov/Archives/edgar/data/62709/000006270998000009/0000062709-98-000009-index.html,https://www.sec.gov/Archives/edgar/data/62709/,3.373306452247665,0.3650000000686828,1.0459408604118705,0.7672849463809407,1.3088978497086636,7.019381721750959,1.4815860217841694,7.019381721750959,3.453763441510117,12678575340.08,13771575340.08,17.041095887204303,7.375552844723677,23.78719576,32.426023887672635,3.5444717193402293,3.5444717193402293,8.011387632390925,34.86474769640506,25.83785242041276,35.22142030710997,0.0146704180091914,0.0308394271053432,0.4920324294101202,0.2016498625114574,2.767088607594937,1.0486366985998523,0.0,2.8655913978494625,0.0082816875858338,0.5645161290322581,0.0,0.0,0.323327222731439,0.2664165103189493,0.0826061663757998,2.3666666666666667,0.0,7.592540576166006,0.0312541067725758,0.0314933965458855,-6.391424732385484,132000000.0,755000000.0,-2305000000.0,3888000000.0,1661000000.0,1140000000.0,0.0,85.6544502617801,76.81268882175226,0.0,1.0507334963325183,1.1716814159292035,0.0,0.0519988817444786,0.2786559140309299,1998-10-22,0.34,bmo,1669885714.0,2025-04-24,1998-09-30,0.0294117647058822,28.4084375,1159040.625
1998-06-30,MMC,USD,62709,1998-08-14,1998-08-14 00:00:00,1998,Q2,1750000000.0,1339000000.0,411000000.0,0.2348571429,0,0.0,0.0,0.0,65000000.0,65000000.0,1404000000.0,0.0,0.0,65000000.0,411000000.0,0.2348571429,346000000.0,0.1977142857,-26000000.0,320000000.0,0.1828571429,127000000.0,193000000.0,0.1102857143,0.38,0.36,514666667,536111111,https://www.sec.gov/Archives/edgar/data/62709/000006270998000004/0000062709-98-000004-index.html,https://www.sec.gov/Archives/edgar/data/62709/,3.4002590651552724,0.3749999997571243,0.3633419686765919,-0.170984455847808,1.1619170976930588,6.83937823391232,1.5544041440709817,6.83937823391232,3.773316059732308,15553226676.74,16897226676.74,20.146666679715025,8.887558100994285,83.17233516973262,-176.7412122356818,4.4185303058920455,4.4185303058920455,9.655558100994286,41.11247366603406,90.35950094513368,-192.0139395084091,0.0124090006537764,-0.0056579899354006,0.5517045454545455,0.2258402139783696,3.27007299270073,1.0722846441947569,0.0,0.9689119170984456,0.0055293992550506,0.4455958549222797,0.0,0.0,0.3163158506803116,1.4705882352941178,0.1571428571428571,4.230769230769231,0.0,7.596529063411792,0.0317289417667629,0.0328287123660486,-6.249676161755391,193000000.0,800000000.0,-2216000000.0,3797000000.0,1646000000.0,1209500000.0,0.0,86.70857142857143,77.29648991784914,0.0,1.0379596678529064,1.1643478260869564,0.0,0.0548295454545454,0.5343264245243999,1998-07-23,0.35,bmo,1611842105.0,2025-04-24,1998-06-30,0.0857142857142858,29.523968253968253,929771.3650793652
1998-03-31,MMC,USD,62709,1998-05-14,1998-05-14 00:00:00,1998,Q1,1776000000.0,1316000000.0,460000000.0,0.259009009,0,0.0,0.0,0.0,56000000.0,56000000.0,1372000000.0,0.0,0.0,56000000.0,460000000.0,0.259009009,404000000.0,0.2274774775,-23000000.0,381000000.0,0.214527027,150000000.0,231000000.0,0.1300675676,0.45,0.44,513333333,531034483,https://www.sec.gov/Archives/edgar/data/62709/000006270998000001/0000062709-98-000001-index.html,https://www.sec.gov/Archives/edgar/data/62709/,3.4597402619868443,0.4500000002922077,0.2863636365495868,-0.0487012987329229,1.104545455262692,6.831818186254427,1.9344155856716985,6.831818186254427,3.245454547561984,14937999990.3,16036999990.3,16.166666656168832,8.411036030574325,101.61904755306122,-597.519999612,4.259481035158255,4.259481035158255,9.02984233688063,34.86304345717392,109.0952380292517,-641.479999612,0.0154639175358146,-0.0016735841488976,0.4750499001996008,0.1996644295302013,2.389130434782609,1.095820189274448,0.0,0.6363636363636364,0.0056901861062521,0.3679653679653679,0.0,0.0,0.3012943432406519,1.1700680272108843,0.0968468468468468,3.071428571428572,0.0,8.316980171958033,0.0388123723482433,0.0396226415094339,-5.971753250631009,243000000.0,993000000.0,-2058000000.0,3697000000.0,1552000000.0,1246000000.0,0.0,81.38513513513514,86.78571428571429,0.0,1.1058530510585305,1.037037037037037,0.0,0.0658682634730539,0.3350649352825097,1998-04-21,0.43,bmo,1735636363.0,2025-04-24,1998-03-31,0.0232558139534883,27.014754098360655,1019001.6393442624
1997-12-31,MMC,USD,62709,1998-03-26,1998-03-26 00:00:00,1997,Q4,1894300000.0,1885500000.0,8800000.0,0.0046455155,0,0.0,0.0,0.0,51800000.0,51800000.0,1937300000.0,0.0,0.0,51800000.0,8800000.0,0.0046455155,-43000000.0,-0.022699678,-22400000.0,-65400000.0,-0.0345246265,-15400000.0,-50000000.0,-0.0263949744,-0.0974,-0.0974,513333333,513333333,https://www.sec.gov/Archives/edgar/data/62709/000104746998011599/0001047469-98-011599-index.html,https://www.sec.gov/Archives/edgar/data/62709/,3.690194807591036,-0.0974025974658458,0.2228571430018553,-0.7821428576507421,0.8265584420951678,6.231428575474953,1.522792208781034,6.231428575474953,2.876298703166428,12756333325.05,13808533325.05,-63.78166662525,6.73406183025392,111.5064101840035,-31.77168947708593,3.9878496076810057,3.9878496076810057,7.289517671461755,1569.151514210227,120.70396263155595,-34.39236195529266,-0.0039196216284042,-0.0314745616760862,0.461579342253345,0.186563392383311,119.5681818181818,1.0796419265361017,0.0,-2.288,0.00663199979526,-1.692,0.0,0.0,0.3054130550150362,4.509615384615385,0.2723433458269546,9.95945945945946,0.0,,-0.0056960266372698,-0.0090957050080951,-6.170649354656266,189500000.0,781700000.0,-2146500000.0,3563900000.0,1459800000.0,951100000.0,0.0,71.17140896373331,58.37708830548926,0.0,1.2645527369826437,1.5417007358953394,0.0,-0.0156308615730899,1.0050000006525974,1998-02-11,0.27,bmo,1894300000.0,2025-04-24,1997-12-31,0.0,24.759375,787490.5
1997-09-30,MMC,USD,62709,1997-11-14,1997-11-14 00:00:00,1997,Q3,1455800000.0,1149200000.0,306600000.0,0.2106058525,0,0.0,0.0,0.0,57700000.0,57700000.0,1206900000.0,0.0,0.0,57700000.0,306400000.0,0.2104684709,248900000.0,0.1709712873,-22000000.0,226800000.0,0.1557906306,86800000.0,140000000.0,0.0961670559,0.28,0.27,509090909,518518519,https://www.sec.gov/Archives/edgar/data/62709/000006270997000007/0000062709-97-000007-index.html,https://www.sec.gov/Archives/edgar/data/62709/,2.859607143367787,0.2750000000491071,0.3317678572021014,0.2484821429015146,0.854267857295405,6.52830357259434,2.263053571832688,6.52830357259434,3.0756785719778,13002181815.86,14133081815.86,23.218181814035717,8.931296754952603,76.9815382821788,102.78404597517786,3.912195521546562,3.912195521546562,9.708120494477262,46.12624613531331,83.67721619810538,111.72396692379444,0.0107674236511005,0.0097291363704586,0.4711298330073717,0.2120215027555483,3.690926892950392,1.3548648962078162,0.0,1.2064285714285714,0.006445072156873,0.5985714285714285,0.0,0.0,0.2940244546451639,0.251036116044997,0.0291248797911801,0.7348353552859619,0.0,6.355617858449379,0.0257879412727038,0.0268523313577689,-5.029553572326706,612000000.0,1152100000.0,-1725000000.0,3743900000.0,1418400000.0,723200000.0,0.0,87.88569858497046,53.19178558997564,0.0,1.0240574001125493,1.6919905771495878,0.0,0.0421242665864299,0.0832857143005867,1997-10-23,0.27,bmo,1492714285.0,2025-04-24,1997-09-30,0.037037037037037,24.4921875,906852.8125
1997-06-30,MMC,USD,62709,1997-08-14,1997-08-14 00:00:00,1997,Q2,1449800000.0,1135700000.0,314100000.0,0.2166505725,0,0.0,0.0,0.0,52500000.0,52500000.0,1188200000.0,0.0,0.0,52500000.0,314100000.0,0.2166505725,261600000.0,0.1804386812,-23600000.0,238000000.0,0.1641605739,93000000.0,145000000.0,0.100013795,0.29,0.28,500000000,508771930,https://www.sec.gov/Archives/edgar/data/62709/000006270997000003/0000062709-97-000003-index.html,https://www.sec.gov/Archives/edgar/data/62709/,2.8996,0.29,0.3916,0.261,1.0008,6.3656,1.9774,6.3656,3.4394,11895000000.0,13114300000.0,20.50862068965517,8.204579942060974,60.75076608784474,91.14942528735632,3.737275355033304,3.737275355033304,9.045592495516622,41.75198981216173,66.97803881511747,100.4927203065134,0.0121899957965531,0.0109709962168978,0.5403104184994345,0.2306217144083253,3.881884750079593,1.1131571549058197,0.0,1.3503448275862069,0.0060613703236654,0.4972413793103448,0.0,0.0,0.2942414976933805,0.3335035750766087,0.0450406952683128,1.243809523809524,0.0,6.444807212011853,0.0268684296942756,0.027552397058544,-5.4244,241500000.0,988700000.0,-1898300000.0,3404700000.0,1389350000.0,850500000.0,0.0,87.8521175334529,60.79774588359602,0.0,1.0244488411531938,1.480318039624609,0.0,0.0455573708684177,0.1306,1997-07-23,0.29,bmo,1540000000.0,2025-04-24,1997-06-30,0.0,21.2603125,1689375.0
1997-03-31,MMC,USD,62709,1997-05-15,1997-05-15 00:00:00,1997,Q1,1208700000.0,894300000.0,314400000.0,0.2601141723,0,0.0,0.0,0.0,37100000.0,37100000.0,931400000.0,0.0,0.0,37100000.0,314400000.0,0.2601141723,277300000.0,0.2294200381,-14300000.0,263000000.0,0.2175891454,98600000.0,164400000.0,0.1360138992,0.38,0.37,438400000,450410959,https://www.sec.gov/Archives/edgar/data/62709/000006270997000002/0000062709-97-000002-index.html,https://www.sec.gov/Archives/edgar/data/62709/,2.757071167883212,0.375,-0.1453010948905109,-0.2625456204379562,1.3512773722627738,6.846943430656935,1.9810675182481752,6.846943430656935,4.078239051094891,8276992000.0,9472492000.0,12.586666666666666,6.847846446595516,-129.93708006279434,-71.91131190269331,2.757434786954059,2.757434786954059,7.836925622569703,30.128791348600508,-148.7047409733124,-82.297932232841,0.0198622881355932,-0.0139060180316714,0.5956291434853583,0.2463486552028218,3.802480916030534,1.1292936908071431,0.0,-0.3874695863746958,0.0078651761412841,0.395985401459854,0.0,0.0,0.2939263668430335,-0.8069073783359497,0.0425250268883924,1.38544474393531,0.0,7.600729254233957,0.0301275500678872,0.0320818046990867,-6.023893704379562,274400000.0,868500000.0,-1859200000.0,3361600000.0,1224650000.0,690650000.0,0.0,101.52643335815338,93.97517611539752,0.0,0.8864686468646865,0.9576997215677876,0.0,0.0547689642535896,0.1172445255474452,1997-04-21,0.37,bmo,1260921052.0,2025-04-24,1997-03-31,0.027027027027027,19.040819672131143,1250193.4426229508
1996-12-31,MMC,USD,62709,1997-03-31,1997-03-31 00:00:00,1996,Q4,1052500000.0,911300000.0,141200000.0,0.1341567696,0,0.0,0.0,0.0,35900000.0,35900000.0,947200000.0,0.0,0.0,35900000.0,141200000.0,0.1341567696,105300000.0,0.1000475059,-12400000.0,92900000.0,0.0882660333,-5500000.0,98400000.0,0.0934916865,0.22,0.22,435826529,438400000,https://www.sec.gov/Archives/edgar/data/62709/000100547797000915/0001005477-97-000915-index.html,https://www.sec.gov/Archives/edgar/data/62709/,2.414951660732888,0.2257779034832457,0.123214160742381,-0.0234038070683852,0.6874294703615896,4.333375493073759,3.0821896112707723,4.333375493073759,1.9516939502322035,7552873747.57,8103873747.57,19.1892117570376,7.17612707607601,140.6494180180633,-740.4778183892157,3.999191860409827,3.999191860409827,7.699642515505938,57.39287356635977,150.9101256530726,-794.497426232353,0.0130281536920511,-0.0013504793461272,0.450386529704543,0.1871424799788788,3.9022662889518416,1.1235622951873032,0.0,0.5457317073170732,0.0085662758523953,0.657520325203252,0.0,0.0,0.1199727184722344,1.1899441340782122,0.0607125890736342,1.7799442896935933,0.0,4.691861012563892,0.0329855743981883,0.0246006150153753,-3.53959637000436,192300000.0,1343300000.0,-908000000.0,1507700000.0,1052700000.0,427200000.0,0.0,92.84750593824228,44.19510589268079,0.0,0.9693313685761652,2.0364245810055865,0.0,0.052102086201419,0.1466179678107662,1997-01-30,0.22,bmo,1052500000.0,2025-04-24,1996-12-31,0.0,17.6525,1036931.25
1996-09-30,MMC,USD,62709,1996-11-13,1996-11-13 00:00:00,1996,Q3,989000000.0,780000000.0,209000000.0,0.2113245703,0,0.0,0.0,0.0,34800000.0,34800000.0,814800000.0,0.0,0.0,34800000.0,209000000.0,0.2113245703,174200000.0,0.1761375126,-10800000.0,163400000.0,0.1652173913,60800000.0,102600000.0,0.1037411527,0.24,0.24,427500000,436595745,https://www.sec.gov/Archives/edgar/data/62709/000006270996000006/0000062709-96-000006-index.html,https://www.sec.gov/Archives/edgar/data/62709/,2.3134502923976608,0.24,0.3674853801169591,0.2900584795321637,0.976374269005848,4.069005847953217,2.776842105263158,4.069005847953217,2.050058479532164,6921225000.000001,7380225000.000001,16.864583333333336,6.998205257836199,44.05617441120306,55.8163306451613,3.978858867490658,3.978858867490658,7.462310414560163,35.312081339712925,46.97788033099937,59.5179435483871,0.0148239654107473,0.0179159036153282,0.5038229376257545,0.2037760416666666,2.196172248803828,1.1732267322673229,0.0,1.5311890838206628,0.008380019432976,0.5653021442495126,0.0,0.0,0.1284412202380952,0.2106938255887969,0.0334681496461071,0.9511494252873564,0.0,4.687497368420314,0.0330927284509234,0.027371678582862,-3.2261988304093565,253500000.0,1187100000.0,-844400000.0,1537500000.0,1048250000.0,419900000.0,0.0,92.7846309403438,46.95,0.0,0.9699882306786975,1.9169329073482428,0.0,0.0589824662259269,0.0774269005847953,1996-10-23,0.23,bmo,,2025-04-24,1996-09-30,0.0434782608695651,15.53125,825974.90625
1996-06-30,MMC,USD,62709,1996-08-14,1996-08-14 00:00:00,1996,Q2,1036800000.0,809200000.0,227600000.0,0.2195216049,0,0.0,0.0,0.0,34300000.0,34300000.0,843500000.0,0.0,0.0,34300000.0,227600000.0,0.2195216049,193300000.0,0.1864390432,-12400000.0,180900000.0,0.1744791667,65700000.0,115200000.0,0.1111111111,0.27,0.26,434716981,443076923,https://www.sec.gov/Archives/edgar/data/62709/000006270996000004/0000062709-96-000004-index.html,https://www.sec.gov/Archives/edgar/data/62709/,2.385000000724609,0.2650000000805121,0.1725260417190834,0.1062760416989554,0.7793576391256729,4.167999133210763,2.8959071189353884,4.167999133210763,1.7149088546876894,6990249054.48,7396949054.48,15.16981131614583,6.742138362731481,93.2033207264,151.30409208831168,3.857966253369391,3.857966253369391,7.134403023225309,32.499776162038664,98.62598739306668,160.107122391342,0.0164800995074945,0.0066092065733181,0.4114465478227275,0.1777454580134471,1.7869068541300528,1.2905269664657704,0.0,0.6510416666666666,0.0083544948892159,0.5069444444444444,0.0,0.0,0.1318487435029326,0.384,0.0277777777777777,0.8396501457725948,0.0,4.985147424030668,0.0380397148989293,0.0316379215643194,-2.842826606766484,376000000.0,1258900000.0,-712100000.0,1658300000.0,1094250000.0,443200000.0,0.0,93.48090277777776,48.147553138902616,0.0,0.962763487789024,1.8692538692538687,0.0,0.0635796677520834,0.066250000020128,1996-07-23,0.26,bmo,,2025-04-24,1996-06-30,0.0,15.625873015873015,919266.6666666666
1996-03-31,MMC,USD,62709,1996-05-13,1996-05-13 00:00:00,1996,Q1,1070700000.0,793300000.0,277400000.0,0.259082843,0,0.0,0.0,0.0,34900000.0,34900000.0,828200000.0,0.0,0.0,34900000.0,277400000.0,0.259082843,242500000.0,0.2264873447,-11700000.0,230800000.0,0.2155599141,87700000.0,143100000.0,0.1336508826,0.33,0.33,440307692,440307692,https://www.sec.gov/Archives/edgar/data/62709/000006270996000002/0000062709-96-000002-index.html,https://www.sec.gov/Archives/edgar/data/62709/,2.431708597087148,0.3250000002271139,0.069723969300995,-0.0018169112521431,0.769234801376125,4.03263452413182,2.4078616369027683,4.03263452413182,2.4196715600417,6868799995.2,7595499995.2,11.999999991614256,6.415242360325021,223.73941352442995,-8585.999994,3.868438834872719,3.868438834872719,7.093957219762772,27.381038194664743,247.41042329641687,-9494.374994,0.0208333333478919,-0.0001164686700091,0.6000225275963055,0.2400360482144868,2.619682768565249,1.0911217990380866,0.0,0.2145352900069881,0.0084585371594166,0.4060097833682739,0.0,0.0,0.1611805790244452,1.026058631921824,0.0294200056038105,0.9025787965616046,0.0,5.430344370140898,0.0422865909475091,0.0384357121753377,-3.38513277664929,140200000.0,1060200000.0,-984100000.0,1611200000.0,1122050000.0,469450000.0,0.0,93.43793779770245,51.44964074120762,0.0,0.9632061892767182,1.7492833517089306,0.0,0.0805924757828339,0.0715408805531382,1996-04-22,0.31,bmo,,2025-04-24,1996-03-31,0.0645161290322581,15.459047619047618,942933.3333333334
1995-12-31,MMC,USD,62709,1996-03-28,1996-03-28 00:00:00,1995,Q4,958300000.0,775100000.0,183200000.0,0.1911718668,0,0.0,0.0,0.0,35200000.0,35200000.0,810300000.0,0.0,0.0,35200000.0,183200000.0,0.1911718668,148000000.0,0.1544401544,-11000000.0,137000000.0,0.1429614943,52000000.0,85000000.0,0.0886987373,0.19,0.19,440307692,440307692,https://www.sec.gov/Archives/edgar/data/62709/000088981296000280/0000889812-96-000280-index.html,https://www.sec.gov/Archives/edgar/data/62709/,2.176432566161029,0.1930468205402144,0.1046995109047515,0.0208944793996467,0.7451607272852276,3.782582113055613,2.1253319371945016,3.782582113055613,2.2295772202862176,6512150764.679999,7165750764.679999,19.153384602,6.7955241205050605,141.26140487375272,707.8424744217391,3.910027478042629,3.910027478042629,7.477565234978608,39.11436006921397,155.43927906030368,778.8859526826086,0.0130525233630976,0.0014127437051823,0.5894326028219754,0.2267467374985564,3.567685589519651,1.0698311564192418,0.0,0.5423529411764706,0.00896785134594,0.6870588235294117,0.0,0.0,0.1685414020094699,0.8004338394793926,0.0385056871543358,1.0482954545454546,0.0,4.053374844872803,0.0275659144181346,0.023612422912384,-3.3761049988652028,109600000.0,935800000.0,-984900000.0,1596800000.0,1089300000.0,461600000.0,0.0,106.3602212250861,56.36175977293253,0.0,0.8461810154525387,1.5968273588792747,0.0,0.0510357250075052,0.0838050315051048,1996-01-30,0.19,bmo,,2025-04-24,1995-12-31,0.0,14.32222222222222,739390.4126984127
1995-09-30,MMC,USD,62709,1995-11-14,1995-11-14 00:00:00,1995,Q3,921600000.0,728600000.0,193000000.0,0.2094184028,0,0.0,0.0,0.0,34600000.0,34600000.0,763200000.0,0.0,0.0,34600000.0,193000000.0,0.2094184028,158400000.0,0.171875,-11100000.0,147300000.0,0.1598307292,56000000.0,91300000.0,0.0990668403,0.21,0.21,434761905,434761905,https://www.sec.gov/Archives/edgar/data/62709/000006270995000012/0000062709-95-000012-index.html,https://www.sec.gov/Archives/edgar/data/62709/,2.119780940788729,0.2099999998849945,0.3831982473257402,0.3132749176816676,0.8814019710397579,3.86418400664612,2.1768236570773145,3.86418400664612,2.1876341718578125,6369261908.25,6937161908.25,17.440476200027383,6.9110914803059895,38.23086379501801,46.76403750550661,3.791227326339286,3.791227326339286,7.527302417805989,35.94384408419689,41.639627300420166,50.93364102973568,0.0143344709819108,0.0213839534253698,0.5661309523809523,0.2253204141100661,2.942487046632124,1.0899309784815263,0.0,1.8247535596933184,0.0082741141374228,0.5772179627601315,0.0,0.0,0.1737935609201393,0.1824729891956782,0.0329861111111111,0.8786127167630058,0.0,4.27296962561213,0.029903764843201,0.026179211469534,-3.158797917218621,132900000.0,946400000.0,-930400000.0,1620900000.0,1060100000.0,451950000.0,0.0,102.158203125,54.07905572330497,0.0,0.8809865213650703,1.6642302421196893,0.0,0.054345238095238,0.0699233296440726,1995-10-23,0.21,bmo,,2025-04-24,1995-09-30,0.0,13.544285714285714,862571.4285714285
1995-06-30,MMC,USD,62709,1995-08-14,1995-08-14 00:00:00,1995,Q2,935200000.0,727200000.0,208000000.0,0.2224123182,0,0.0,0.0,0.0,33100000.0,33100000.0,760300000.0,0.0,0.0,33100000.0,208000000.0,0.2224123182,174900000.0,0.1870188195,-12400000.0,162500000.0,0.1737596236,60700000.0,101800000.0,0.1088537211,0.24,0.24,433191489,433191489,https://www.sec.gov/Archives/edgar/data/62709/000006270995000007/0000062709-95-000007-index.html,https://www.sec.gov/Archives/edgar/data/62709/,2.158860512608086,0.235000000196218,0.1786738704831756,0.0953388998831415,0.7913359535094652,3.7325294726646856,2.004425345485031,3.7325294726646856,2.2738212199732297,5856748931.28,6498948931.28,14.382978711394893,6.262563014627887,75.66859084341085,141.80990148377722,3.622208504718907,3.622208504718907,6.949261047134303,31.244946785,83.96574846614986,157.35953828765133,0.0173816568192469,0.0070516937783388,0.6091904261240646,0.2374867393191243,3.0875,1.0637035083091533,0.0,0.7603143418467584,0.0090152404720651,0.518664047151277,0.0,0.0,0.1804899218825345,0.4664082687338501,0.038601368691189,1.0906344410876132,0.0,4.442493624440365,0.034185555232886,0.0299499852897911,-3.191025297359894,96600000.0,868300000.0,-917700000.0,1602100000.0,1038550000.0,475900000.0,0.0,103.36719418306244,57.68564356435643,0.0,0.8706824318033702,1.5601802188371594,0.0,0.0629599851567815,0.0833349706000341,1995-07-24,0.23,bmo,,2025-04-24,1995-06-30,0.0,13.31936507936508,805333.3333333334
1995-03-31,MMC,USD,62709,1995-05-15,1995-05-15 00:00:00,1995,Q1,955200000.0,709400000.0,245800000.0,0.2573283082,0,0.0,0.0,0.0,32200000.0,32200000.0,741600000.0,0.0,0.0,32200000.0,245800000.0,0.2573283082,213600000.0,0.2236180905,-10600000.0,203000000.0,0.212520938,78200000.0,124800000.0,0.1306532663,0.28,0.28,437894737,437894737,https://www.sec.gov/Archives/edgar/data/62709/000006270995000003/0000062709-95-000003-index.html,https://www.sec.gov/Archives/edgar/data/62709/,2.1813461530596108,0.2849999998972355,0.0639423076692515,-0.0125600961493172,0.6510697113037008,3.568437498713304,1.869170672402943,3.568437498713304,2.015096153119557,5994778949.53,6592078949.53,12.008771934154648,6.275941111317001,214.09924819749995,-1089.9598090054544,3.836412997267375,3.836412997267375,6.90125518166876,26.818872862205044,235.4313910546429,-1198.5598090054546,0.0208181154052034,-0.0009174650218639,0.5646998592090107,0.2225922001917158,2.430024410089504,1.0577194467965,0.0,0.2243589743589743,0.0088577077565409,0.4254807692307692,0.0,0.0,0.1877049593865092,1.1964285714285714,0.0350711892797319,1.0403726708074534,0.0,4.783576638065719,0.0434808947539172,0.0387565603552684,-3.115474758492016,81800000.0,818500000.0,-902600000.0,1575800000.0,979000000.0,491200000.0,0.0,94.5037688442211,61.61967860163519,0.0,0.9523429710867398,1.4605723697755817,0.0,0.0798668885191347,0.0765024038185688,1995-04-24,0.3,bmo,,2025-04-24,1995-03-31,-0.0666666666666665,13.463333333333336,670428.5714285715
1994-12-31,MMC,USD,62709,1995-03-28,1995-03-28 00:00:00,1994,Q4,857400000.0,698100000.0,159300000.0,0.1857942617,0,0.0,0.0,0.0,29800000.0,29800000.0,727900000.0,0.0,0.0,29800000.0,159300000.0,0.1857942617,129500000.0,0.1510380219,-10100000.0,119400000.0,0.1392582225,47200000.0,72200000.0,0.0842080709,0.16,0.16,437894737,437894737,https://www.sec.gov/Archives/edgar/data/62709/000091205795001755/0000912057-95-001755-index.html,https://www.sec.gov/Archives/edgar/data/62709/,1.9580048069862963,0.1648798076328558,0.2516586537554115,0.1118990384211902,0.6734495189879389,3.3355048064896016,1.7346634609129818,3.3355048064896016,1.855240383946428,5784589475.77,6302089475.77,20.02974195211219,6.7466637226148825,52.49173752967333,118.05284644428572,3.960420016274134,3.960420016274134,7.3502326519360865,39.56113920759574,57.18774478920145,128.61407093408164,0.0124814388821238,0.0084707826208319,0.5562097768040531,0.2120816582258654,3.248587570621469,1.0385692738633916,0.0,1.5263157894736843,0.0092487116370308,0.7409972299168975,0.0,0.0,0.1830000522111418,0.5553539019963702,0.0713785864240727,2.053691275167785,0.0,3.5176755527166814,0.0275604019935433,0.0230700408997955,-3.1031430277272323,53700000.0,759600000.0,-924000000.0,1495000000.0,934950000.0,467650000.0,0.0,100.2449265220434,64.03523850451225,0.0,0.8978010471204189,1.4054761425407691,0.0,0.0494317403806654,0.1397596153342213,1995-01-30,0.16,bmo,,2025-04-24,1994-12-31,0.0,12.601111111111113,781304.7619047619
1994-09-30,MMC,USD,62709,1994-11-14,1994-11-14 00:00:00,1994,Q3,826900000.0,646900000.0,180000000.0,0.2176804934,0,0.0,0.0,0.0,31400000.0,31400000.0,678300000.0,0.0,0.0,31400000.0,180000000.0,0.2176804934,148600000.0,0.1797073407,-10700000.0,137900000.0,0.1667674447,54500000.0,83400000.0,0.1008586286,0.19,0.19,438947368,438947368,https://www.sec.gov/Archives/edgar/data/62709/000006270994000013/0000062709-94-000013-index.html,https://www.sec.gov/Archives/edgar/data/62709/,1.883824941854988,0.1900000001822542,0.2656354918615208,0.1868105517379477,0.7720743412681769,3.4056474852811967,1.8296043183017787,3.4056474852811967,1.7947482031604298,5715094731.36,6163994731.36,17.13157893093525,6.911470227790542,49.01453457427101,69.69627721170731,3.8230615635560894,3.8230615635560894,7.454341191631394,34.24441517422222,52.8644488109777,75.17066745560975,0.0145929339617706,0.0143479686434675,0.5269917720248846,0.2087772300842741,2.493888888888889,1.1010830324909748,0.0,1.3980815347721822,0.0093086820955179,0.6378896882494005,0.0,0.0,0.1833359834631897,0.2967409948542024,0.0418430281775305,1.1019108280254777,0.0,3.815644508276776,0.031520486469725,0.0270638629283489,-2.855524583074844,131600000.0,803100000.0,-845000000.0,1526900000.0,919100000.0,418550000.0,0.0,99.5779417100012,61.02025042510434,0.0,0.9038146245491312,1.4749202006383948,0.0,0.0557896849287577,0.078824940123573,1994-10-24,0.2,bmo,,2025-04-24,1994-09-30,-0.05,13.97,584390.625
1994-06-30,MMC,USD,62709,1994-08-12,1994-08-12 00:00:00,1994,Q2,840500000.0,646200000.0,194300000.0,0.2311719215,0,0.0,0.0,0.0,30500000.0,30500000.0,676700000.0,0.0,0.0,30500000.0,194300000.0,0.2311719215,163800000.0,0.1948839976,-9300000.0,154500000.0,0.1838191553,58800000.0,95700000.0,0.1138607971,0.22,0.22,445116279,445116279,https://www.sec.gov/Archives/edgar/data/62709/000006270994000011/0000062709-94-000011-index.html,https://www.sec.gov/Archives/edgar/data/62709/,1.8882706377045355,0.215000000033699,0.2208411703585435,0.1552403344025977,0.7892319750453342,3.2023093003974363,1.6856269595118538,3.2023093003974363,1.767628004456786,6187116278.1,6622616278.1,16.162790695141066,7.361232930517549,62.941162544252286,89.53858579015919,4.340617565665778,4.340617565665778,7.879376892444974,34.0844893365929,67.37147790539166,95.84104599276412,0.0154676259017049,0.0111683693814818,0.5519854076048828,0.2119212433000242,2.2413793103448274,1.1745721271393643,0.0,1.027168234064786,0.0080489840115455,0.5203761755485894,0.0,0.0,0.181835322002855,0.2970498474059003,0.0347412254610351,0.9573770491803278,0.0,3.935882524047267,0.0354298922807109,0.0315051356333947,-2.7937082031547087,214200000.0,750300000.0,-846100000.0,1584500000.0,944250000.0,447550000.0,0.0,98.8661511005354,55.50139275766017,0.0,0.9103216722625366,1.6215809284818068,0.0,0.0671390486880875,0.0656008359559457,1994-07-21,0.22,bmo,,2025-04-24,1994-06-30,0.0,14.29,612909.6774193548
1994-03-31,MMC,USD,62709,1994-03-31,1994-03-30 19:00:00,1994,Q1,910200000.0,652900000.0,257300000.0,0.2826851241,0,0.0,0.0,0.0,28900000.0,28900000.0,681800000.0,0.0,0.0,28900000.0,257300000.0,0.2826851241,228400000.0,0.2509338607,-8700000.0,219700000.0,0.2413755219,89000000.0,120200000.0,0.1320588882,0.27,0.27,445185185,445185185,,,2.044542430135001,0.2700000001123128,0.0974875208392211,0.0433527454423264,0.8259484196447373,3.0899500844800123,1.6175291188092884,3.0899500844800123,1.7262479208511847,6156911108.55,6557711108.55,12.805555550228789,6.764349712755439,141.86431125691243,319.0109382668394,4.475800456927886,4.475800456927886,7.204692494561635,25.486634700932765,151.0993342983871,339.7777776450777,0.019522776580789,0.0031346887521566,0.5586653096830474,0.2075848842548823,1.557714729887291,1.1944556046605062,0.0,0.3320581484315226,0.008104713405835,0.4151414309484193,0.0,0.0,0.177061667702115,0.5552995391705069,0.0264776972094045,0.8339100346020761,0.0,4.332602770970873,0.0482290308493036,0.0394538173701831,-2.7739018314367314,242000000.0,720100000.0,-840000000.0,1582900000.0,909100000.0,436100000.0,0.0,95.43836519446276,68.45458722622148,0.0,0.9430169912971405,1.314740233588401,0.0,0.0873800523407967,0.0541347753968946,1994-04-21,0.27,bmo,,2025-04-24,1994-03-31,0.111111111111111,13.744761904761903,736809.5238095238
1993-12-31,MMC,USD,62709,1993-12-31,1993-12-30 19:00:00,1993,Q4,779800000.0,634700000.0,145100000.0,0.1860733521,0,0.0,0.0,0.0,31700000.0,31700000.0,666400000.0,0.0,0.0,31700000.0,145100000.0,0.1860733521,113400000.0,0.1454219031,-8300000.0,105100000.0,0.1347781482,42500000.0,62600000.0,0.0802769941,0.14,0.14,434857143,434857143,,,1.7932325881099762,0.1439553218975179,0.1464848882567395,0.090144546619532,0.7634691193286895,3.13965177295018,1.621681996839132,3.13965177295018,1.572010511967145,5887965716.219999,6239565716.219999,23.514240080750795,7.550610049012566,92.4327427978022,150.20320704642856,4.312580177411558,4.312580177411558,8.001494891279814,43.00183126271536,97.95236603171114,159.1725948015306,0.0106318553838639,0.0066576474608221,0.5006958177689885,0.1927479839846613,2.4231564438318403,1.1824488692675017,0.0,1.0175718849840256,0.0085088810659997,0.8003194888178914,0.0,0.0,0.1861219195849546,0.3846153846153846,0.0314183123877917,0.7728706624605678,0.0,3.1889364350008638,0.0249192668115379,0.0216871643859345,-2.7814881725422183,202500000.0,705200000.0,-868900000.0,1550700000.0,853900000.0,363750000.0,0.0,98.44832008207231,53.25980778320466,0.0,0.9141852286049238,1.6898296059637912,0.0,0.045850728777558,0.0563403416372075,1994-01-28,0.14,bmo,,2025-04-24,1993-12-31,0.0,13.57625,901931.25
1993-09-30,MMC,USD,62709,1994-05-13,1994-05-13 00:00:00,1993,Q3,766400000.0,598100000.0,168300000.0,0.2195981211,0,0.0,0.0,0.0,28600000.0,28600000.0,626700000.0,0.0,0.0,28600000.0,168300000.0,0.2195981211,139700000.0,0.1822807933,-9000000.0,130700000.0,0.1705375783,54600000.0,76100000.0,0.0992954071,0.18,0.18,434857143,434857143,https://www.sec.gov/Archives/edgar/data/62709/000006270994000002/0000062709-94-000002-index.html,https://www.sec.gov/Archives/edgar/data/62709/,1.7624178706430953,0.1749999999425098,0.1370565045541864,0.0754270696204247,0.8897174767116566,2.85519053782681,1.328252299169431,2.85519053782681,1.625131405510798,6322822859.219999,6642622859.219999,20.77142857825229,8.250029826748433,106.08763186610736,192.76898961036585,5.092479751304768,5.092479751304768,8.667305400861169,39.46894152834224,111.45340367818793,202.51898961036585,0.0120357634073253,0.0051875563700429,0.5691849226804123,0.2126500767309602,1.9001782531194296,1.231473771856786,0.0,0.783180026281209,0.0078287817169855,0.6504599211563732,0.0,0.0,0.1998014022206842,0.4496644295302013,0.0349686847599164,0.9370629370629372,0.0,3.3529558212120536,0.0320275012149077,0.0286165532282931,-2.423094611556145,250200000.0,577600000.0,-750600000.0,1609700000.0,853900000.0,346550000.0,0.0,100.38100208768267,52.952683497742846,0.0,0.8965839962564343,1.6996305768684286,0.0,0.0612918814432989,0.0616294349337616,1993-11-03,0.17,bmo,,2025-04-24,1993-09-30,0.0,14.73984375,563015.625
1993-06-30,MMC,USD,62709,1993-06-30,1993-06-29 20:00:00,1993,Q2,783300000.0,601100000.0,182200000.0,0.2326056428,0,0.0,0.0,0.0,29700000.0,29700000.0,630800000.0,0.0,0.0,29700000.0,182200000.0,0.2326056428,152500000.0,0.1946891357,-8700000.0,143800000.0,0.1835822801,57500000.0,86300000.0,0.1101749011,0.2,0.2,442564103,442564103,,,1.7699130921153812,0.1949999998079374,0.2196292002471786,0.1602027808387342,0.8491425252354912,2.6251564284688493,1.1704519107822895,2.6251564284688493,1.5952491293673676,6443733339.68,6773933339.68,18.666666685052142,8.226392620554067,66.29355287736625,90.8848143819464,5.546336150525048,5.546336150525048,8.647942473739308,37.17855839560922,69.69067221893005,95.54207813370944,0.013392857129666,0.0110029382444185,0.6076777414357032,0.2192887094269296,1.8122941822173435,1.209082483781279,0.0,1.1263035921205098,0.0076663631773522,0.5724217844727694,0.0,0.0,0.1999689392762851,0.2705761316872428,0.0335758968466743,0.8855218855218855,0.0,3.393799319135223,0.0375656569445093,0.0335054548278138,-2.354800113555527,225600000.0,518000000.0,-753100000.0,1567700000.0,843950000.0,348700000.0,0.0,98.0084258904634,51.08634170687073,0.0,0.9182883939038688,1.7617233294255568,0.0,0.0742812876570838,0.0594264194084444,1993-07-22,0.2,bmo,,2025-04-24,1993-06-30,0.0,14.967619047619047,709885.7142857143
1993-03-31,MMC,USD,62709,1993-03-31,1993-03-30 19:00:00,1993,Q1,833900000.0,616800000.0,217100000.0,0.2603429668,0,0.0,0.0,0.0,29900000.0,29900000.0,646700000.0,0.0,0.0,29900000.0,217100000.0,0.2603429668,187200000.0,0.2244873486,-8200000.0,179000000.0,0.2146540353,71600000.0,107400000.0,0.1287924212,0.25,0.25,438367347,438367347,,,1.9022858470341315,0.2449999999657821,0.03900837988282,-0.0093528864046527,0.900842644194482,2.601471135577076,1.1066061450968427,2.601471135577076,1.6568296087071468,6930587756.070001,7261987756.070001,16.132653063477655,8.311053790706321,405.2975295947369,-1690.387257578049,6.077330547237811,6.077330547237811,8.708463552068594,33.44996663321051,424.6776465538012,-1771.216525870732,0.0154965211869564,-0.0005915804177515,0.6368817958611014,0.228842397126473,1.5264854905573468,1.2212181116445449,0.0,0.159217877094972,0.0071422513850497,0.4608938547486033,0.0,0.0,0.2064717373495494,1.239766081871345,0.0254227125554622,0.7090301003344481,0.0,3.786899738950815,0.0462850785016689,0.042644431209053,-2.3093074950219776,235000000.0,485100000.0,-736100000.0,1590600000.0,830950000.0,374750000.0,0.0,90.10792660990526,51.97470817120623,0.0,0.9988022517666788,1.7316114542391914,0.0,0.0941774815854086,0.0483612662874728,1993-04-21,0.24,bmo,,2025-04-24,1993-03-31,0.0,15.429354838709678,686119.3548387097
1992-12-31,MMC,USD,62709,1992-12-31,1992-12-30 19:00:00,1992,Q4,705200000.0,586800000.0,118400000.0,0.1678956324,0,0.0,0.0,0.0,27700000.0,27700000.0,614500000.0,0.0,0.0,27700000.0,118400000.0,0.1678956324,90700000.0,0.1286159955,-5400000.0,85300000.0,0.1209585933,33200000.0,12000000.0,0.0170164492,0.0284,0.0284,422424242,422424242,,,1.6694117663824797,0.0284074605737234,0.1704447634423405,0.4230344337103646,0.8785007182423967,2.6108823555632963,0.982661407012716,2.6108823555632963,1.4644045925754423,6433521205.66,6681021205.66,134.03169178458333,9.122973916137266,89.35446118972223,36.00179745752658,5.8332770021398135,5.8332770021398135,9.473938181593876,56.42754396672297,92.79196118972222,37.38680025551203,0.0018652305038557,0.0277763909199188,0.5608849397044157,0.2002978888744981,2.090371621621621,1.2399409739301526,0.0,1.381957773512476,0.0076319014782765,4.091666666666667,0.0,0.0,0.2227043129128351,1.4819444444444445,0.1513045944412932,3.851985559566787,0.0,1.291817361515019,0.0243049363842347,0.0049987503124218,-2.353439744113928,243900000.0,415100000.0,-725100000.0,1639500000.0,765600000.0,348000000.0,0.0,105.5445263754963,60.32208588957055,0.0,0.852720677146312,1.4919908466819225,0.0,0.0108804062018315,0.252589670268024,1992-12-30,,bmo,,2025-04-24,1992-12-31,,15.25921875,707015.625
1992-09-30,MMC,USD,62709,1992-09-30,1992-09-29 20:00:00,1992,Q3,730000000.0,575800000.0,154200000.0,0.2112328767,0,0.0,0.0,0.0,29100000.0,29100000.0,604900000.0,0.0,0.0,29100000.0,154200000.0,0.2112328767,125100000.0,0.171369863,-4900000.0,120200000.0,0.1646575342,50500000.0,69700000.0,0.0954794521,0.17,0.17,422424242,422424242,,,1.7281205182348414,0.1650000001657101,0.2038235296164655,-0.1640530848132527,0.911406026740293,2.797661408835528,1.5164849369606015,2.797661408835528,0.9312912491418994,6353260599.679999,6361660599.679999,22.787878764992826,8.70309671189041,73.78932171521487,-91.67764213102453,5.3759185984769,5.3759185984769,8.714603561205479,41.2559053156939,73.88688269082462,-91.79885425223664,0.010970744691869,-0.0109077848944981,0.3328820443391437,0.1505606797045428,0.0544747081712062,1.3635453179769654,0.0,1.2352941176470589,0.0076338754312144,0.6958393113342898,0.0,0.0,0.2071261816372613,1.804878048780488,0.2128767123287671,5.34020618556701,0.0,3.222781095689392,0.0382541516393733,0.033643867355312,-1.226137017013337,290400000.0,640600000.0,-341900000.0,1541000000.0,720200000.0,300450000.0,0.0,86.81917808219178,47.31330323028829,0.0,1.036637318943482,1.902213412619756,0.0,0.0589778304281604,0.3678766144297182,1993-01-28,0.12,bmo,,2025-04-24,1992-09-30,0.0,13.43859375,641578.125
1992-06-30,MMC,USD,62709,1992-06-30,1992-06-29 20:00:00,1992,Q2,733000000.0,560600000.0,172400000.0,0.2351978172,0,0.0,0.0,0.0,28000000.0,28000000.0,588600000.0,0.0,0.0,28000000.0,172400000.0,0.2351978172,144400000.0,0.1969986357,-6000000.0,138400000.0,0.1888130969,58100000.0,80300000.0,0.1095497954,0.19,0.19,434054054,434054054,,,1.6887297635976002,0.1850000000230386,0.2842963885783681,0.2421357410015113,0.9054171856669262,2.5858530513805547,1.3786301371579863,2.5858530513805547,0.9920423413439654,5607978377.68,5645578377.68,17.45945945728518,7.650720842673943,45.44552980291735,53.35850026336822,4.996416943763364,4.996416943763364,7.70201688633015,32.74697434849188,45.750229964991895,53.716254782873456,0.0143188854506995,0.0187411564242655,0.3836421952957947,0.1664604917272305,0.2180974477958236,1.3594991572357331,0.0,1.5367372353673725,0.0083274215510295,0.5815691158156912,0.0,0.0,0.2025668779959795,0.1482982171799027,0.0249658935879945,0.6535714285714286,0.0,3.2807946183374512,0.0448771834982229,0.038927671126624,-1.196279576736772,298600000.0,598400000.0,-335200000.0,1542600000.0,712950000.0,300450000.0,0.0,90.39290586630288,47.8737067427756,0.0,0.995653355066558,1.879946344735077,0.0,0.0715431218816821,0.0421606475768568,1992-06-29,,bmo,,2025-04-24,1992-06-30,,12.736190476190476,429590.4761904762
1992-03-31,MMC,USD,62709,1992-03-31,1992-03-30 19:00:00,1992,Q1,768800000.0,560800000.0,208000000.0,0.2705515088,0,0.0,0.0,0.0,27200000.0,27200000.0,588000000.0,0.0,0.0,27200000.0,208000000.0,0.2705515088,180800000.0,0.2351716961,-5400000.0,175400000.0,0.2281477627,73700000.0,101700000.0,0.1322840791,0.24,0.24,432765957,432765957,,,1.7764798445086567,0.2350000002426253,0.1469616520691344,0.1104523108318337,0.7995083587408887,2.423018684900855,1.2697394310061223,2.423018684900855,0.985290069847153,5452851058.2,5533251058.2,13.404255305309734,7.0926782754942765,85.73665185849056,114.0763819707113,5.200124983978638,5.200124983978638,7.197256839490114,26.60216854903846,87.00080280188679,115.75839033891214,0.0186507936700496,0.0087660564152249,0.4066374213236696,0.1747397754282436,0.3865384615384615,1.3080323313968174,0.0,0.6253687315634219,0.0085826661136511,0.4601769911504424,0.0,0.0,0.2045324153757888,0.2484276729559748,0.0205515088449531,0.5808823529411765,0.0,3.579345095075453,0.0596274471436557,0.0523929730565143,-1.22080998159474,243900000.0,549500000.0,-355900000.0,1454200000.0,689850000.0,313150000.0,0.0,80.7401144640999,48.578815977175466,0.0,1.1146875453095548,1.852659398744632,0.0,0.0969864581346557,0.0365093412373006,1992-03-30,,bmo,,2025-04-24,1992-03-31,,12.791587301587304,593590.4761904762
1991-12-31,MMC,USD,62709,1991-12-31,1991-12-30 19:00:00,1991,Q4,665900000.0,587700000.0,78200000.0,0.1174350503,0,0.0,0.0,0.0,28900000.0,28900000.0,616600000.0,0.0,0.0,28900000.0,78200000.0,0.1174350503,49300000.0,0.0740351404,40400000.0,89700000.0,0.1347049106,35500000.0,54200000.0,0.0813936026,0.12,0.12,435294118,435294118,,,1.529770269029916,0.1245135134125566,0.2722297295090029,0.210662161991355,0.8017567561066837,2.377702700774836,1.431445944785314,2.377702700774836,0.754202702091187,5902588240.08,5881888240.08,27.225960516974173,8.864076047574711,49.81087122430379,64.36846499541984,5.70298380684058,5.70298380684058,8.832990298963809,75.2159621493606,49.63618768,64.14272889945474,0.0091824124935513,0.0155355576689789,0.3171980676328502,0.1378137855763579,-0.2647058823529412,1.4116847826086956,0.0,2.1863468634686347,0.0080303755017405,0.8745387453874539,0.0,0.0,0.1729073965242213,0.2261603375527426,0.0402462832257095,0.9273356401384084,0.0,2.580942199137747,0.0179830073818183,0.0275085012434654,-1.1043108099154235,303000000.0,623100000.0,-308200000.0,1448900000.0,695200000.0,286500000.0,0.0,93.2572458327076,49.55589586523737,0.0,0.965072463768116,1.8161310259579728,0.0,0.0523671497584541,0.0615675675176479,1991-12-30,,bmo,,2025-04-24,1991-12-31,,12.459375,646875.0
1991-09-30,MMC,USD,62709,1991-09-30,1991-09-29 20:00:00,1991,Q3,679000000.0,517800000.0,161200000.0,0.2374079529,0,0.0,0.0,0.0,27800000.0,27800000.0,545600000.0,0.0,0.0,27800000.0,161200000.0,0.2374079529,133400000.0,0.1964653903,-4700000.0,128700000.0,0.1895434462,54700000.0,74000000.0,0.1089837997,0.17,0.17,435294118,435294118,,,1.5598648636001096,0.1699999998621621,0.298648648406501,0.253391891686439,0.9117972965580022,2.4622432412468296,1.5522837825251754,2.4622432412468296,0.9166216208784148,5624000004.56,5626100004.56,19.000000015405405,8.282768784329898,43.26153849661539,50.98821400326383,5.247247625079306,5.247247625079306,8.285861567835052,34.90136479255583,43.27769234276924,51.00725298785132,0.0131578947261735,0.0196123755175262,0.3722709460720284,0.1660977437349096,0.0130272952853598,1.5070732042301882,0.0,1.7567567567567568,0.0084281650002787,0.6405405405405405,0.0,0.0,0.1648905170260594,0.1515384615384615,0.0290132547864506,0.7086330935251799,0.0,3.068889113365428,0.0437200232001873,0.0368874931459049,-0.9377567559964134,369200000.0,675700000.0,-233100000.0,1489800000.0,702900000.0,251450000.0,0.0,92.83652430044184,43.34878331402086,0.0,0.9694460308395204,2.076182838813152,0.0,0.0690427318529576,0.045256756720062,1991-09-29,,bmo,,2025-04-24,1991-09-30,,12.89140625,568350.0
1991-06-30,MMC,USD,62709,1991-06-30,1991-06-29 20:00:00,1991,Q2,690200000.0,518300000.0,171900000.0,0.249058244,0,0.0,0.0,0.0,27700000.0,27700000.0,546000000.0,0.0,0.0,27700000.0,171900000.0,0.249058244,144200000.0,0.2089249493,-3900000.0,140300000.0,0.2032744132,59600000.0,80700000.0,0.1169226311,0.19,0.19,436216216,436216216,,,1.5822428756293645,0.1850000000916976,0.1962329616833868,0.1625340769083192,0.8890086745422595,2.3602973989394287,1.4859603477005998,2.3602973989394287,1.0130297402790729,5814762159.28,5868862159.28,18.013513504584882,8.424749578788756,67.9294644775701,82.01357065275035,5.647593394794095,5.647593394794095,8.503132656157636,34.141141124374634,68.56147382336448,82.77661719717912,0.0138784696242833,0.0121931040441349,0.4291958041958042,0.1865422770062054,0.314717859220477,1.457017193122751,0.0,1.060718711276332,0.0082548518211351,0.5947955390334573,0.0,0.0,0.161002997171683,0.1717289719626168,0.0212981744421906,0.5306859205776173,0.0,3.1344437988190395,0.0476138142556584,0.0406037735849056,-0.9684417600834904,342900000.0,648200000.0,-246100000.0,1447700000.0,710000000.0,270850000.0,0.0,91.98203419298754,44.01890796835809,0.0,0.9784519421604764,2.04457593688363,0.0,0.0783799533799533,0.0336988847750676,1991-06-29,,bmo,,2025-04-24,1991-06-30,,13.26390625,668128.125
1991-03-31,MMC,USD,62709,1991-03-31,1991-03-30 19:00:00,1991,Q1,744100000.0,544200000.0,199900000.0,0.2686466873,0,0.0,0.0,0.0,28700000.0,28700000.0,572900000.0,0.0,0.0,28700000.0,199900000.0,0.2686466873,171200000.0,0.2300766026,-3100000.0,168100000.0,0.2259104959,71500000.0,96600000.0,0.1298212606,0.22,0.22,439090909,439090909,,,1.694637681510277,0.2200000000455486,0.334327122222428,0.2887784679686912,0.8242028987213671,2.492650104035745,1.5873706007427268,2.492650104035745,0.8531262941724899,6239481816.89,6252181816.89,16.14772726938406,8.385273238664158,42.50328213140327,49.20726984929022,5.700759997158521,5.700759997158521,8.402340837105228,31.276547358129065,42.589794392983656,49.30742757799685,0.0154820548941272,0.0203222004200345,0.3422567382366377,0.1567036184898556,0.0635317658829414,1.5319481998007685,0.0,1.5196687370600417,0.0076608925873631,0.494824016563147,0.0,0.0,0.1662832043505542,0.1362397820163488,0.0268781077812122,0.6968641114982579,0.0,3.5126369037421896,0.0564178458649353,0.0484696437531359,-0.906759834556265,373800000.0,697000000.0,-219500000.0,1514500000.0,731400000.0,285400000.0,0.0,86.43193119204408,47.66262403528114,0.0,1.0412818359921634,1.8882720333102008,0.0,0.088259479214253,0.0455486542537367,1991-03-30,,bmo,,2025-04-24,1991-03-31,,12.760983606557376,850613.1147540984
1990-12-31,MMC,USD,62709,1990-12-31,1990-12-30 19:00:00,1990,Q4,668500000.0,547400000.0,121100000.0,0.1811518325,0,0.0,0.0,0.0,27500000.0,27500000.0,574900000.0,0.0,0.0,27500000.0,121100000.0,0.1811518325,93600000.0,0.1400149589,-2700000.0,90900000.0,0.1359760658,36400000.0,54500000.0,0.081525804,0.12,0.12,436531617,438823529,,,1.5313896496069836,0.124847772481048,0.2281621676901354,0.1612712510580877,0.6977730550041694,2.48618876098498,1.5107725862614896,2.48618876098498,0.8853883314481663,5674911021.0,5756811021.0,26.03170193119266,8.489021721765146,56.97701828313253,80.60953154829545,5.228886963051691,5.228886963051691,8.611534810770381,47.537663261767136,57.79930743975903,81.77288382102273,0.0096036748062344,0.0124054808506221,0.3561227310421082,0.1602936297279363,0.6763005780346821,1.437073437073437,0.0,1.8275229357798168,0.008405418133163,0.8752293577981651,0.0,0.0,0.1765925680159256,0.2931726907630522,0.0436798803290949,1.0618181818181818,0.0,2.6427051287400207,0.0321560920703576,0.0274503878311675,-1.0541046331587935,320200000.0,659500000.0,-273100000.0,1505400000.0,755550000.0,268650000.0,0.0,100.72999252056844,46.463280964559736,0.0,0.8934776797647688,1.9370134465675868,0.0,0.0502165299917073,0.0668909166320477,1990-12-30,,bmo,,2025-04-24,1990-12-31,,11.87171875,692240.625
1990-09-30,MMC,USD,62709,1990-09-30,1990-09-29 20:00:00,1990,Q3,681500000.0,521200000.0,160300000.0,0.2352164343,0,0.0,0.0,0.0,26600000.0,26600000.0,547800000.0,0.0,0.0,26600000.0,160300000.0,0.2352164343,133700000.0,0.1961848863,-2800000.0,130900000.0,0.1920763023,56300000.0,74600000.0,0.1094644167,0.17,0.17,438823529,438823529,,,1.5530160872481384,0.1700000001595174,0.2146648795579965,0.1362734585729107,0.8233378023811481,2.417372656423808,1.458217159545244,2.417372656423808,1.0646648803555836,4664694113.27,4770594113.27,15.632352926508045,6.844745580733677,49.51904578842888,78.00491828210703,4.397336079628583,4.397336079628583,7.00013809724138,29.760412434622584,50.64324961008493,79.77582129214048,0.0159924741448276,0.0128197044753443,0.4404223227752639,0.1897875451923467,0.6606363069245166,1.3716447047340166,0.0,1.262734584450402,0.0102257508942128,0.6394101876675603,0.0,0.0,0.1709794044765812,0.3651804670912951,0.0504768892149669,1.2932330827067668,0.0,3.0407976617159784,0.0425626868088111,0.0365542924343394,-1.0651776149405152,304600000.0,639900000.0,-276700000.0,1481400000.0,743200000.0,249750000.0,0.0,100.74981658107116,43.981197237145054,0.0,0.8933018744265303,2.0463290145268944,0.0,0.0703242835595776,0.0783914209850857,1990-09-29,,bmo,,2025-04-24,1990-09-30,,11.815873015873017,690990.4761904762
1990-06-30,MMC,USD,62709,1990-06-30,1990-06-29 20:00:00,1990,Q2,677300000.0,513500000.0,163800000.0,0.2418426104,0,0.0,0.0,0.0,25600000.0,25600000.0,539100000.0,0.0,0.0,25600000.0,163800000.0,0.2418426104,138200000.0,0.2040454747,3500000.0,141700000.0,0.2092130518,60900000.0,80800000.0,0.1192972095,0.19,0.19,436756757,436756757,,,1.550748761512578,0.1849999998969678,0.1659962870362644,0.0714356435245717,0.8134962866756518,2.302196780896054,1.3744492566602695,2.302196780896054,1.0761138607868177,5586118922.03,5700818922.03,17.28378379340965,8.247628705197105,77.04991616593102,179.04227314198718,5.555563323749378,5.555563323749378,8.416977590476893,34.80353432252747,78.63198513144827,182.7185551932692,0.0144644253242351,0.0055852731450017,0.4674291397314769,0.1985132623754012,0.7002442002442002,1.362637362637363,0.0,0.8972772277227723,0.0082346975855794,0.5693069306930693,0.0,0.0,0.1711437742861969,0.5696551724137932,0.0609774103056252,1.61328125,0.0,3.0956249926537964,0.0456333512640061,0.0411740725642071,-1.0627769177249389,287100000.0,600300000.0,-283300000.0,1429800000.0,689000000.0,245000000.0,0.0,96.13908164771888,42.90555014605647,0.0,0.9361437456807188,2.097630718954248,0.0,0.0803580308304326,0.0945606435116927,1990-06-29,,bmo,,2025-04-24,1990-06-30,,12.29952380952381,774438.0952380953
1990-03-31,MMC,USD,62709,1990-03-31,1990-03-30 19:00:00,1990,Q1,695700000.0,508600000.0,187100000.0,0.2689377605,0,0.0,0.0,0.0,25300000.0,25300000.0,533900000.0,0.0,0.0,25300000.0,187100000.0,0.2689377605,161800000.0,0.2325715107,3500000.0,165300000.0,0.2376024148,71100000.0,94200000.0,0.135403191,0.22,0.22,438139535,438139535,,,1.5878503180499337,0.2149999999429405,0.2462685774293342,0.1326061570773338,0.8223407641129669,2.172823778616554,1.2644373669680369,2.172823778616554,1.026385350046076,5213860466.5,5303260466.5,13.837209305997876,7.494409179962628,48.32122767840593,89.7394228313253,5.4767441875000005,5.4767441875000005,7.622912845335633,28.344524139497597,49.14977262743281,91.27814916523236,0.0180672268859613,0.0111433745443137,0.4723739495798319,0.1982192445012562,0.4778193479422769,1.352525656404105,0.0,1.145435244161359,0.0086883798082171,0.4808917197452229,0.0,0.0,0.1754308634901044,0.4615384615384615,0.0715825786977145,1.968379446640316,0.0,3.2420726435828096,0.0559363289529835,0.0503554819051691,-1.062503980609739,264500000.0,554000000.0,-301900000.0,1375000000.0,636300000.0,238000000.0,0.0,84.67011642949547,43.38969720802202,0.0,1.0629488158899925,2.0742251223491026,0.0,0.0989495798319327,0.1136624203520004,1990-03-30,,bmo,,2025-04-24,1990-03-31,,12.47984126984127,729809.4285714285
1989-12-31,MMC,USD,62709,1989-12-31,1989-12-30 19:00:00,1989,Q4,592100000.0,0.0,592100000.0,1.0,0,0.0,0.0,0.0,-1918200000.0,-1918200000.0,-1918200000.0,0.0,0.0,0.0,-1326100000.0,-2.2396554636,-1326100000.0,-2.2396554636,1326100000.0,0.0,0.0,0.0,0.0,0.0,0.13,0.13,430129870,430129870,,,1.3765609907537926,0.0,,,0.6811896137322433,2.029619565830199,1.351684783016813,2.029619565830199,0.8216123190886511,5591688310.0,5652088310.0,0.0,9.443824201992909,0.0,0.0,6.405141248568157,6.405141248568157,9.545833997635537,-4.262188605685846,0.0,0.0,0.0,,0.4048109965635739,0.1736438679245283,-0.0455470929794133,1.457993278924628,0.0,0.0,0.0080130769230769,0.0,0.0,0.0,0.1432783018867924,0.0,,0.0,,0.0,,0.0,-0.943029136758161,286200000.0,581400000.0,-251100000.0,1259200000.0,,,,93.95203512920116,0.0,0.0,0.9579356091247372,0.0,0.0,0.0,,1989-12-30,,bmo,,2025-04-24,1989-12-31,,,
1989-09-30,MMC,USD,62709,1989-09-30,1989-09-29 20:00:00,1989,Q3,606600000.0,0.0,606600000.0,1.0,0,0.0,0.0,0.0,0.0,0.0,0.0,0.0,0.0,0.0,606600000.0,1.0,606600000.0,1.0,-606600000.0,0.0,0.0,0.0,0.0,0.0,0.17,0.17,430129870,430129870,,,1.4102717395562414,0.0,,,,,,,,5226077920.5,,0.0,8.615360897626113,0.0,0.0,0.0,0.0,,,0.0,0.0,0.0,,0.0,0.0,,0.0,0.0,0.0,0.0085736625514403,0.0,0.0,0.0,0.0,0.0,,0.0,,,0.0,0.0,,,,,,,,,,0.0,0.0,0.0,0.0,0.0,0.0,,1989-09-29,,bmo,,2025-04-24,1989-09-30,,,
1989-06-30,MMC,USD,62709,1989-06-30,1989-06-29 20:00:00,1989,Q2,606300000.0,451900000.0,154400000.0,0.2546594095,0,0.0,0.0,0.0,21400000.0,21400000.0,473300000.0,0.0,0.0,21400000.0,154400000.0,0.2546594095,133000000.0,0.2193633515,2600000.0,135600000.0,0.2236516576,58300000.0,77300000.0,0.1274946396,0.18,0.18,429444444,429444444,,,1.4118240635568684,0.1800000001862872,,,0.7151099619302561,1.8444760691792768,1.216921087934718,1.8444760691792768,1.0348253568277623,4642294439.64,4779594439.64,15.013888873350584,7.656761404651164,0.0,0.0,5.860742885544754,5.860742885544754,7.883216954708891,30.9559225365285,0.0,0.0,0.0166512488608961,,0.5610402726928418,0.2316272281872198,0.8892487046632125,1.4010670014122075,0.0,0.0,0.00963644773358,0.5787222216232859,0.0,0.0,0.1404670071927447,0.0,,0.0,,2.733153506100073,0.0531123268705216,0.0468740525134922,-0.8849805959999799,255600000.0,522600000.0,-233600000.0,1151300000.0,,,,86.95695200395843,39.6127461827838,0.0,1.0349948787982246,2.2719959778783307,0.0,0.0975886882969322,,1989-06-29,,bmo,,2025-04-24,1989-06-30,,,
1989-03-31,MMC,USD,62709,1989-03-31,1989-03-30 19:00:00,1989,Q1,622700000.0,0.0,622700000.0,1.0,0,0.0,0.0,0.0,0.0,0.0,0.0,0.0,0.0,0.0,622700000.0,1.0,622700000.0,1.0,-622700000.0,0.0,0.0,0.0,0.0,0.0,0.21,0.21,430698000,430698000,,,1.4457926435692758,0.0,,,,,,,,4470645240.0,,0.0,7.179452770194315,0.0,0.0,0.0,0.0,,,0.0,0.0,0.0,,0.0,0.0,,0.0,0.0,0.0,0.0100356454720616,0.0,0.0,0.0,0.0,0.0,,0.0,,,0.0,0.0,,,,,,,,,,0.0,0.0,0.0,0.0,0.0,0.0,,1989-03-30,,bmo,,2025-04-24,1989-03-31,,,
1988-12-31,MMC,USD,62709,1988-12-31,1988-12-30 19:00:00,1988,Q4,544400000.0,0.0,544400000.0,1.0,0,0.0,0.0,0.0,-1757000000.0,-1757000000.0,-1757000000.0,0.0,0.0,0.0,-1212600000.0,-2.2274063189,-1212600000.0,-2.2274063189,1212600000.0,0.0,0.0,0.0,0.0,0.0,0.12,0.12,428876000,432984000,,,1.2693645715777988,0.0,,,0.5880487600145496,1.7606487656105727,1.0949551851817307,1.7606487656105727,0.9534224344565796,4022856880.000001,4179556880.000001,0.0,7.38952402645114,0.0,0.0,5.327581618328699,5.327581618328699,7.677363850110214,-3.44677295068448,0.0,0.0,0.0,,0.5415176797775129,0.2234426229508196,-0.1292264555500577,1.2576628352490422,0.0,0.0,0.0111055437100213,0.0,0.0,0.0,0.1560109289617486,0.0,,0.0,,0.0,,0.0,-0.9816357175500612,161400000.0,469600000.0,-287100000.0,1066400000.0,,,,88.54518736223365,0.0,0.0,1.0164301717699775,0.0,0.0,0.0,,1988-12-30,,bmo,,2025-04-24,1988-12-31,,,
1988-09-30,MMC,USD,62709,1988-09-30,1988-09-29 20:00:00,1988,Q3,562700000.0,0.0,562700000.0,1.0,0,0.0,0.0,0.0,0.0,0.0,0.0,0.0,0.0,0.0,562700000.0,1.0,562700000.0,1.0,-562700000.0,0.0,0.0,0.0,0.0,0.0,0.18,0.18,432984000,432984000,,,1.2995861278938714,0.0,,,,,,,,4070049600.0,,0.0,7.233071974409099,0.0,0.0,0.0,0.0,,,0.0,0.0,0.0,,0.0,0.0,,0.0,0.0,0.0,0.0106382978723404,0.0,0.0,0.0,0.0,0.0,,0.0,,,0.0,0.0,,,,,,,,,,0.0,0.0,0.0,0.0,0.0,0.0,,1988-09-29,,bmo,,2025-04-24,1988-09-30,,,
1988-06-30,MMC,USD,62709,1988-06-30,1988-06-29 20:00:00,1988,Q2,570000000.0,0.0,570000000.0,1.0,0,0.0,0.0,0.0,0.0,0.0,0.0,0.0,0.0,0.0,570000000.0,1.0,570000000.0,1.0,-570000000.0,0.0,0.0,0.0,0.0,0.0,0.18,0.18,437326000,437326000,,,1.3033755139186785,0.0,,,,,,,,4019025940.0,,0.0,7.050922701754386,0.0,0.0,0.0,0.0,,,0.0,0.0,0.0,,0.0,0.0,,0.0,0.0,0.0,0.0108813928182807,0.0,0.0,0.0,0.0,0.0,,0.0,,,0.0,0.0,,,,,,,,,,0.0,0.0,0.0,0.0,0.0,0.0,,1988-06-29,,bmo,,2025-04-24,1988-06-30,,,
1988-03-31,MMC,USD,62709,1988-03-31,1988-03-30 19:00:00,1988,Q1,595300000.0,0.0,595300000.0,1.0,0,0.0,0.0,0.0,0.0,0.0,0.0,0.0,0.0,0.0,595300000.0,1.0,595300000.0,1.0,-595300000.0,0.0,0.0,0.0,0.0,0.0,0.22,0.22,449368000,449368000,,,1.3247494258603194,0.0,,,,,,,,3725260719.999999,,0.0,6.257787199731228,0.0,0.0,0.0,0.0,,,0.0,0.0,0.0,,0.0,0.0,,0.0,0.0,0.0,0.0120627261761158,0.0,0.0,0.0,0.0,0.0,,0.0,,,0.0,0.0,,,,,,,,,,0.0,0.0,0.0,0.0,0.0,0.0,,1988-03-30,,bmo,,2025-04-24,1988-03-31,,,
1987-12-31,MMC,USD,62709,1987-12-31,1987-12-30 19:00:00,1987,Q4,514300000.0,0.0,514300000.0,1.0,0,0.0,0.0,0.0,-1596900000.0,-1596900000.0,-1596900000.0,0.0,0.0,0.0,-1082600000.0,-2.1049970834,-1082600000.0,-2.1049970834,1082600000.0,0.0,0.0,0.0,0.0,0.0,0.12,0.12,442914000,447772000,,,1.161173500950523,0.0,,,0.7769002560316449,1.7874801880274729,1.1239202192750737,1.7874801880274729,0.3533417322550201,3654040500.0,3466440500.0,0.0,7.10488139218355,0.0,0.0,4.615435771125426,4.615435771125426,6.740113746840366,-3.201958710511731,0.0,0.0,0.0,,0.1976758873310597,0.0957537934410181,0.1732865324219471,1.3263355788814035,0.0,0.0,0.0121212121212121,0.0,0.0,0.0,0.1798213411649535,0.0,,0.0,,0.0,,0.0,-0.2748276189057018,208300000.0,497800000.0,3900000.0,855500000.0,,,,87.9350573595178,0.0,0.0,1.0234825870646769,0.0,0.0,0.0,,1987-12-30,,bmo,,2025-04-24,1987-12-31,,,
1987-09-30,MMC,USD,62709,1987-09-30,1987-09-29 20:00:00,1987,Q3,533700000.0,0.0,533700000.0,1.0,0,0.0,0.0,0.0,0.0,0.0,0.0,0.0,0.0,0.0,533700000.0,1.0,533700000.0,1.0,-533700000.0,0.0,0.0,0.0,0.0,0.0,0.18,0.18,447772000,447772000,,,1.1919012354501846,0.0,,,,,,,,4795638120.0,,0.0,8.98564384485666,0.0,0.0,0.0,0.0,,,0.0,0.0,0.0,,0.0,0.0,,0.0,0.0,0.0,,0.0,0.0,0.0,0.0,0.0,,0.0,,,0.0,0.0,,,,,,,,,,0.0,0.0,0.0,0.0,0.0,0.0,,1987-09-29,,bmo,,2025-04-24,1987-09-30,,,
1987-06-30,MMC,USD,62709,1987-06-30,1987-06-29 20:00:00,1987,Q2,539100000.0,0.0,539100000.0,1.0,0,0.0,0.0,0.0,0.0,0.0,0.0,0.0,0.0,0.0,539100000.0,1.0,539100000.0,1.0,-539100000.0,0.0,0.0,0.0,0.0,0.0,0.18,0.18,447142000,447142000,,,1.2056572632407605,0.0,,,,,,,,4627919700.0,,0.0,8.584529215358932,0.0,0.0,0.0,0.0,,,0.0,0.0,0.0,,0.0,0.0,,0.0,0.0,0.0,0.0173107893719806,0.0,0.0,0.0,0.0,0.0,,0.0,,,0.0,0.0,,,,,,,,,,0.0,0.0,0.0,0.0,0.0,0.0,,1987-06-29,,bmo,,2025-04-24,1987-06-30,,,
1987-03-31,MMC,USD,62709,1987-03-31,1987-03-30 19:00:00,1987,Q1,560000000.0,0.0,560000000.0,1.0,0,0.0,0.0,0.0,0.0,0.0,0.0,0.0,0.0,0.0,560000000.0,1.0,560000000.0,1.0,-560000000.0,0.0,0.0,0.0,0.0,0.0,0.21,0.21,443466000,443466000,,,1.262780010192439,0.0,,,,,,,,4740651540.0,,0.0,8.46544917857143,0.0,0.0,0.0,0.0,,,0.0,0.0,0.0,,0.0,0.0,,0.0,0.0,0.0,,0.0,0.0,0.0,0.0,0.0,,0.0,,,0.0,0.0,,,,,,,,,,0.0,0.0,0.0,0.0,0.0,0.0,,1987-03-30,,bmo,,2025-04-24,1987-03-31,,,
1986-12-31,MMC,USD,62709,1986-12-31,1986-12-30 19:00:00,1986,Q4,444700000.0,0.0,444700000.0,1.0,0,0.0,0.0,0.0,-1323600000.0,-1323600000.0,-1323600000.0,0.0,0.0,0.0,-878900000.0,-1.9763885766,-878900000.0,-1.9763885766,878900000.0,0.0,0.0,0.0,0.0,0.0,0.11,0.11,443046000,443952000,,,1.0037332466606177,0.0,,,0.6277000582332308,1.4416110291030728,0.8579244593112227,1.4416110291030728,0.2652094816339612,4488055980.0,4327455980.0,0.0,10.092322869350124,0.0,0.0,7.026860779708784,7.026860779708784,9.731180526197436,-4.9237182614631925,0.0,0.0,0.0,,0.1839674338500078,0.0795746986319924,0.1827284105131414,1.2494682467335156,0.0,0.0,0.0156301421520236,0.0,0.0,0.0,0.1751320601381552,0.0,,0.0,,0.0,,0.0,-0.34212023130781,164200000.0,380100000.0,-15500000.0,689600000.0,,,,110.15740948954353,0.0,0.0,0.817012676832629,0.0,0.0,0.0,,1986-12-30,,bmo,,2025-04-24,1986-12-31,,,
1986-09-30,MMC,USD,62709,1986-09-30,1986-09-29 20:00:00,1986,Q3,461800000.0,0.0,461800000.0,1.0,0,0.0,0.0,0.0,0.0,0.0,0.0,0.0,0.0,0.0,461800000.0,1.0,461800000.0,1.0,-461800000.0,0.0,0.0,0.0,0.0,0.0,0.14,0.14,443952000,443952000,,,1.0402025444192164,0.0,,,,,,,,4790242080.0,,0.0,10.372979818103074,0.0,0.0,0.0,0.0,,,0.0,0.0,0.0,,0.0,0.0,,0.0,0.0,0.0,0.0057924003707136,0.0,0.0,0.0,0.0,0.0,,0.0,,,0.0,0.0,,,,,,,,,,0.0,0.0,0.0,0.0,0.0,0.0,,1986-09-29,,bmo,,2025-04-24,1986-09-30,,,
1986-06-30,MMC,USD,62709,1986-06-30,1986-06-29 20:00:00,1986,Q2,453400000.0,0.0,453400000.0,1.0,0,0.0,0.0,0.0,0.0,0.0,0.0,0.0,0.0,0.0,453400000.0,1.0,453400000.0,1.0,-453400000.0,0.0,0.0,0.0,0.0,0.0,0.14,0.14,441986000,441986000,,,1.0258243473775188,0.0,,,,,,,,4344722380.0,,0.0,9.582537229819144,0.0,0.0,0.0,0.0,,,0.0,0.0,0.0,,0.0,0.0,,0.0,0.0,0.0,0.0063580874872838,0.0,0.0,0.0,0.0,0.0,,0.0,,,0.0,0.0,,,,,,,,,,0.0,0.0,0.0,0.0,0.0,0.0,,1986-06-29,,bmo,,2025-04-24,1986-06-30,,,
1986-03-31,MMC,USD,62709,1986-03-31,1986-03-30 19:00:00,1986,Q1,444200000.0,0.0,444200000.0,1.0,0,0.0,0.0,0.0,0.0,0.0,0.0,0.0,0.0,0.0,444200000.0,1.0,444200000.0,1.0,-444200000.0,0.0,0.0,0.0,0.0,0.0,0.15,0.15,439748000,439748000,,,1.0101239800976922,0.0,,,,,,,,3940142080.000001,,0.0,8.870198289058983,0.0,0.0,0.0,0.0,,,0.0,0.0,0.0,,0.0,0.0,,0.0,0.0,0.0,0.0062779017857142,0.0,0.0,0.0,0.0,0.0,,0.0,,,0.0,0.0,,,,,,,,,,0.0,0.0,0.0,0.0,0.0,0.0,,1986-03-30,,bmo,,2025-04-24,1986-03-31,,,
1985-12-31,MMC,USD,62709,1985-12-31,1985-12-30 19:00:00,1985,Q4,361700000.0,0.0,361700000.0,1.0,0,0.0,0.0,0.0,-1054200000.0,-1054200000.0,-1054200000.0,0.0,0.0,0.0,-692500000.0,-1.9145700857,-692500000.0,-1.9145700857,692500000.0,0.0,0.0,0.0,0.0,0.0,0.085,0.085,437806000,437806000,,,0.8261650137275415,0.0,,,0.523747961425837,1.1767769285939431,0.8828111081163803,1.1767769285939431,0.1601165813168389,2972702740.0,2813502740.0,0.0,8.218697097041748,0.0,0.0,5.769997554347826,5.769997554347826,7.778553331490185,-4.0628198411552345,0.0,0.0,0.0,,0.1360636645962732,0.068064860666084,0.2298916967509025,1.398789509078682,0.0,0.0,0.0082842415316642,0.0,0.0,0.0,0.1249635886979318,0.0,,0.0,,0.0,,0.0,0.0242687400355408,177900000.0,386500000.0,109300000.0,511400000.0,,,,98.21122477191042,0.0,0.0,0.9163921966050164,0.0,0.0,0.0,,1985-12-30,,bmo,,2025-04-24,1985-12-31,,,
1985-09-30,MMC,USD,62709,1985-09-30,1985-09-29 20:00:00,1985,Q3,350900000.0,0.0,350900000.0,1.0,0,0.0,0.0,0.0,0.0,0.0,0.0,0.0,0.0,0.0,350900000.0,1.0,350900000.0,1.0,-350900000.0,0.0,0.0,0.0,0.0,0.0,0.095,0.095,437806000,437806000,,,0.8014965532678858,0.0,,,,,,,,2451713600.0,,0.0,6.986929609575378,0.0,0.0,0.0,0.0,,,0.0,0.0,0.0,,0.0,0.0,,0.0,0.0,0.0,0.0089285714285714,0.0,0.0,0.0,0.0,0.0,,0.0,,,0.0,0.0,,,,,,,,,,0.0,0.0,0.0,0.0,0.0,0.0,,1985-09-29,,bmo,,2025-04-24,1985-09-30,,,
