date,symbol,reportedCurrency,cik,fillingDate,acceptedDate,calendarYear,period,revenue,costOfRevenue,grossProfit,grossProfitRatio,researchAndDevelopmentExpenses,generalAndAdministrativeExpenses,sellingAndMarketingExpenses,sellingGeneralAndAdministrativeExpenses,otherExpenses,operatingExpenses,costAndExpenses,interestIncome,interestExpense,depreciationAndAmortization,ebitda,ebitdaratio,operatingIncome,operatingIncomeRatio,totalOtherIncomeExpensesNet,incomeBeforeTax,incomeBeforeTaxRatio,incomeTaxExpense,netIncome,netIncomeRatio,eps,epsdiluted,weightedAverageShsOut,weightedAverageShsOutDil,link,finalLink,revenuePerShare,netIncomePerShare,operatingCashFlowPerShare,freeCashFlowPerShare,cashPerShare,bookValuePerShare,tangibleBookValuePerShare,shareholdersEquityPerShare,interestDebtPerShare,marketCap,enterpriseValue,peRatio,priceToSalesRatio,pocfratio,pfcfRatio,pbRatio,ptbRatio,evToSales,enterpriseValueOverEBITDA,evToOperatingCashFlow,evToFreeCashFlow,earningsYield,freeCashFlowYield,debtToEquity,debtToAssets,netDebtToEBITDA,currentRatio,interestCoverage,incomeQuality,dividendYield,payoutRatio,salesGeneralAndAdministrativeToRevenue,researchAndDdevelopementToRevenue,intangiblesToTotalAssets,capexToOperatingCashFlow,capexToRevenue,capexToDepreciation,stockBasedCompensationToRevenue,grahamNumber,roic,returnOnTangibleAssets,grahamNetNet,workingCapital,tangibleAssetValue,netCurrentAssetValue,investedCapital,averageReceivables,averagePayables,averageInventory,daysSalesOutstanding,daysPayablesOutstanding,daysOfInventoryOnHand,receivablesTurnover,payablesTurnover,inventoryTurnover,roe,capexPerShare,report_date,epsEstimated,time,revenueEstimated,updatedFromDate,fiscalDateEnding,surprise(%),QuarterAvgPrice,QuarterAvgVolume
2025-03-31,MO,USD,764180,2025-04-29,2025-04-29 07:26:00,2025,Q1,5259000000.0,1270000000.0,3989000000.0,0.7585092223,0,0.0,0.0,588000000.0,1613000000.0,2201000000.0,3471000000.0,0.0,262000000.0,71000000.0,2016000000.0,0.3833428408,1788000000.0,0.339988591,-105000000.0,1683000000.0,0.320022818,606000000.0,1077000000.0,0.2047917855,0.64,0.64,1690000000,1690000000,https://www.sec.gov/Archives/edgar/data/764180/000076418025000049/0000764180-25-000049-index.htm,https://www.sec.gov/Archives/edgar/data/764180/000076418025000049/mo-20250331.htm,3.111834319526628,0.6372781065088757,1.6094674556213018,1.58698224852071,2.796449704142012,-2.0473372781065087,-13.294674556213018,-2.076923076923077,15.574556213017752,101433800000.0,122766800000.0,23.545450324976787,19.28765925080814,37.29183823529412,37.82020879940343,-28.89851851851852,-28.89851851851852,23.344133865753943,60.89623015873016,45.13485294117647,45.77434750186428,0.0106177625209742,0.0264408905118412,-7.424216524216524,0.7287192393736018,10.581845238095235,0.5706241201313937,6.824427480916031,2.5255338904363973,0.0170554588312771,1.606313834726091,0.0,0.0,0.5315436241610738,0.0139705882352941,0.0072257083095645,0.5352112676056338,0.0,,0.0412529749556166,0.0642908309455587,-19.98195266272189,-4575000000.0,-22468000000.0,-33140000000.0,16041000000.0,264000000.0,625000000.0,1071000000.0,4.415288077581289,38.976377952755904,75.25984251968504,20.38372093023256,2.309090909090909,1.1958568738229756,-0.3068376068376068,0.0224852071005917,2025-04-29,1.19,bmo,4615234771.0,2025-05-11,2025-03-31,0.0336134453781512,54.59841666666667,8959820.0
2024-12-31,MO,USD,764180,2025-02-26,2025-02-26 14:13:50,2024,Q4,5106000000.0,1502000000.0,3604000000.0,0.7058362711,0,0.0,0.0,761000000.0,-39000000.0,722000000.0,2224000000.0,0.0,342000000.0,73000000.0,3192000000.0,0.625146886,2882000000.0,0.5644339992,-105000000.0,2777000000.0,0.5438699569,-262000000.0,3039000000.0,0.5951821387,1.79,1.79,1697765363,1694000000,https://www.sec.gov/Archives/edgar/data/764180/000076418025000019/0000764180-25-000019-index.htm,https://www.sec.gov/Archives/edgar/data//000076418025000019/mo-20241231.htm,3.0074827248080687,1.790000000135472,1.9672918724753128,1.9396084239704208,1.841832839889313,-1.2887528793341274,-13.020644949981818,-1.3182033564669913,14.883093123864136,88776150831.27,110575150831.27,7.303072625145608,17.386633535305524,26.57968587762575,26.95904975137261,-39.667627717278826,-39.667627717278826,21.65592456546612,34.64133797972118,33.10633258421257,33.578849326228365,0.034232166764878,0.0370932955435154,-11.13762287756926,0.7085879978394974,6.829260651629073,0.513950575105341,8.426900584795321,1.0990457387298451,0.0195660657027289,0.5715695952615992,0.0,0.0,0.5662222474912585,0.0140718562874251,0.0092048570309439,0.6438356164383562,0.0,,0.1129501261964924,0.1991611507962513,-19.7291691360769,-4268000000.0,-22106000000.0,-32852000000.0,17267000000.0,280500000.0,605000000.0,1090500000.0,4.759106933019976,41.94407456724368,64.71371504660453,18.91111111111111,2.145714285714286,1.3907407407407408,-1.3579088471849865,0.0276834485048921,2025-01-30,1.28,bmo,5046315441.0,2025-04-29,2024-12-31,0.0078125,53.26984375,7602748.28125
2024-09-30,MO,USD,764180,2024-10-31,2024-10-31 07:25:38,2024,Q3,5344000000.0,1536000000.0,3808000000.0,0.7125748503,0,-25000000.0,656000000.0,631000000.0,25000000.0,656000000.0,2192000000.0,0.0,267000000.0,74000000.0,3367000000.0,0.6300523952,3152000000.0,0.5898203593,-126000000.0,3026000000.0,0.566242515,733000000.0,2293000000.0,0.4290793413,1.34,1.34,1703000000,1703000000,https://www.sec.gov/Archives/edgar/data/764180/000076418024000102/0000764180-24-000102-index.htm,https://www.sec.gov/Archives/edgar/data/764180/000076418024000102/mo-20240930.htm,3.137991779213153,1.346447445684087,1.5331767469172048,1.5149735760422782,1.1139166177334117,-2.007046388725778,-13.724603640634175,-2.036406341749853,14.927774515560776,86921120000.0,110179120000.0,9.476790231138246,16.265179640718564,33.29035618536959,33.690356589147285,-25.0637600922722,-25.0637600922722,20.6173502994012,32.72323136323136,42.19805438529299,42.70508527131783,0.0263802399232775,0.0296820841701073,-7.253460207612457,0.7362367196417596,6.907632907632908,0.4375937968984492,11.805243445692884,1.138682948102922,0.0194199062322252,0.7361535106846926,-0.0046781437125748,0.0,0.5840430825065122,0.0118728456530065,0.0058008982035928,0.4189189189189189,0.0,,0.0860526920124545,0.1613425274415986,-20.50455079271873,-4497000000.0,-23373000000.0,-34086000000.0,17076000000.0,339500000.0,533000000.0,1137500000.0,4.900823353293413,29.8828125,64.51171875,18.36426116838488,3.011764705882353,1.3950953678474114,-0.6611880046136102,0.0182031708749266,2024-10-31,1.35,bmo,5326202924.0,2025-04-24,2024-09-30,0.022222222222222,50.5434375,8212841.078125
2024-06-30,MO,USD,764180,2024-07-31,2024-07-31 07:23:37,2024,Q2,5277000000.0,1602000000.0,3675000000.0,0.6964184196,0,-25000000.0,788000000.0,763000000.0,379000000.0,1142000000.0,2744000000.0,0.0,261000000.0,74000000.0,5451000000.0,1.0329732803,2533000000.0,0.4800075801,2583000000.0,5116000000.0,0.9694902407,1313000000.0,3803000000.0,0.7206746257,2.21,2.21,1718000000,1718000000,https://www.sec.gov/Archives/edgar/data/764180/000076418024000093/0000764180-24-000093-index.htm,https://www.sec.gov/Archives/edgar/data/764180/000076418024000093/mo-20240630.htm,3.0715948777648427,2.213620488940629,-0.0436554132712456,-0.0605355064027939,1.0523864959254947,-1.7264260768335271,-13.363795110593712,-1.7555296856810243,14.717112922002327,79079540000.0,102294540000.0,5.198497239021825,14.985700208451773,-1054.3938666666668,-760.3801923076923,-26.220006631299736,-26.220006631299736,19.38498010233087,18.766197028068245,-1363.9272,-983.6013461538462,0.0480908209632984,-0.0013151315751204,-8.296750663129973,0.7276877889900253,4.258851586864796,0.4548959136468774,9.704980842911878,-0.0197212726794635,0.0213329516079633,0.4435971601367341,-0.0047375402690922,0.0,0.5814115799575421,-0.3866666666666666,0.005495546712147,0.3918918918918919,0.0,,0.0668696692032855,0.2642073086008059,-20.178696158323632,-4242000000.0,-22959000000.0,-33813000000.0,17371000000.0,319000000.0,530000000.0,1207500000.0,6.617396247868107,31.235955056179776,65.95505617977528,13.600515463917526,2.881294964028777,1.364565587734242,-1.2609416445623345,0.0168800931315483,2024-07-31,1.34,bmo,5392377611.0,2025-04-24,2024-06-30,-0.0223880597014925,44.3652380952381,10756070.253968254
2024-03-31,MO,USD,764180,2024-04-25,2024-04-25 07:12:36,2024,Q1,4717000000.0,1437000000.0,3280000000.0,0.6953572186,0,0.0,606000000.0,606000000.0,0.0,606000000.0,2043000000.0,0.0,254000000.0,65000000.0,3058000000.0,0.6482934068,2674000000.0,0.5668857325,65000000.0,2739000000.0,0.5806656773,610000000.0,2129000000.0,0.4513461946,1.21,1.21,1758000000,1758000000,https://www.sec.gov/Archives/edgar/data/764180/000076418024000057/0000764180-24-000057-index.htm,https://www.sec.gov/Archives/edgar/data/764180/000076418024000057/mo-20240331.htm,2.6831626848691696,1.2110352673492606,1.636518771331058,1.6166097838452786,2.0568828213879407,-2.8805460750853245,-14.475540386803186,-2.908987485779295,14.389078498293514,75980760000.0,97406760000.0,8.922118365429778,16.107856688573246,26.40971845672576,26.73496129486277,-14.857403206883063,-14.857403206883063,20.65015051939792,31.85309352517985,33.85705943691345,34.27401829697396,0.028020251442602,0.0374042060121536,-4.896754008603833,0.6865524331734064,7.00654022236756,0.4753543667123914,10.527559055118113,1.3513386566463128,0.0228084057069184,0.8139971817754814,0.0,0.0,0.5588485263879369,0.0121654501216545,0.0074199703201187,0.5384615384615384,0.0,,0.0813812093250913,0.1323099869492262,-21.112059158134244,-5737000000.0,-25448000000.0,-36341000000.0,16271000000.0,408500000.0,543000000.0,1228000000.0,4.76998092007632,31.565762004175365,77.72442588726514,18.868,2.8511904761904763,1.1579371474617244,-0.4163081736409855,0.0199089874857792,2024-04-25,1.15,bmo,4712428124.0,2025-04-24,2024-03-31,0.0,41.462459016393446,11809193.901639344
2023-12-31,MO,USD,764180,2024-06-05,2024-06-05 13:23:49,2023,Q4,5024000000.0,1525000000.0,3499000000.0,0.6964570064,0,0.0,0.0,798000000.0,-95000000.0,703000000.0,2228000000.0,0.0,391000000.0,78000000.0,3204000000.0,0.6377388535,2796000000.0,0.5565286624,-61000000.0,2735000000.0,0.5443869427,675000000.0,2060000000.0,0.4100318471,1.16,1.16,1768214758,1768214758,https://www.sec.gov/Archives/edgar/data/764180/000076418024000079/0000764180-24-000079-index.htm,https://www.sec.gov/Archives/edgar/data/764180/000076418024000079/mo-20231231.htm,2.8412838300719576,1.1650168570756834,1.8250045620306945,1.7950308273583586,2.0874161259545376,-1.973742151065114,-13.554349035695584,-2.0020192592465627,15.056994564457764,71329783337.72,93871783337.72,8.656527104092234,14.197807193017516,22.104054334589403,22.473151650195337,-20.1496563100904,-20.1496563100904,18.68467025034236,29.29830940627965,29.089489723495507,29.575231045280404,0.0288799419205672,0.0444975415805245,-7.41045197740113,0.6801400051853772,7.035580524344569,0.493418146479371,7.150895140664962,1.566504854368932,0.0243797179611002,0.8441747572815534,0.0,0.0,0.5309048483277159,0.016423923148435,0.0105493630573248,0.6794871794871795,0.0115445859872611,,0.0742261791693589,0.1138561874758193,-21.115223606792224,-5734000000.0,-23967000000.0,-36475000000.0,16395000000.0,312000000.0,536000000.0,1194500000.0,10.157245222929935,34.34754098360656,71.70491803278689,8.860670194003527,2.620274914089347,1.2551440329218106,-0.5819209039548022,0.0299737346723355,2024-02-01,1.17,bmo,4665220000.0,2025-04-24,2023-12-31,0.0085470085470085,41.355555555555554,9045440.476190476
2023-09-30,MO,USD,764180,2023-10-26,2023-10-26 07:11:10,2023,Q3,5277000000.0,1578000000.0,3699000000.0,0.7009664582,0,-33000000.0,610000000.0,577000000.0,33000000.0,610000000.0,2188000000.0,0.0,272000000.0,80000000.0,3260000000.0,0.6177752511,3089000000.0,0.5853704756,-181000000.0,2908000000.0,0.5510706841,742000000.0,2166000000.0,0.4104604889,1.22,1.22,1773000000,1773000000,https://www.sec.gov/Archives/edgar/data/764180/000076418023000126/0000764180-23-000126-index.htm,https://www.sec.gov/Archives/edgar/data/764180/000076418023000126/mo-20230930.htm,2.976311336717428,1.22165820642978,1.6649746192893402,1.6424139875916526,0.8668922729836436,-1.8934010152284264,-13.465877044557248,-1.921601804850536,14.309080654258318,74554650000.0,98115650000.0,8.60510734072022,14.128226264923253,25.25564024390244,25.60255837912088,-21.8827854417376,-21.8827854417376,18.593073716126582,30.096825153374237,33.23700880758808,33.69356112637362,0.0290525138271053,0.0390585966133567,-7.3665981802172,0.6882009377827744,7.227300613496933,0.3265581350544264,11.356617647058824,1.3628808864265929,0.0224667408404438,0.7733148661126501,-0.0062535531552018,0.0,0.5626148235487675,0.013550135501355,0.0075800644305476,0.5,0.0,,0.0845608573868293,0.1357908595072409,-21.24041173152848,-6991000000.0,-23875000000.0,-36436000000.0,15156000000.0,946000000.0,472000000.0,1182500000.0,0.9721432632177374,27.946768060836504,66.95817490494296,92.57894736842104,3.220408163265306,1.34412265758092,-0.6357499266216613,0.0225606316976875,2023-10-26,1.29,bmo,5118370000.0,2025-04-24,2023-09-30,-0.0077519379844961,44.18222222222222,7516268.428571428
2023-06-30,MO,USD,764180,2023-08-01,2023-08-01 07:20:09,2023,Q2,5438000000.0,1681000000.0,3757000000.0,0.6908789996,0,-31000000.0,852000000.0,821000000.0,31000000.0,852000000.0,2533000000.0,0.0,257000000.0,62000000.0,3125000000.0,0.5746598014,2905000000.0,0.5342037514,-99000000.0,2806000000.0,0.5159985289,689000000.0,2117000000.0,0.3892975359,1.19,1.19,1782000000,1782000000,https://www.sec.gov/Archives/edgar/data/764180/000076418023000113/0000764180-23-000113-index.htm,https://www.sec.gov/Archives/edgar/data/764180/000076418023000113/mo-20230630.htm,3.0516273849607183,1.1879910213243547,0.0695847362514029,0.0426487093153759,0.4904601571268238,-2.11952861952862,-13.645342312008978,-2.1475869809203143,15.405162738496072,80724600000.0,107045600000.0,9.532900330656588,14.844538433247518,651.0048387096773,1062.1657894736843,-21.09344133786255,-21.09344133786255,19.68473703567488,34.254592,863.2709677419355,1408.494736842105,0.0262249673581535,0.0009414726118184,-7.106088319832767,0.7320125972382978,8.42272,0.3719135802469135,11.303501945525293,0.0585734529995276,0.0208362754352452,0.7945205479452054,-0.0057006252298639,0.0,0.5528518747812979,0.3870967741935484,0.0088267745494667,0.7741935483870968,0.0,,0.0766111234355591,0.1274379966289429,-21.370510662177328,-7326000000.0,-24316000000.0,-36590000000.0,14839000000.0,1819500000.0,433000000.0,1221500000.0,30.36962118425892,24.30696014277216,63.765615704937545,2.9634877384196185,3.702643171806167,1.4114189756507136,-0.5531748105565717,0.0269360269360269,2023-08-01,1.3,bmo,5426420000.0,2025-04-24,2023-06-30,0.0076923076923076,45.29177419354839,7338074.645161291
2023-03-31,MO,USD,764180,2023-04-27,2023-04-27 07:16:26,2023,Q1,4763000000.0,1434000000.0,3329000000.0,0.6989292463,0,541000000.0,572000000.0,572000000.0,0.0,572000000.0,2006000000.0,0.0,229000000.0,52000000.0,2760000000.0,0.5794667227,2757000000.0,0.5788368675,-278000000.0,2479000000.0,0.5204702918,692000000.0,1787000000.0,0.3751837077,1.0,1.0,1786000000,1786000000,https://www.sec.gov/Archives/edgar/data/764180/000076418023000060/0000764180-23-000060-index.htm,https://www.sec.gov/Archives/edgar/data/764180/000076418023000060/mo-20230331.htm,2.666853303471445,1.0005599104143337,1.6707726763717805,1.6399776035834266,2.190929451287794,-2.142217245240761,-11.964725643896976,-2.1702127659574466,14.342665173572229,79691320000.0,101165320000.0,11.148757694459988,16.731328994331303,26.706206434316357,27.20768863093205,-20.56019607843137,-20.56019607843137,21.23983203863111,36.65410144927536,33.90258713136729,34.539201092523044,0.0224240230931047,0.0367543165303322,-6.549793601651187,0.6893770705479824,7.780434782608696,0.7819811939645747,12.039301310043667,1.6698377168438725,0.0211189876137074,0.9418019026301064,0.113583875708587,0.0,0.4763753869548688,0.0184316353887399,0.0115473441108545,1.0576923076923077,0.0,,0.0684860863925223,0.0926723020276927,-19.462486002239643,-1994000000.0,-21369000000.0,-33500000000.0,17142000000.0,1838000000.0,482000000.0,1216000000.0,34.08775981524249,25.857740585774057,78.57740585774059,2.6402439024390243,3.4805825242718447,1.145367412140575,-0.4610423116615067,0.0307950727883538,2023-04-27,1.18,bmo,4903850000.0,2025-04-24,2023-03-31,0.0,45.972096774193545,8509074.322580645
2022-12-31,MO,USD,764180,2023-02-27,2023-02-27 14:16:53,2022,Q4,5083000000.0,1573000000.0,3510000000.0,0.6905370844,162000000,443000000.0,65000000.0,508000000.0,47000000.0,508000000.0,2081000000.0,226000000.0,296000000.0,63000000.0,3088000000.0,0.6075152469,2818000000.0,0.5543970096,-114000000.0,2704000000.0,0.5319693095,14000000.0,2690000000.0,0.5292150305,1.5,1.5,1785534122,1790000000,https://www.sec.gov/Archives/edgar/data/764180/000076418023000020/0000764180-23-000020-index.htm,https://www.sec.gov/Archives/edgar/data/764180/000076418023000020/mo-20221231.htm,2.8467672151269032,1.5065519985621425,1.4667879867041824,1.4343047094117645,2.257027715318005,-2.197101669278544,-12.032253954315635,-2.225104494530629,15.108084280004592,81616764716.62,104266764716.62,7.585201181842008,16.05680989900059,31.163331316006108,31.86909985030066,-20.542855453465897,-20.542855453465897,20.512839802600823,33.76514401444948,39.8116703767163,40.71330133409605,0.0329589148668156,0.0313783572393735,-6.7153284671532845,0.7219786761920225,7.334844559585492,0.8379758588672238,9.52027027027027,0.9736059479553903,0.020718782542671,0.6286245353159852,0.0871532559512099,0.0318709423568758,0.4752124262596742,0.0221458571974035,0.0114105843006098,0.9206349206349206,0.009836710603974,,0.0937783422530812,0.138709843758057,-19.519649370217973,-1396000000.0,-21484000000.0,-33657000000.0,17773000000.0,962000000.0,484500000.0,1143000000.0,33.14578005115089,31.582962492053404,67.51430387794025,2.7152777777777777,2.8496376811594204,1.333050847457627,-0.6770702240120815,0.0324832772924179,2023-02-01,1.17,bmo,5148120304.0,2025-04-24,2022-12-31,0.0085470085470085,45.29904761904762,8303547.0
2022-09-30,MO,USD,764180,2022-10-27,2022-10-27 07:57:58,2022,Q3,5412000000.0,1715000000.0,3697000000.0,0.6831116038,0,-44000000.0,585000000.0,585000000.0,44000000.0,585000000.0,2300000000.0,0.0,271000000.0,54000000.0,732000000.0,0.1352549889,678000000.0,0.1252771619,-2705000000.0,407000000.0,0.075203252,183000000.0,221000000.0,0.0408351811,0.12,0.12,1799000000,1799000000,https://www.sec.gov/Archives/edgar/data/764180/000076418022000102/0000764180-22-000102-index.htm,https://www.sec.gov/Archives/edgar/data/764180/000076418022000102/mo-20220930.htm,3.008337965536409,0.1228460255697609,1.709838799332963,1.6742634797109506,1.3802112284602557,-2.3524180100055587,-12.096720400222344,-2.3524180100055587,14.764869371873264,72643620000.0,96451620000.0,82.17604072398191,13.422694013303769,23.61626137841353,24.118067729083663,-17.165316635160682,-17.165316635160682,17.82180709534368,131.76450819672132,31.3561833550065,32.022450199203185,0.0030422492711679,0.0414626914242434,-6.212429111531191,0.7743351102995317,32.52459016393443,0.4964801778436458,2.5018450184501844,13.732142857142858,0.022424543270283,7.3710407239819,-0.008130081300813,0.0,0.5163019468088239,0.0208062418725617,0.0118255728011825,1.1851851851851851,0.0,,0.0136689943642579,0.0134567375022833,-19.516397998888277,-4077000000.0,-21762000000.0,-34165000000.0,15040000000.0,47500000.0,406500000.0,1125000000.0,0.8647450110864745,21.88338192419825,58.04081632653061,104.07692307692308,4.112709832134293,1.5506329113924051,-0.0522211720226843,0.0355753196220122,2022-10-27,1.31,bmo,5586515596.0,2025-04-24,2022-09-30,-0.0229007633587786,43.62203125,8351897.15625
2022-06-30,MO,USD,764180,2022-07-28,2022-07-28 07:12:02,2022,Q2,5374000000.0,1708000000.0,3666000000.0,0.6821734276,0,-47000000.0,561000000.0,514000000.0,47000000.0,514000000.0,2222000000.0,0.0,280000000.0,57000000.0,3254000000.0,0.6055080015,3105000000.0,0.5777819129,-1500000000.0,1605000000.0,0.2986602159,714000000.0,889000000.0,0.1654261258,0.49,0.49,1809000000,1809000000,https://www.sec.gov/Archives/edgar/data/764180/000076418022000091/0000764180-22-000091-index.htm,https://www.sec.gov/Archives/edgar/data/764180/000076418022000091/mo-20220630.htm,2.970702045328911,0.4914317302377003,-0.2841348811498065,-0.3051409618573797,1.4190160309563296,-1.328358208955224,-11.029297954671089,-1.328358208955224,15.456053067993366,75561930000.0,100674930000.0,21.2491366704162,14.060649423148492,-147.0076459143969,-136.8875543478261,-31.44483146067416,-31.44483146067416,18.733704875325643,30.93882298709281,-195.8656225680934,-182.38211956521732,0.0117651838697079,-0.0073052660248355,-11.51893466500208,0.7532792684918086,7.717578365089121,0.4916375887378174,11.089285714285714,-0.5768799102132436,0.0216246461677196,1.8380202474690663,-0.0087458131745441,0.0,0.4775757905622381,-0.0739299610894941,0.0070710829921845,0.6666666666666666,0.0,,0.0554800695347076,0.0463093191644527,-19.88819789939193,-4225000000.0,-19952000000.0,-35063000000.0,14881000000.0,44500000.0,387500000.0,1179000000.0,0.7201339784145887,20.866510538641688,60.28103044496488,124.97674418604652,4.313131313131313,1.493006993006993,-0.3699542238868081,0.0210060807075732,2022-07-28,1.25,bmo,5411284907.0,2025-04-24,2022-06-30,0.008,51.77887096774194,12118745.79032258
2022-03-31,MO,USD,764180,2022-04-28,2022-04-28 07:24:13,2022,Q1,4819000000.0,1446000000.0,3373000000.0,0.6999377464,0,443000000.0,0.0,443000000.0,46000000.0,443000000.0,1889000000.0,0.0,281000000.0,52000000.0,2934000000.0,0.6088400083,2884000000.0,0.5984644117,-211000000.0,2673000000.0,0.5546793941,714000000.0,1955000000.0,0.4056858269,1.08,1.08,1817000619,1818000000,https://www.sec.gov/Archives/edgar/data/764180/000076418022000044/0000764180-22-000044-index.htm,https://www.sec.gov/Archives/edgar/data/764180/000076418022000044/mo-20220331.htm,2.6521730095238896,1.075949000543516,1.692349450982768,1.667583361456191,2.946063938572604,-0.968629279261682,-10.581174160843805,-0.968629279261682,15.52173384262342,94938282342.75,117507282342.75,12.140445312372124,19.700826383637683,30.874238160243905,31.33276644975248,-53.9422058765625,-53.9422058765625,24.38416317550321,40.05019848082822,38.21375035536585,38.78128130123763,0.0205923253692538,0.0319154710326543,-15.864772727272728,0.6939729091586927,7.692229038854806,0.6187774524158126,10.263345195729537,1.569678407350689,0.0173270461546918,0.8414322250639387,0.0919277858476862,0.0,0.4340996644712315,0.0146341463414634,0.0093380369371238,0.8653846153846154,0.0,,0.0664164972443839,0.0858623567130748,-19.813146800034197,-4166000000.0,-19226000000.0,-35233000000.0,14847000000.0,46500000.0,414000000.0,1204000000.0,0.8590993982153974,23.589211618257263,75.56016597510374,104.7608695652174,3.815303430079155,1.1911037891268534,-1.1107954545454546,0.024766089526577,2022-04-28,1.09,bmo,4875682597.0,2025-04-24,2022-03-31,0.0275229357798165,50.93774193548387,9695214.806451611
2021-12-31,MO,USD,764180,2022-02-25,2022-02-25 12:52:58,2021,Q4,5086000000.0,1771000000.0,3315000000.0,0.6517892253,145000000,90000000.0,473000000.0,563000000.0,50000000.0,582000000.0,2353000000.0,0.0,319000000.0,54000000.0,2926000000.0,0.5753047582,2733000000.0,0.5373574518,-453000000.0,2280000000.0,0.4482894219,656000000.0,1621000000.0,0.3187180495,0.89,0.88,1823175618,1832000000,https://www.sec.gov/Archives/edgar/data/764180/000076418022000019/0000764180-22-000019-index.htm,https://www.sec.gov/Archives/edgar/data/764180/000076418022000019/mo-20211231.htm,2.789638008421414,0.8891079849884215,1.46063822580146,1.4238891604132893,2.4923545242365126,-0.8808805822895773,-10.470192674549027,-0.8808805822895773,15.556921516487725,86400292537.02,109900292537.02,13.325153074802593,16.987867191706645,32.44472119302291,33.28208495262712,-53.79843869054795,-53.79843869054795,21.608394128395595,37.55990859091592,41.26935506459632,42.334473242303545,0.0187615105505047,0.0300461945645344,-17.462017434620176,0.7095615211395896,8.031442241968557,0.7090569996503089,8.567398119122258,1.6397783251231528,0.0192013238761797,1.0234423195558298,0.017695635076681,0.0285096342902084,0.4423500240366368,0.0251595944423582,0.0131734172237514,1.2407407407407407,0.0078647267007471,,0.0607402152296401,0.0735480943738657,-19.719850158724533,-2496000000.0,-19089000000.0,-35046000000.0,16540000000.0,41500000.0,357500000.0,1163500000.0,0.831694848604011,22.817617165443256,60.67758328627895,108.2127659574468,3.9443207126948776,1.483249581239531,-1.0093399750933998,0.0367490653881704,2022-01-27,1.08,bmo,4997935927.0,2025-04-24,2021-12-31,0.0092592592592592,45.8246875,7750501.71875
2021-09-30,MO,USD,764180,2021-10-28,2021-10-28 10:10:06,2021,Q3,5531000000.0,1858000000.0,3673000000.0,0.6640752124,0,0.0,722000000.0,722000000.0,63000000.0,722000000.0,2580000000.0,0.0,266000000.0,62000000.0,-2980000000.0,-0.5387814138,2951000000.0,0.533538239,-6253000000.0,-3302000000.0,-0.5969987344,-582000000.0,-2722000000.0,-0.4921352378,-1.48,-1.48,1840540540,1842000000,https://www.sec.gov/Archives/edgar/data/764180/000076418021000127/0000764180-21-000127-index.htm,https://www.sec.gov/Archives/edgar/data/764180/000076418021000127/mo-20210930.htm,3.005095448753332,-1.4789133631362448,1.664185022515179,1.6375624087041298,1.60659324569944,-0.6872980912444341,-10.197004408281058,-0.6883847285428443,15.426446406880014,83781405380.8,108951405380.8,-7.694838848346804,15.147605384342796,27.352727842246168,27.797413862242863,-66.1258132445146,-66.1258132445146,19.698319540914845,-36.56087428885906,35.570161730590925,36.14844239575315,-0.0324893093834851,0.0359745696112506,-22.199684293606943,0.7109240723890405,-8.446308724832214,0.7421104536489151,11.093984962406015,-1.1261029411764707,0.0189898939122428,-0.5844966936076414,0.0,0.0,0.4423971287028612,0.0159973881815213,0.0088591574760441,0.7903225806451613,0.0,,0.0746649304829156,-0.123385159330946,-20.25410426439181,-2092000000.0,-18768000000.0,-34809000000.0,16929000000.0,84000000.0,263000000.0,1463500000.0,0.5857891882118966,12.884822389666308,54.881593110871904,153.63888888888889,6.984962406015038,1.6398940864960283,2.148382004735596,0.0266226138110492,2021-10-28,1.26,bmo,4962380000.0,2025-04-24,2021-09-30,-0.0317460317460317,48.29625,6425234.09375
2021-06-30,MO,USD,764180,2021-07-29,2021-07-29 10:42:42,2021,Q2,5614000000.0,1882000000.0,3732000000.0,0.6647666548,0,0.0,0.0,546000000.0,46000000.0,546000000.0,2428000000.0,0.0,295000000.0,65000000.0,3305000000.0,0.5887068044,3186000000.0,0.5675097969,-277000000.0,2909000000.0,0.5181688636,759000000.0,2146000000.0,0.3822586391,1.16,1.16,1848646981,1849000000,https://www.sec.gov/Archives/edgar/data/764180/000076418021000108/0000764180-21-000108-index.htm,https://www.sec.gov/Archives/edgar/data/764180/000076418021000108/mo-20210630.htm,3.036815604980019,1.1608490004073957,-0.1952779539361928,-0.2098832302693707,1.0153371732361052,1.7629109470306163,-7.842492454756022,1.7618290747096403,15.436154275687532,88143488054.08,114507488054.08,10.2683466978192,15.700656938738868,-244.1647868534072,-227.17393828371132,27.062784173804115,27.062784173804115,20.396773789469183,34.64674373799698,-317.19525776753466,-295.1223918919588,0.0243466652770007,-0.004401913386522,8.67086275713847,0.636230512751194,7.977004538577912,0.7234999135396852,10.8,-0.167906976744186,0.0180954944626356,0.7432432432432432,0.0,0.0,0.4000405515004055,-0.074792243767313,0.0048094050587816,0.4153846153846154,0.0,6.7836121798029465,0.0609953816917418,0.0805827794675378,-20.69405375563156,-1599000000.0,-14498000000.0,-36945000000.0,18091000000.0,137000000.0,265500000.0,1871000000.0,2.116138225863912,12.433581296493092,85.79171094580234,42.53030303030303,7.238461538461539,1.0490523968784835,0.6588885477433221,0.0146052763331778,2021-07-29,1.18,bmo,5378040000.0,2025-04-24,2021-06-30,0.0423728813559322,49.13190476190477,8857871.634920634
2021-03-31,MO,USD,764180,2021-04-29,2021-04-29 07:20:48,2021,Q1,4880000000.0,1608000000.0,3272000000.0,0.6704918033,0,539000000.0,43000000.0,582000000.0,43000000.0,582000000.0,2190000000.0,0.0,308000000.0,63000000.0,2836000000.0,0.581147541,2690000000.0,0.5512295082,-753000000.0,1937000000.0,0.3969262295,516000000.0,1421000000.0,0.2911885246,0.77,0.77,1857000000,1857000000,https://www.sec.gov/Archives/edgar/data/764180/000076418021000065/0000764180-21-000065-index.htm,https://www.sec.gov/Archives/edgar/data/764180/000076418021000065/mo-20210331.htm,2.627894453419494,0.7652127086698977,1.637049003769521,1.623047926763597,3.11900915455035,1.6128163704900378,-7.959073774905762,1.568659127625202,16.148626817447497,95004120000.0,118892120000.0,16.714306826178746,19.46805737704918,31.251355263157897,31.520942269409424,32.613841400617915,32.613841400617915,24.363139344262297,41.9224682651622,39.10925,39.446622428666224,0.0149572460646969,0.0317249399289209,10.188808788190869,0.6084959816303099,8.423131170662906,0.802578968412635,8.733766233766234,2.139338494018297,0.0168519007386206,1.1266713581984518,0.1104508196721311,0.0,0.3644210267344596,0.0085526315789473,0.005327868852459,0.4126984126984127,0.0,5.196927241233168,0.0490019698779327,0.0458372310570626,-20.952342487883683,-1975000000.0,-14780000000.0,-37752000000.0,17782000000.0,139500000.0,325500000.0,1957000000.0,2.6188524590163933,15.167910447761193,109.02985074626864,34.36619718309859,5.9335793357933575,0.8254620123203286,0.4878132509440439,0.0140010770059235,2021-04-29,1.04,bmo,4787047619.0,2025-04-24,2021-03-31,0.0288461538461538,44.809672131147536,9434576.360655738
2020-12-31,MO,USD,764180,2021-02-26,2021-02-26 14:45:40,2020,Q4,5055000000.0,1909000000.0,3146000000.0,0.6223541048,131000000,77000000.0,474000000.0,551000000.0,19000000.0,569000000.0,2478000000.0,0.0,316000000.0,65000000.0,-973000000.0,-0.1924826904,2581000000.0,0.5105835806,-40000000.0,2541000000.0,0.5026706231,619000000.0,1922000000.0,0.3802176063,1.03,1.03,1859000000,1859000000,https://www.sec.gov/Archives/edgar/data/764180/000076418021000037/0000764180-21-000037-index.htm,https://www.sec.gov/Archives/edgar/data/764180/000076418021000037/mo-20201231.htm,2.7192038730500268,1.0338891877353416,1.366863905325444,1.329747175901022,2.660032275416891,1.573426573426573,-7.997310381925766,1.573426573426573,16.02313071543841,76219000000.0,100745000000.0,9.914021852237251,15.077942631058358,29.995670995670995,30.832928802588995,26.05777777777778,26.05777777777778,19.9297725024728,-103.54059609455292,39.64777646595829,40.7544498381877,0.0252168094569595,0.0324328579488054,10.075555555555557,0.6215674695237694,-25.206577595066804,0.785280812093126,8.167721518987342,1.322060353798127,0.0209921410671879,0.8324661810613944,0.0152324431256182,0.0259149357072205,0.3752478171004345,0.0271546635182998,0.0136498516320474,1.0615384615384615,0.0069238377843719,6.049945970347755,0.0489888786931635,0.0648842076834785,-20.687600860677783,-1946000000.0,-14867000000.0,-37372000000.0,17858000000.0,144000000.0,364000000.0,1914000000.0,2.439169139465875,17.9151388161341,92.68727082242012,36.8978102189781,5.023684210526316,0.9710071210579858,0.657094017094017,0.0371167294244217,2021-01-28,1.02,bmo,4977570000.0,2025-04-24,2020-12-31,-0.0294117647058823,40.15171875,9151736.859375
2020-09-30,MO,USD,764180,2020-10-30,2020-10-30 10:34:47,2020,Q3,5678000000.0,1961000000.0,3717000000.0,0.6546319126,0,60000000.0,480000000.0,540000000.0,3000000.0,557000000.0,2518000000.0,0.0,310000000.0,62000000.0,48000000.0,0.0084536809,3160000000.0,0.5565339908,-3484000000.0,-324000000.0,-0.0570623459,632000000.0,-952000000.0,-0.1676646707,-0.51,-0.51,1858419165,1859000000,https://www.sec.gov/Archives/edgar/data/764180/000076418020000106/0000764180-20-000106-index.htm,https://www.sec.gov/Archives/edgar/data/764180/000076418020000106/mo-20200930.htm,3.055284893168867,-0.5122633353816064,0.4832063814839102,0.4530732441085217,2.2185522392629866,1.739112499951,-7.844301368900272,1.739112499951,15.90868225898865,71809316535.6,96941316535.6,-18.85748858602941,12.646938452905951,79.96583133140312,85.28422391401426,22.21822912611386,22.21822912611386,17.07314486361395,2019.6107611583336,107.9524683024499,115.13220491163896,-0.0132573326962113,0.0117254980359348,9.051670792079207,0.6271033847077233,523.5833333333334,0.7718938480096502,10.193548387096774,-0.9393305439330544,0.0217799037152043,-1.6428571428571428,0.0105671010919337,0.0,0.3817710231291933,0.0623608017817371,0.0098626276858048,0.9032258064516128,0.0,,0.2339116082708399,-0.0330085641968031,-20.582950671411098,-1891000000.0,-14578000000.0,-37020000000.0,17928000000.0,145500000.0,310500000.0,1888000000.0,2.393448397323001,15.971443141254465,85.45639979602244,37.602649006622514,5.635057471264368,1.0531686358754029,-0.2945544554455445,0.0301331373753886,2020-10-30,1.15,bmo,6943428571.0,2025-04-24,2020-09-30,0.0347826086956522,41.61796875,7646452.40625
2020-06-30,MO,USD,764180,2020-07-30,2020-07-30 09:08:32,2020,Q2,5062000000.0,1775000000.0,3287000000.0,0.6493480838,0,45000000.0,428000000.0,473000000.0,28000000.0,491000000.0,2266000000.0,0.0,308000000.0,65000000.0,2861000000.0,0.5651916239,2796000000.0,0.5523508495,-231000000.0,2565000000.0,0.5067167128,627000000.0,1940000000.0,0.3832477282,1.05,1.04,1858387522,1859000000,https://www.sec.gov/Archives/edgar/data/764180/000076418020000074/0000764180-20-000074-index.htm,https://www.sec.gov/Archives/edgar/data/764180/000076418020000074/a2020form10qq22020.htm,2.723866760874646,1.0439157479448469,0.9777293371215392,0.9486718884674044,2.5968749482380566,3.113451813200455,-6.479272948971081,3.113451813200455,15.793261444423322,72941710238.5,97157710238.5,9.399704927641752,14.409662235973924,40.144034253439735,41.37363031111742,12.606586629536812,12.606586629536812,19.19354212534571,33.95935345630898,53.47149710429279,55.10930813301192,0.0265965795654738,0.0241699844195517,5.019357068786727,0.5785258964143426,8.46417336595596,0.7451063829787234,9.07792207792208,0.937564499484004,0.0214280690004306,0.8056701030927835,0.008889766890557,0.0,0.3551195219123506,0.0297193175564116,0.0106677202686685,0.8307692307692308,0.0,8.551554303810292,0.0499416863672182,0.0599264819448305,-20.73087531202225,-2396000000.0,-12041000000.0,-37410000000.0,17433000000.0,143500000.0,275500000.0,1960000000.0,2.489134729355986,13.84225352112676,97.04788732394366,36.15714285714286,6.501831501831502,0.9273772204806688,0.335292084341514,0.0290574486541349,2020-07-28,1.06,bmo,6191761467.0,2025-04-24,2020-06-30,0.0283018867924528,39.01412698412698,10362903.53968254
2020-03-31,MO,USD,764180,2020-04-30,2020-04-30 11:12:00,2020,Q1,5046000000.0,2173000000.0,2873000000.0,0.5693618708,0,0.0,0.0,537000000.0,27000000.0,537000000.0,2710000000.0,0.0,275000000.0,65000000.0,2842000000.0,0.5632183908,2336000000.0,0.4629409433,-228000000.0,2108000000.0,0.4177566389,558000000.0,1550000000.0,0.3071739992,0.83,0.83,1858000000,1858000000,https://www.sec.gov/Archives/edgar/data/764180/000076418020000048/0000764180-20-000048-index.htm,https://www.sec.gov/Archives/edgar/data/764180/000076418020000048/a2020form10qq12020.htm,2.715823466092573,0.8342303552206674,1.6840688912809472,1.6560818083961248,3.022604951560818,3.572120559741658,-6.032292787944026,3.5215285252960173,16.278794402583422,71848860000.0,96203860000.0,11.588525806451614,14.238775267538644,22.9622435282838,23.35029574260643,10.981027051811097,10.981027051811097,19.065370590566783,33.85076002814919,30.745880472994568,31.26547286317842,0.0215730632330144,0.0428260100438615,4.580620510469204,0.5695959557565852,8.569669247009148,0.7114039806347499,8.494545454545454,2.0187096774193547,0.0217539986020655,1.0083870967741937,0.0,0.0,0.3391424987646813,0.016618728028124,0.0103051922314704,0.8,0.0,8.130174342103109,0.0386300615964269,0.0445748137923101,-21.1258073196986,-3219000000.0,-11208000000.0,-38046000000.0,16623000000.0,149500000.0,301500000.0,2149500000.0,2.6218787158145065,11.514035895075931,83.08329498389324,34.326530612244895,7.816546762589928,1.0832502492522431,0.2368943909521626,0.0279870828848223,2020-04-30,0.97,bmo,5717266055.0,2025-04-24,2020-03-31,0.1237113402061856,44.37580645161291,12358992.225806452
2019-12-31,MO,USD,764180,2020-02-25,2020-02-25 16:31:52,2019,Q4,4802000000.0,1718000000.0,3084000000.0,0.6422324032,168000000,45000000.0,511000000.0,556000000.0,-3000000.0,572000000.0,2290000000.0,0.0,291000000.0,63000000.0,-869000000.0,-0.1809662641,2427000000.0,0.5054144107,-3650000000.0,-1223000000.0,-0.2546855477,591000000.0,-1809000000.0,-0.3767180342,-0.97,-0.97,1857981554,1865000000,https://www.sec.gov/Archives/edgar/data/764180/000076418020000018/0000764180-20-000018-index.htm,https://www.sec.gov/Archives/edgar/data/764180/000076418020000018/a2019form10-kq4.htm,2.584525120640676,-0.973637222665344,1.3794539533948462,1.3331671644787493,1.1394085132020637,3.401002548381597,-6.213732302748147,3.401002548381597,15.249344073950908,92731859360.14,118656859360.14,-12.81534817027916,19.311091078746355,36.18098297313305,37.43716566820347,14.675084564035448,14.675084564035448,24.709883248675556,-136.54414195643267,46.29608246591494,47.9034555349778,-0.0195078585987846,0.0267114238525095,4.437727488526666,0.5691380325140549,-29.833141542002306,0.5901639344262295,8.34020618556701,-1.4128996692392504,0.0169413188826372,-0.8684355997788834,0.0093710953769262,0.0349854227405247,0.3625662154208358,0.0335544284042138,0.0179092044981257,1.3650793650793651,0.0066638900458142,,0.085512470702179,-0.0575986245104594,-21.29972706930329,-3350000000.0,-11545000000.0,-38128000000.0,16513000000.0,166000000.0,285500000.0,2240500000.0,2.8488129945855896,17.025611175785798,120.1222351571595,31.592105263157897,5.286153846153846,0.7492368076755342,-0.2862794746004115,0.046286788916097,2020-01-30,1.01,bmo,6007000000.0,2025-04-24,2019-12-31,0.0099009900990099,47.16921875,8800283.1875
2019-09-30,MO,USD,764180,2019-10-31,2019-10-31 10:40:35,2019,Q3,5412000000.0,1915000000.0,3497000000.0,0.6461566888,0,0.0,552000000.0,552000000.0,24000000.0,552000000.0,2467000000.0,0.0,293000000.0,57000000.0,3033000000.0,0.560421286,2944000000.0,0.5439763489,-5072000000.0,-2128000000.0,-0.3932002956,474000000.0,-2600000000.0,-0.480413895,-1.39,-1.39,1868000000,1868000000,https://www.sec.gov/Archives/edgar/data/764180/000076418019000083/0000764180-19-000083-index.htm,https://www.sec.gov/Archives/edgar/data/764180/000076418019000083/a2019form10qq32019.htm,2.897216274089936,-1.39186295503212,1.5428265524625269,1.4994646680942183,0.8586723768736617,5.694325481798715,-3.914882226980728,5.645074946466809,15.09421841541756,76401200000.0,102700200000.0,-7.34626923076923,14.1169992609017,26.50978487161693,27.276401285255265,7.245253674727359,7.245253674727359,18.97638580931264,33.86092977250247,35.63504510756419,36.6655480185648,-0.0340308790961398,0.0366617278262645,2.6460881934566145,0.5273373273108688,8.670952851961754,0.5600365439832942,10.04778156996587,-1.1076095311299,0.0195939330795851,-0.5757692307692308,0.0,0.0,0.3392361045489766,0.0281054823039555,0.0149667405764966,1.4210526315789471,0.0,,0.0778309528117498,-0.0743643280038898,-21.11509635974304,-3371000000.0,-7313000000.0,-37985000000.0,16541000000.0,211000000.0,235000000.0,2211500000.0,2.993348115299334,11.56135770234987,102.83028720626632,30.066666666666663,7.784552845528455,0.8752285191956124,-0.2465623518255097,0.0433618843683083,2019-10-31,1.14,bmo,6625546218.0,2025-04-24,2019-09-30,-0.0526315789473682,45.99828125,10664639.296875
2019-06-30,MO,USD,764180,2019-07-30,2019-07-30 10:39:12,2019,Q2,5193000000.0,1874000000.0,3319000000.0,0.6391295975,0,0.0,569000000.0,569000000.0,15000000.0,569000000.0,2443000000.0,0.0,312000000.0,53000000.0,2855000000.0,0.549778548,2717000000.0,0.5232043135,-116000000.0,2601000000.0,0.5008665511,604000000.0,1994000000.0,0.3839784325,1.07,1.07,1870000000,1870000000,https://www.sec.gov/Archives/edgar/data/764180/000076418019000070/0000764180-19-000070-index.htm,https://www.sec.gov/Archives/edgar/data/764180/000076418019000070/a2019form10qq22019.htm,2.7770053475935828,1.0663101604278076,0.0550802139037433,0.0331550802139037,0.960427807486631,7.735828877005347,-1.6368983957219252,7.73475935828877,15.803208556149732,89180300000.0,116624300000.0,11.181080742226678,17.17317542846139,865.8281553398058,1438.391935483871,6.1656733960177,6.1656733960177,22.4579818987098,40.84914185639229,1132.274757281553,1881.0370967741933,0.02235919816372,0.0006952208054917,2.021570796460177,0.5085128954279056,9.61260945709282,0.5637575452716298,8.708333333333334,0.0515773660490736,0.0168086449585839,0.7517552657973922,0.0,0.0,0.3048120902245178,0.3980582524271844,0.00789524359715,0.7735849056603774,0.0,13.622488064765044,0.0403548385314169,0.0498824235753239,-21.35828877005348,-3469000000.0,-3061000000.0,-38552000000.0,15975000000.0,201500000.0,214500000.0,2295500000.0,4.194107452339688,10.757737459978657,107.33724653148344,21.458677685950413,8.366071428571429,0.8384787472035794,0.1378595132743363,0.0219251336898395,2019-07-30,1.11,bmo,6679172727.0,2025-04-24,2019-06-30,-0.009009009009009,52.37126984126984,8180563.253968254
2019-03-31,MO,USD,764180,2019-04-25,2019-04-25 11:10:43,2019,Q1,4389000000.0,1578000000.0,2811000000.0,0.6404647984,0,525000000.0,533000000.0,525000000.0,1000000.0,533000000.0,2111000000.0,0.0,384000000.0,53000000.0,2356000000.0,0.5367965368,2238000000.0,0.5099111415,-722000000.0,1516000000.0,0.345408977,395000000.0,1118000000.0,0.2547277284,0.6,0.6,1874000000,1874000000,https://www.sec.gov/Archives/edgar/data/764180/000076418019000037/0000764180-19-000037-index.htm,https://www.sec.gov/Archives/edgar/data/764180/000076418019000037/a2019form10qq12019.htm,2.34204909284952,0.5965848452508005,1.2214514407684098,1.2011739594450372,1.7886872998932764,7.513874066168623,-1.836712913553895,7.513874066168623,15.769477054429029,108186020000.0,134002020000.0,24.19186493738819,24.64935520619731,47.26344255133245,48.06131497112394,7.683120517008735,7.683120517008735,30.531332877648666,56.87691850594228,58.54173001310616,59.52999555752999,0.0103340524034436,0.0208067548838565,2.0714437895035864,0.4924282072493373,10.957555178268253,0.6188358533451922,5.828125,2.04192685102587,0.0138834943738571,1.3434704830053668,0.1196172248803827,0.0,0.2958317154288994,0.0166011358671909,0.0086580086580086,0.7169811320754716,0.0,10.042904282750197,0.0322853007770406,0.0268041237113402,-21.612193169690503,-3857000000.0,-3442000000.0,-38890000000.0,15588000000.0,235000000.0,302000000.0,2343500000.0,3.3014354066985647,11.692015209125476,134.37262357414448,27.26086956521739,7.697560975609756,0.669779286926995,0.0793977700447411,0.0202774813233724,2019-04-25,0.92,bmo,5753066666.0,2025-04-24,2019-03-31,-0.0217391304347826,51.10983606557377,12544829.540983606
2018-12-31,MO,USD,764180,2019-05-29,2019-05-29 11:55:51,2018,Q4,4786000000.0,1864000000.0,2922000000.0,0.6105307146,252000000,789000000.0,797000000.0,789000000.0,-3000000.0,797000000.0,2661000000.0,0.0,162000000.0,8000000.0,2520000000.0,0.5265357292,1744000000.0,0.3643961555,-34000000.0,1710000000.0,0.357292102,459000000.0,1249000000.0,0.2609694944,0.67,0.66,1865671642,1877000000,https://www.sec.gov/Archives/edgar/data/764180/000076418019000049/0000764180-19-000049-index.htm,https://www.sec.gov/Archives/edgar/data/764180/000076418019000049/a2018form10-ka.htm,2.5652959997126867,0.66946399992502,0.9781999998904416,0.921383999896805,0.7144879999199774,7.926903999112187,-1.439695999838754,7.925295999112367,13.88668799844469,92145522398.38,116558522398.38,18.443859567329863,19.253138821224404,50.49069720459178,53.60414333820826,6.231943892762072,6.231943892762072,24.354058169323025,46.25338190411905,63.86768350596165,67.80600488561954,0.0135546466880951,0.0186552743449444,1.7412417151359394,0.4627412919227865,9.687698412698412,0.2028499976407304,10.765432098765432,1.4588329336530776,0.0163437133004574,1.2057646116893517,0.1648558295027162,0.0526535729210196,0.3140838994931522,0.0580821917808219,0.0221479314667781,1.7966101694915255,0.0096113664855829,10.926035790875812,0.0264194331313135,0.03272803500773,-20.431649997711656,-16894000000.0,-2686000000.0,-36550000000.0,2519000000.0,290000000.0,344000000.0,2204000000.0,5.8106978687839534,19.265021459227462,112.54828326180257,15.488673139158577,4.671679197994988,0.7996567996567997,0.0844717976464222,0.0568159999936366,2019-01-31,0.94,bmo,6114000000.0,2025-04-24,2018-12-31,0.0106382978723404,57.94063492063493,10329889.825396825
2018-09-30,MO,USD,764180,2018-10-25,2018-10-25 17:00:20,2018,Q3,5292000000.0,2037000000.0,3255000000.0,0.6150793651,0,0.0,700000000.0,700000000.0,21000000.0,700000000.0,2737000000.0,0.0,159000000.0,64000000.0,2659000000.0,0.5024565382,2557000000.0,0.4831821618,51000000.0,2608000000.0,0.49281935,664000000.0,1941000000.0,0.3667800454,1.03,1.03,1883000000,1883000000,https://www.sec.gov/Archives/edgar/data/764180/000076418018000095/0000764180-18-000095-index.htm,https://www.sec.gov/Archives/edgar/data/764180/000076418018000095/a2018form10qq32018.htm,2.8104089219330857,1.030801911842804,1.4423791821561338,1.4105151354221983,1.270844397238449,8.229421136484333,-1.1662241104620288,8.228359001593203,7.467870419543282,113601390000.0,125111390000.0,14.631812210200929,21.466626984126982,41.82672680412371,42.771607680722894,7.331960113592357,7.331960113592357,23.641608087679515,47.052045881910495,46.0645765832106,47.10519201807229,0.0170860585420653,0.0233799956144902,0.8973150897121467,0.3163151548244716,4.328694998119594,0.5973860744853111,16.08176100628931,1.397119341563786,0.0116547869704763,0.6821226172076249,0.0,0.0,0.402520874570564,0.0220913107511045,0.0113378684807256,0.9375,0.0,13.814509918156794,0.0510796125469445,0.0739118845436198,-13.182288900690388,-3481000000.0,-2196000000.0,-23292000000.0,16102000000.0,298500000.0,249000000.0,2100000000.0,4.608843537414966,12.76877761413844,91.76730486008836,19.527675276752767,7.048442906574395,0.9807414540202216,0.1252742997289273,0.0318640467339352,2018-10-25,1.07,bmo,6773694444.0,2025-04-24,2018-09-30,0.0093457943925233,59.366349206349206,6795650.682539683
2018-06-30,MO,USD,764180,2018-07-26,2018-07-26 10:44:30,2018,Q2,4879000000.0,1738000000.0,3141000000.0,0.643779463,0,0.0,641000000.0,641000000.0,9000000.0,641000000.0,2379000000.0,0.0,178000000.0,51000000.0,2547000000.0,0.5220332035,2498000000.0,0.5119901619,59000000.0,2557000000.0,0.5240828039,680000000.0,1873000000.0,0.3838901414,0.99,0.99,1891000000,1891000000,https://www.sec.gov/Archives/edgar/data/764180/000076418018000072/0000764180-18-000072-index.htm,https://www.sec.gov/Archives/edgar/data/764180/000076418018000072/a2018form10qq22018.htm,2.58011634056055,0.9904812268640932,0.550502379693284,0.5304071919619249,0.7562136435748281,8.354309888947647,-1.01216287678477,8.353252247488102,7.444738233738763,107389890000.0,119859890000.0,14.333941537640149,22.01063537610166,103.16031700288184,107.06868394815554,6.7985496328184345,6.7985496328184345,24.56648698503792,47.05924224577935,115.13918347742556,119.5013858424726,0.0174411203885207,0.0093397991188928,0.8799696125601418,0.3219306575259976,4.895956026698076,0.6466812773951158,14.03370786516854,0.5546084176877997,0.0123661547655929,0.7090229578216765,0.0,0.0,0.4102184033165806,0.0365033621517771,0.0077884812461569,0.7450980392156863,0.0,13.64401478758867,0.048699712161735,0.073551934027096,-13.031729243786357,-2257000000.0,-1914000000.0,-23248000000.0,17333000000.0,229500000.0,206000000.0,2190000000.0,6.013527362164377,10.82278481012658,109.9367088607595,14.966257668711656,8.31578947368421,0.8186528497409327,0.1185743226133198,0.020095187731359,2018-07-26,1.0,bmo,6242574257.0,2025-04-24,2018-06-30,0.01,57.67140625,8425681.796875
2018-03-31,MO,USD,764180,2018-04-26,2018-04-26 10:28:05,2018,Q1,4670000000.0,1734000000.0,2936000000.0,0.6286937901,0,613000000.0,618000000.0,613000000.0,7000000.0,618000000.0,2352000000.0,0.0,166000000.0,5000000.0,2335000000.0,0.5,2316000000.0,0.4959314775,150000000.0,2466000000.0,0.5280513919,571000000.0,1892000000.0,0.4051391863,1.0,1.0,1894000000,1899000000,https://www.sec.gov/Archives/edgar/data/764180/000076418018000038/0000764180-18-000038-index.htm,https://www.sec.gov/Archives/edgar/data/764180/000076418018000038/a2018form10qq12018.htm,2.4656810982048576,0.9989440337909188,1.483104540654699,1.4651531151003168,1.1568109820485744,8.12935586061246,-1.2196409714889125,8.127771911298838,7.425026399155227,118034080000.0,129740080000.0,15.59646934460888,25.274963597430407,42.0199644001424,42.534803603603606,7.66753800181889,7.66753800181889,27.7816017130621,55.5632034261242,46.18728373086507,46.75318198198198,0.0160292688348992,0.0235101590998125,0.9027543198648824,0.3165675755711975,5.013276231263383,0.6453511705685618,13.951807228915662,1.4823218997361478,0.0106494666625096,0.6643763213530656,0.1312633832976445,0.0,0.4033577074648625,0.0121039515841936,0.0072805139186295,0.6415094339622641,0.0,13.515981589330506,0.0477293595820994,0.0722357971899816,-13.243268215417109,-2651000000.0,-2310000000.0,-23678000000.0,16947000000.0,368000000.0,288500000.0,2241000000.0,2.5631691648822272,10.536332179930795,117.14532871972318,35.11278195488722,8.541871921182265,0.768276473194506,0.1229050279329608,0.0179514255543822,2018-04-26,0.92,bmo,5979410526.0,2025-04-24,2018-03-31,0.0326086956521738,66.22901639344262,8234598.639344262
2017-12-31,MO,USD,764180,2018-02-27,2018-02-27 17:31:37,2017,Q4,4714000000.0,1844000000.0,2870000000.0,0.6088247773,241000000,0.0,698000000.0,698000000.0,0.0,698000000.0,2542000000.0,0.0,211000000.0,54000000.0,2540000000.0,0.5388205346,2163000000.0,0.4588459907,20000000.0,2183000000.0,0.463088672,-2785000000.0,4959000000.0,1.0519728468,2.62,2.62,1894000000,1894000000,https://www.sec.gov/Archives/edgar/data/764180/000076418018000028/0000764180-18-000028-index.htm,https://www.sec.gov/Archives/edgar/data/764180/000076418018000028/a2017form10-kq4.htm,2.488912354804646,2.618268215417107,0.3996832101372756,0.3743400211193242,0.6615628299894404,8.120380147835268,-1.2286166842661037,8.118796198521647,7.447201689545935,135250540000.0,147891540000.0,6.818438193184109,28.69124734832414,178.66649933949802,190.76239774330045,8.795638941275932,8.795638941275932,31.37283411115825,58.225015748031495,195.3653104359313,208.5917348377997,0.036665287990717,0.0052421232477149,0.9035572608441178,0.3216054812277209,4.976771653543307,0.6395759717314488,10.251184834123222,0.1523752012882447,0.009338225193038,0.2546884452510586,0.0,0.0511243105642766,0.4098652840146289,0.0634081902245706,0.010182435299109,0.8888888888888888,0.0116673737802291,21.869766477168096,0.1320621520133517,0.194508727201412,-13.201821541710665,-2448000000.0,-2327000000.0,-23478000000.0,17173000000.0,375500000.0,322000000.0,2106000000.0,11.512515910055155,18.253796095444685,108.59544468546638,7.817578772802653,4.93048128342246,0.8287640449438203,0.3224946348442479,0.0253431890179514,2018-02-01,0.8,bmo,5363516483.0,2025-04-24,2017-12-31,0.1374999999999999,67.00857142857143,6844559.634920635
2017-09-30,MO,USD,764180,2017-10-26,2017-10-26 10:16:56,2017,Q3,5123000000.0,1940000000.0,3183000000.0,0.6213156354,0,0.0,568000000.0,568000000.0,18000000.0,568000000.0,2508000000.0,0.0,169000000.0,51000000.0,2676000000.0,0.5223501854,2607000000.0,0.5088815147,55000000.0,2644000000.0,0.5161038454,777000000.0,1864000000.0,0.363849307,0.97,0.97,1915000000,1915000000,https://www.sec.gov/Archives/edgar/data/764180/000076418017000126/0000764180-17-000126-index.htm,https://www.sec.gov/Archives/edgar/data/764180/000076418017000126/a2017form10qq32017.htm,2.675195822454308,0.9733681462140992,1.1577023498694516,1.126370757180157,1.348302872062663,6.354569190600523,-2.785378590078329,6.353002610966057,7.341514360313316,121449300000.0,132757300000.0,16.28880096566524,23.70667577591255,54.7809201623816,56.30472878998609,9.982681242807825,9.982681242807825,25.913976185828616,49.61035127055307,59.88150654036987,61.54719517848864,0.0153479682468322,0.0177604975903525,1.1417063948709518,0.3145380434782608,4.225710014947683,0.773941759231462,15.42603550295858,1.1874665238350297,0.0096748190397145,0.6303648068669528,0.0,0.0,0.3963541666666667,0.027063599458728,0.0117118875658793,1.1764705882352942,0.0,11.79558109727582,0.0490925728847747,0.0699253479386277,-14.780417754569193,-1506000000.0,-5334000000.0,-26835000000.0,17904000000.0,133500000.0,232000000.0,1993000000.0,2.6000390396252198,12.525773195876289,92.18041237113404,34.61486486486486,7.185185185185185,0.9763462506290892,0.153213874732862,0.031331592689295,2017-10-26,0.87,bmo,6504700000.0,2025-04-24,2017-09-30,0.0344827586206896,66.65857142857142,8098564.984126984
2017-06-30,MO,USD,764180,2017-07-27,2017-07-27 10:04:54,2017,Q2,5068000000.0,1949000000.0,3119000000.0,0.61543015,0,563000000.0,568000000.0,563000000.0,11000000.0,568000000.0,2517000000.0,0.0,177000000.0,5000000.0,2635000000.0,0.5199289661,2539000000.0,0.5009865825,382000000.0,2910000000.0,0.5741910024,920000000.0,1986000000.0,0.3918705604,1.03,1.03,1928155339,1931067961,https://www.sec.gov/Archives/edgar/data/764180/000076418017000099/0000764180-17-000099-index.htm,https://www.sec.gov/Archives/edgar/data/764180/000076418017000099/a2017form10qq22017.htm,2.628418933626177,1.0300000004304632,-0.371858006197705,-0.4019385701579099,1.169511581556241,6.441908361201804,-2.635679759409675,6.440352469962484,7.294018129936574,143589728095.33,155221728095.33,18.075242710892496,28.33262196040449,-200.26461380101813,-185.2770685101032,11.563031735813334,11.563031735813334,30.627807437910416,58.90767669651992,-216.4877658233333,-200.28610076816773,0.0138310729210482,-0.005397322010983,1.1182960219036882,0.3175913644056168,4.414421252371916,0.8260480114654246,14.34463276836158,-0.3603015075376884,0.0082317866025574,0.595166163141994,0.1110891870560378,0.0,0.400288158075287,-0.0808926080892608,0.0114443567482241,1.1153846153846154,0.0,12.217003255862627,0.0455194026903295,0.075735041757236,-14.501554638487558,-971000000.0,-5082000000.0,-26694000000.0,18432000000.0,127000000.0,214500000.0,2060500000.0,2.113259668508287,8.958440225756798,92.30887634684451,42.588235294117645,10.04639175257732,0.9749874937468734,0.1599291351264293,0.0300805639602048,2017-07-27,0.86,bmo,6741388235.0,2025-04-24,2017-06-30,-0.0116279069767441,73.16126984126984,5722282.365079365
2017-03-31,MO,USD,764180,2017-05-02,2017-05-02 10:11:28,2017,Q1,4589000000.0,1810000000.0,2779000000.0,0.6055785574,0,0.0,528000000.0,528000000.0,8000000.0,528000000.0,2338000000.0,0.0,179000000.0,52000000.0,2295000000.0,0.5001089562,2247000000.0,0.489649161,-148000000.0,2091000000.0,0.4556548268,689000000.0,1399000000.0,0.3048594465,0.72,0.72,1939000000,1939000000,https://www.sec.gov/Archives/edgar/data/764180/000076418017000050/0000764180-17-000050-index.htm,https://www.sec.gov/Archives/edgar/data/764180/000076418017000050/a2017form10qq12017.htm,2.366683857658587,0.7215059308922125,1.374419804022692,1.3574007220216606,2.6962351727694687,6.324394017534812,-2.705002578648788,6.322846828261991,7.252707581227437,138483380000.0,147139380000.0,24.746851322373125,30.17724558727392,51.96374484052533,52.61526595744681,11.295544861337683,11.295544861337683,32.06349531488342,64.11301960784314,55.211774859287054,55.904019756838906,0.0101022953079279,0.019005890815201,1.132463295269168,0.3006821873308067,3.7716775599128542,0.9187951807228916,12.553072625698324,1.9008559201141224,0.0085714256829953,0.8484631879914224,0.0,0.0,0.3791662154845696,0.0123827392120075,0.007191109174112,0.6346153846153846,0.0,10.131355212954777,0.0397781344848975,0.0488017581190916,-14.193785456420835,-674000000.0,-5245000000.0,-26286000000.0,18757000000.0,277500000.0,330000000.0,2086500000.0,2.647635650468512,11.685082872928175,105.51381215469613,33.992592592592594,7.702127659574468,0.8529688972667295,0.114110929853181,0.0170190820010314,2017-05-02,0.74,bmo,6166328767.0,2025-04-24,2017-03-31,-0.0135135135135135,72.36999999999999,6625552.967741936
2016-12-31,MO,USD,764180,2017-02-27,2017-02-27 13:56:20,2016,Q4,4733000000.0,1905000000.0,2828000000.0,0.5975068667,203000000,0.0,779000000.0,779000000.0,0.0,779000000.0,2684000000.0,13000000.0,189000000.0,55000000.0,2390000000.0,0.5049651384,1993000000.0,0.421085992,13715000000.0,15708000000.0,3.3188252694,5430000000.0,10258000000.0,2.1673357279,5.3,5.3,1939000000,1939000000,https://www.sec.gov/Archives/edgar/data/764180/000076418017000028/0000764180-17-000028-index.htm,https://www.sec.gov/Archives/edgar/data/764180/000076418017000028/a2016form10-k.htm,2.4409489427539968,5.290355853532748,0.150077359463641,0.1186178442496132,2.3563692625064467,6.587416193914389,-2.3455389375966997,6.585869004641568,7.256317689530686,131115180000.00002,140427180000.0,3.195437219730942,27.70234100993028,450.5676288659794,570.066,10.267437744714174,10.267437744714174,29.669803507289245,58.75614225941423,482.5676288659794,610.5529565217391,0.0782365550655538,0.0017541828490034,1.0870007830853563,0.3022076112514151,3.896234309623431,0.984406779661017,10.544973544973544,0.0283129013426736,0.0090836164050569,0.1161045038019107,0.0,0.04289034439045,0.3771009318122442,0.2096219931271477,0.0128882315656032,1.1090909090909091,0.0092964293260088,27.998853358385443,0.0338214158265144,0.3585334311977911,-14.053378029912324,-115000000.0,-4548000000.0,-25899000000.0,19164000000.0,283000000.0,360500000.0,2015500000.0,7.9864779209803505,20.078740157480315,96.8976377952756,11.26904761904762,4.482352941176471,0.9288152120916626,0.8032889584964761,0.0314595152140278,2017-02-01,0.67,bmo,6160058823.0,2025-04-24,2016-12-31,0.0149253731343283,64.39873015873016,6779042.095238095
2016-09-30,MO,USD,764180,2016-10-27,2016-10-27 10:04:23,2016,Q3,5193000000.0,2043000000.0,3150000000.0,0.6065857886,0,0.0,766000000.0,766000000.0,0.0,766000000.0,2809000000.0,0.0,179000000.0,51000000.0,2480000000.0,0.4775659542,2382000000.0,0.4586943963,-655000000.0,1727000000.0,0.3325630657,633000000.0,1092000000.0,0.2102830734,0.56,0.56,1952000000,1952000000,https://www.sec.gov/Archives/edgar/data/764180/000076418016000211/0000764180-16-000211-index.htm,https://www.sec.gov/Archives/edgar/data/764180/000076418016000211/a2016form10-qq32016.htm,2.6603483606557377,0.5594262295081968,1.2510245901639343,1.2248975409836065,1.1772540983606556,1.509733606557377,-7.366803278688525,1.5081967213114753,7.201331967213115,123424960000.0,135004960000.0,28.256630036630032,23.767564028499905,50.54257166257165,51.62064408197407,41.92423913043479,41.92423913043479,25.997488927402276,54.43748387096774,55.284586404586406,56.46380593893768,0.0088474810929653,0.0193720945909158,4.713994565217392,0.4213882310074694,4.669354838709677,0.9286439448875996,13.3072625698324,2.2321755027422303,0.0089609103377469,1.0128205128205128,0.0,0.0,0.5261128317240542,0.0208845208845208,0.0098209127671865,1.0,0.0,4.357041211200305,0.0579485321925801,0.069968603831614,-13.621670081967212,-492000000.0,-14380000000.0,-23584000000.0,18804000000.0,134000000.0,244500000.0,1975000000.0,2.530329289428076,13.039647577092513,87.22466960352423,35.56849315068493,6.902027027027027,1.0318181818181815,0.3709239130434782,0.0261270491803278,2016-10-27,0.81,bmo,6736585365.0,2025-04-24,2016-09-30,0.0123456790123455,66.45421875,5251756.296875
2016-06-30,MO,USD,764180,2016-07-27,2016-07-27 10:34:46,2016,Q2,4881000000.0,1924000000.0,2957000000.0,0.6058184798,0,0.0,546000000.0,546000000.0,0.0,546000000.0,2470000000.0,0.0,192000000.0,49000000.0,2461000000.0,0.504199959,2410000000.0,0.4937512805,124000000.0,2534000000.0,0.5191559107,880000000.0,1650000000.0,0.3380454825,0.84,0.84,1954000000,1954000000,https://www.sec.gov/Archives/edgar/data/764180/000076418016000188/0000764180-16-000188-index.htm,https://www.sec.gov/Archives/edgar/data/764180/000076418016000188/a2016form10-qq22016.htm,2.4979529170931425,0.8444216990788127,-0.8346980552712385,-0.8607983623336745,0.4191402251791197,1.6084953940634596,-7.261514841351075,1.6069600818833163,6.667860798362334,134747839999.99998,146765840000.0,20.416339393939392,27.606605203851668,-82.6167014101778,-80.11167657550534,42.913324840764325,42.913324840764325,30.06880557262856,59.63666802112962,-89.98518700183936,-87.25674197384066,0.0122450942441823,-0.012482574859827,4.088216560509554,0.4098135614864002,4.883380739536774,0.8345428156748912,12.552083333333334,-0.9860943168077388,0.0082153450474605,0.6709090909090909,0.0,0.0,0.5533137530328183,-0.0312691600245248,0.0104486785494775,1.0408163265306123,0.0,5.525524333550084,0.0609430633818622,0.1179245283018868,-13.4521494370522,-912000000.0,-14189000000.0,-23581000000.0,18382000000.0,113000000.0,200500000.0,2039000000.0,2.249539028887523,9.028066528066528,92.15176715176716,40.00819672131148,9.968911917098444,0.9766497461928934,0.5254777070063694,0.026100307062436,2016-07-27,0.8,bmo,6440493827.0,2025-04-24,2016-06-30,0.0125,64.041875,6125747.84375
2016-03-31,MO,USD,764180,2016-04-28,2016-04-28 09:56:46,2016,Q1,4530000000.0,1874000000.0,2656000000.0,0.5863134658,0,0.0,559000000.0,559000000.0,0.0,559000000.0,2433000000.0,0.0,200000000.0,49000000.0,2184000000.0,0.4821192053,1977000000.0,0.4364238411,-94000000.0,1883000000.0,0.4156732892,665000000.0,1215000000.0,0.2682119205,0.62,0.62,1956000000,1956000000,https://www.sec.gov/Archives/edgar/data/764180/000076418016000143/0000764180-16-000143-index.htm,https://www.sec.gov/Archives/edgar/data/764180/000076418016000143/a2016form10-qq12016.htm,2.315950920245399,0.6211656441717791,1.3747443762781186,1.3614519427402862,1.9504089979550103,1.4049079754601228,-7.443762781186094,1.4033742331288344,6.671779141104294,122562960000.0,131597960000.0,25.21871604938272,27.05584105960265,45.5793826701376,46.02439354111904,44.649530054644806,44.649530054644806,29.05032229580574,60.25547619047619,48.93936779471922,49.4171836274878,0.0099132723295847,0.0217276084063243,4.681238615664845,0.377242168922291,4.136904761904762,0.8702414113277623,9.885,2.207717569786535,0.0090402516388311,0.9119341563786008,0.0,0.0,0.5081173120394563,0.009669021941242,0.0057395143487858,0.5306122448979592,0.0,4.428755676208595,0.0502456867697809,0.072515666965085,-13.480572597137014,-1118000000.0,-14560000000.0,-23817000000.0,18145000000.0,114000000.0,304000000.0,2069500000.0,2.066225165562914,9.989327641408751,101.23799359658484,43.55769230769231,9.009615384615383,0.8889943074003795,0.4426229508196721,0.0132924335378323,2016-04-28,0.68,bmo,5729000000.0,2025-04-24,2016-03-31,0.0588235294117645,60.46918032786885,6768062.508196721
2015-12-31,MO,USD,764180,2016-02-25,2016-02-25 09:47:25,2015,Q4,4729000000.0,2007000000.0,2722000000.0,0.5755973779,186000000,752000000.0,757000000.0,752000000.0,5000000.0,757000000.0,2764000000.0,0.0,208000000.0,5000000.0,2322000000.0,0.4910128991,1965000000.0,0.4155212519,8000000.0,1973000000.0,0.4172129414,725000000.0,1245000000.0,0.2632691901,0.64,0.64,1948437500,1958000000,https://www.sec.gov/Archives/edgar/data/764180/000076418016000128/0000764180-16-000128-index.htm,https://www.sec.gov/Archives/edgar/data/764180/000076418016000128/a2015form10-k.htm,2.427072975140337,0.6389735364875702,0.8827586206896552,0.8483720930232558,1.2158460304731356,1.4745148356054532,-7.411066559743384,1.4745148356054532,6.737193263833199,113418546875.0,123968546875.0,22.774808609437752,23.983621669486148,65.941015625,68.61376096491227,39.47739188130873,39.47739188130873,26.2145372964686,53.38869374461671,72.07473655523256,74.99609611312765,0.0109770406543131,0.0145743359048832,4.496693351896972,0.3970800676194867,4.54349698535745,0.8598474145238768,9.447115384615383,1.3782051282051282,0.0097691253373325,0.8899598393574297,0.1590188200465214,0.0393317826178896,0.5321346242508068,0.038953488372093,0.014167900190315,0.8933333333333333,0.010784521040389,4.604232735210027,0.0488173946725474,0.081789515175404,-13.438716920609462,-992000000.0,-14440000000.0,-23576000000.0,18303000000.0,130500000.0,353500000.0,1992500000.0,2.359906957073377,17.937219730941703,91.0762331838565,38.13709677419355,5.0175,0.9881831610044312,0.433344935607379,0.0343865276663993,2016-01-28,0.68,bmo,6412298507.0,2025-04-24,2015-12-31,-0.0147058823529411,57.95609375,5870240.078125
2015-09-30,MO,USD,764180,2015-10-29,2015-10-29 10:10:51,2015,Q3,4978000000.0,1932000000.0,3046000000.0,0.6118923262,0,0.0,698000000.0,698000000.0,41000000.0,739000000.0,2671000000.0,0.0,205000000.0,50000000.0,2357000000.0,0.4734833266,2307000000.0,0.4634391322,-18000000.0,2289000000.0,0.4598232222,761000000.0,1525000000.0,0.3063479309,0.78,0.78,1958000000,1958000000,https://www.sec.gov/Archives/edgar/data/764180/000076418015000094/0000764180-15-000094-index.htm,https://www.sec.gov/Archives/edgar/data/764180/000076418015000094/a2015form10-qq32015.htm,2.5423901940755878,0.7788559754851889,1.451991828396323,1.4198161389172623,0.973953013278856,1.4713993871297242,-7.373340143003064,1.4744637385086825,6.703779366700715,106515200000.0,117529200000.0,17.46150819672131,21.39718762555243,37.46577558916638,38.314820143884894,36.89476965708348,36.89476965708348,23.609722780233025,49.86389478150191,41.33985226873021,42.27669064748201,0.014317205431713,0.0260995613771555,4.475580187045376,0.4037938685583924,4.6728892660161225,0.8391959798994975,11.253658536585366,1.8606020942408377,0.0095854863906747,0.6695081967213115,0.0,0.0,0.541204412637895,0.0221596904678156,0.0126556850140618,1.26,0.0,5.08319634687749,0.0605471093922498,0.1038757577821674,-13.345888661899895,-1056000000.0,-14437000000.0,-23607000000.0,18278000000.0,139500000.0,298500000.0,1934000000.0,2.476898352752109,14.301242236024844,91.02484472049689,36.33576642335766,6.293159609120521,0.9887410440122824,0.5282299965361967,0.0321756894790602,2015-10-29,0.75,bmo,6699000000.0,2025-04-24,2015-09-30,0.0,53.62171875,7162165.40625
2015-06-30,MO,USD,764180,2015-07-29,2015-07-29 09:50:55,2015,Q2,4875000000.0,2004000000.0,2871000000.0,0.5889230769,0,0.0,643000000.0,643000000.0,0.0,643000000.0,2647000000.0,0.0,195000000.0,51000000.0,2284000000.0,0.4685128205,2224000000.0,0.4562051282,30000000.0,2254000000.0,0.4623589744,805000000.0,1445000000.0,0.2964102564,0.74,0.74,1962000000,1962000000,https://www.sec.gov/Archives/edgar/data/764180/000076418015000071/0000764180-15-000071-index.htm,https://www.sec.gov/Archives/edgar/data/764180/000076418015000071/a2015form10-qq22015.htm,2.484709480122324,0.736493374108053,-0.6376146788990825,-0.6636085626911316,0.5723751274209989,1.4133537206931703,-7.416411824668705,1.4164118246687054,7.194189602446484,95961420000.0,108758420000.0,16.602321799307955,19.68439384615385,-76.70776978417267,-73.70308755760368,34.530917596257645,34.530917596257645,22.30941948717949,47.61752189141856,-86.9371862509992,-83.53181259600615,0.0150581348212646,-0.0135679526209595,5.008996041741634,0.4367881012896545,5.602889667250438,0.7399776393547357,11.405128205128204,-0.8633540372670807,0.01067095505673,0.7086505190311418,0.0,0.0,0.5436003639900844,-0.0407673860911271,0.0104615384615384,1.0,0.0,4.844739754334382,0.0537264396570698,0.0993468545892059,-13.715341488277268,-1628000000.0,-14551000000.0,-24463000000.0,17687000000.0,157000000.0,282000000.0,1999500000.0,2.621538461538462,13.023952095808385,85.95808383233532,34.33098591549296,6.910344827586207,1.0470219435736676,0.5199712126664268,0.0259938837920489,2015-07-29,0.71,bmo,6344905405.0,2025-04-24,2015-06-30,0.0422535211267606,50.68761904761905,6569729.476190476
2015-03-31,MO,USD,764180,2015-04-23,2015-04-23 10:07:53,2015,Q1,4272000000.0,1797000000.0,2475000000.0,0.5793539326,0,0.0,610000000.0,610000000.0,0.0,610000000.0,2407000000.0,0.0,209000000.0,49000000.0,1914000000.0,0.4480337079,1865000000.0,0.4365636704,-303000000.0,1562000000.0,0.3656367041,544000000.0,1016000000.0,0.2378277154,0.52,0.52,1966000000,1966000000,https://www.sec.gov/Archives/edgar/data/764180/000076418015000034/0000764180-15-000034-index.htm,https://www.sec.gov/Archives/edgar/data/764180/000076418015000034/a2015form10-qq12015.htm,2.17293997965412,0.5167853509664293,1.2706002034587995,1.2461851475076298,1.868769074262462,1.2858596134282807,-7.528484231943032,1.2884028484231944,7.177009155645981,98339320000.0,108566320000.0,24.197667322834647,23.019503745318357,39.36722177742194,40.13849795918368,38.82326095538887,38.82326095538887,25.413464419475652,56.72221525600836,43.4612970376301,44.31278367346939,0.0103315743895727,0.0249137374551705,5.487958941966048,0.4063194200865193,5.343260188087775,0.8131534569983137,8.923444976076555,2.4538310412573674,0.0104332631138795,1.0098425196850394,0.0,0.0,0.5065181807552905,0.0192153722978382,0.0112359550561797,0.979591836734694,0.0,3.870545653999171,0.0461858780104309,0.0601788781614641,-13.651322482197354,-1662000000.0,-14801000000.0,-24451000000.0,17639000000.0,148000000.0,345000000.0,2062500000.0,3.6235955056179776,13.7228714524207,104.42404006677796,24.837209302325583,6.5583941605839415,0.8618705035971223,0.4011054086063956,0.0244150559511698,2015-04-23,0.62,bmo,5711873015.0,2025-04-24,2015-03-31,0.0161290322580645,53.08786885245902,7269843.590163934
2014-12-31,MO,USD,764180,2015-02-25,2015-02-25 14:10:07,2014,Q4,4613000000.0,1986000000.0,2627000000.0,0.5694775634,167000000,713000000.0,718000000.0,713000000.0,-3000000.0,715000000.0,2701000000.0,0.0,212000000.0,5000000.0,2206000000.0,0.4782137438,1912000000.0,0.4144808151,-3000000.0,1909000000.0,0.4138304791,673000000.0,1233000000.0,0.2672880989,0.63,0.63,1961904762,1970000000,https://www.sec.gov/Archives/edgar/data/764180/000076418015000022/0000764180-15-000022-index.htm,https://www.sec.gov/Archives/edgar/data/764180/000076418015000022/a2014form10-kq42014.htm,2.35128640765285,0.6284708737558995,0.8170631067564532,0.7931067960780045,1.69274271836443,1.534223300896397,-7.301067960810628,1.534223300896397,7.597208737495281,96663047623.74,108035047623.74,19.599158074562045,20.954486803325388,60.301339752801006,62.12278124919023,32.113969310212624,32.113969310212624,23.419693826954266,48.973276348023575,67.39553813084217,69.43126453967866,0.0127556499646011,0.0160971543754415,4.881395348837209,0.4261928934010152,5.155031731640979,0.8963899387462531,9.0188679245283,1.296925566343042,0.0106348809112814,0.8337388483373885,0.1545631909820073,0.0362020377194884,0.5027991298042059,0.0293200249532127,0.0101885974420117,0.7966101694915254,0.0099718187730327,4.657770906254185,0.0445270979860616,0.0719327927192112,-13.777936892535052,-795000000.0,-14324000000.0,-24587000000.0,18522000000.0,115000000.0,374000000.0,1965000000.0,2.419249945805333,18.851963746223564,92.44712990936556,37.20161290322581,4.774038461538462,0.973529411764706,0.4096345514950166,0.0239563106784487,2015-01-30,0.66,bmo,6352818181.0,2025-04-24,2014-12-31,0.0,48.71546875,6776723.25
2014-09-30,MO,USD,764180,2014-10-30,2014-10-30 10:20:23,2014,Q3,4753000000.0,2079000000.0,2674000000.0,0.5625920471,0,658000000.0,663000000.0,658000000.0,5000000.0,668000000.0,2747000000.0,0.0,213000000.0,5000000.0,2058000000.0,0.4329896907,1999000000.0,0.420576478,115000000.0,2114000000.0,0.4447717231,717000000.0,1394000000.0,0.2932884494,0.71,0.71,1967605634,1976000000,https://www.sec.gov/Archives/edgar/data/764180/000076418014000082/0000764180-14-000082-index.htm,https://www.sec.gov/Archives/edgar/data/764180/000076418014000082/a2014form10-qq32014.htm,2.415626341919694,0.7084753041523361,1.169441660584308,1.1409806727560936,1.138947745054078,2.180823192336925,-6.631410163973946,2.180823192336925,7.219942733707379,90391802825.96,102143802825.96,16.21086851254663,19.017841957912896,39.28370396608431,40.26360927659688,21.06543995011885,21.06543995011885,21.490385614550807,49.63255725265306,44.39104859885267,45.49835315187527,0.0154217523759759,0.0248363228723572,3.2610114192495923,0.4105686286016078,5.710398445092323,0.768562508483779,9.384976525821596,1.6471009305654976,0.010531928451886,0.6829268292682927,0.1384388807069219,0.0,0.5087436183322575,0.0243372446762277,0.0117820324005891,1.1428571428571428,0.0,5.896086492420278,0.0471534626925601,0.0832586752672758,-13.481105939951789,-1705000000.0,-13048000000.0,-24129000000.0,17632000000.0,105500000.0,321500000.0,1870000000.0,2.0071533768146432,14.372294372294371,81.81818181818181,44.83962264150944,6.2620481927710845,1.1,0.3248659986017245,0.0284609878282143,2014-10-30,0.68,bmo,6396927536.0,2025-04-24,2014-09-30,0.014705882352941,42.835,6224891.484375
2014-06-30,MO,USD,764180,2014-07-22,2014-07-22 10:49:13,2014,Q2,4571000000.0,1968000000.0,2603000000.0,0.5694596368,0,0.0,638000000.0,638000000.0,0.0,638000000.0,2606000000.0,0.0,230000000.0,50000000.0,2003000000.0,0.438197331,1975000000.0,0.4320717567,-30000000.0,1945000000.0,0.4255086414,683000000.0,1259000000.0,0.2754320718,0.64,0.64,1980000000,1980000000,https://www.sec.gov/Archives/edgar/data/764180/000076418014000059/0000764180-14-000059-index.htm,https://www.sec.gov/Archives/edgar/data/764180/000076418014000059/a2014form10-qq22014.htm,2.3085858585858587,0.6358585858585859,-0.6898989898989899,-0.7065656565656566,0.6025252525252526,2.2186868686868686,-6.540909090909091,2.2196969696969697,7.183333333333334,83041200000.0,95841200000.0,16.489515488482922,18.166965653029973,-60.79150805270864,-59.35754110078628,18.89447098976109,18.89447098976109,20.96722817764165,47.84882675986021,-70.16193265007321,-68.50693352394568,0.0151611489236668,-0.0168470590502064,3.183845278725825,0.4204374737095127,6.390414378432351,0.8868410622275069,8.58695652173913,-1.0824088748019018,0.0115003155060379,0.7585385226370135,0.0,0.0,0.5211225286941891,-0.0241581259150805,0.0072194268212644,0.66,0.0,5.635317290462653,0.0453840946178573,0.078993600200778,-13.480934343434344,-571000000.0,-12951000000.0,-24414000000.0,18770000000.0,109000000.0,316000000.0,1910000000.0,2.0673813169984685,14.222560975609754,84.60365853658536,43.53333333333333,6.327974276527331,1.0637837837837838,0.2864618885096701,0.0166666666666666,2014-07-22,0.66,bmo,6352246153.0,2025-04-24,2014-06-30,-0.0151515151515151,40.23095238095238,7476271.936507937
2014-03-31,MO,USD,764180,2014-04-24,2014-04-24 14:24:16,2014,Q1,4008000000.0,1752000000.0,2256000000.0,0.5628742515,0,515000000.0,520000000.0,515000000.0,0.0,520000000.0,2272000000.0,0.0,153000000.0,5000000.0,1734000000.0,0.4326347305,1734000000.0,0.4326347305,72000000.0,1806000000.0,0.4505988024,631000000.0,1172000000.0,0.2924151697,0.59,0.59,1986003084,1991525424,https://www.sec.gov/Archives/edgar/data/764180/000076418014000036/0000764180-14-000036-index.htm,https://www.sec.gov/Archives/edgar/data/764180/000076418014000036/a2014form10-qq12014.htm,2.018123754333505,0.5901300000196777,1.0699882679537671,1.0563931229021193,1.8227564847024176,2.0709937628676918,-6.603212303974448,2.0709937628676918,7.122345435391076,74336095434.12,84708095434.12,15.856675647209896,18.54692999853293,34.98169196899765,35.43188533561487,18.07344892636032,18.07344892636032,21.13475434983033,48.851266109642445,39.86263314546823,40.37564129367016,0.0157662302970792,0.0282231665215634,3.401896425966448,0.3951872563972208,5.981545559400231,0.9199630801687764,11.333333333333334,1.8085106382978724,0.0128739610872908,0.8165529010238908,0.1284930139720559,0.0,0.4865559509687623,0.0127058823529411,0.0067365269461077,0.54,0.0,5.243901206138606,0.0405490671475595,0.0644699928488915,-13.39537194797226,-607000000.0,-13114000000.0,-24316000000.0,18623000000.0,114000000.0,365000000.0,1924500000.0,2.537425149700599,16.48972602739726,101.1986301369863,35.469026548672566,5.457943925233645,0.8893401015228426,0.2849501580354972,0.0135951450516478,2014-04-24,0.57,bmo,5517000000.0,2025-04-24,2014-03-31,0.0,36.33934426229508,8836841.475409836
2013-12-31,MO,USD,764180,2014-08-04,2014-08-04 14:27:22,2013,Q4,4404000000.0,1996000000.0,2408000000.0,0.5467756585,153000000,597000000.0,597000000.0,597000000.0,2000000.0,599000000.0,2595000000.0,0.0,255000000.0,5000000.0,2110000000.0,0.4791099001,1799000000.0,0.4084922797,-1086000000.0,713000000.0,0.1618982743,225000000.0,487000000.0,0.1105812897,0.24,0.24,2033333333,2033333333,https://www.sec.gov/Archives/edgar/data/764180/000076418014000063/0000764180-14-000063-index.htm,https://www.sec.gov/Archives/edgar/data/764180/000076418014000063/a2013form10ka.htm,2.165901639699328,0.2395081967605751,0.6880327869980382,0.667868852568503,1.5614754100920452,2.025245901971352,-6.449508197778608,2.025245901971352,7.264918033977856,78059666653.87,89401666653.87,40.07169746091889,17.724719948653497,55.79675958103645,57.48134510594256,18.955722839696456,18.955722839696456,20.30010596136921,42.370458129796205,63.90397902349535,65.83333332391015,0.0062388173159826,0.0173969484909742,3.5252549781447304,0.4164491236122665,5.375355450236967,0.933692264097478,7.0549019607843135,2.8668032786885247,0.0122982846475223,1.9712525667351128,0.135558583106267,0.0347411444141689,0.4943343182535357,0.0293066476054324,0.0093097184377838,0.7592592592592593,0.0111262488646684,3.303621855555326,0.0434686552153404,0.0276280705735519,-13.052581969352882,-468000000.0,-13114000000.0,-24151000000.0,18792000000.0,103500000.0,378000000.0,1798500000.0,2.350136239782016,18.44188376753507,84.7244488977956,38.29565217391304,4.880195599022005,1.0622671633847791,0.1182612918892666,0.020163934429535,2014-01-30,0.58,bmo,6186666666.0,2025-04-24,2013-12-31,-0.0172413793103448,36.918125,7580753.921875
2013-09-30,MO,USD,764180,2013-10-24,2013-10-24 10:16:13,2013,Q3,4760000000.0,1939000000.0,2821000000.0,0.5926470588,0,0.0,659000000.0,659000000.0,30000000.0,689000000.0,2628000000.0,0.0,269000000.0,52000000.0,2184000000.0,0.4588235294,2132000000.0,0.4478991597,-14000000.0,2118000000.0,0.4449579832,722000000.0,1392000000.0,0.2924369748,0.7,0.7,1998000000,1998000000,https://www.sec.gov/Archives/edgar/data/764180/000076418013000090/0000764180-13-000090-index.htm,https://www.sec.gov/Archives/edgar/data/764180/000076418013000090/a2013form10-qq32013.htm,2.3823823823823824,0.6966966966966966,1.2042042042042045,1.1796796796796796,2.107607607607608,1.9924924924924925,-6.634634634634635,1.9924924924924925,7.58008008008008,68631300000.0,79296300000.0,12.326023706896551,14.418340336134454,28.52506234413965,29.11807382265592,17.239713639789,17.239713639789,16.658886554621848,36.30782967032967,32.95773067331671,33.6428935086975,0.0202822910246491,0.0343429309950416,3.736749560411957,0.4137969401947148,4.883241758241758,0.9054815881012356,7.925650557620818,1.7234957020057309,0.0128658498381933,0.6343390804597702,0.0,0.0,0.479471488178025,0.0203657522859517,0.0102941176470588,0.9423076923076924,0.0,5.588708804234746,0.0474787165314811,0.0743867899321327,-13.428428428428427,-788000000.0,-13256000000.0,-24420000000.0,18490000000.0,103000000.0,311000000.0,1709500000.0,1.7394957983193278,16.106240330067045,79.7421351211965,51.73913043478261,5.587896253602305,1.1286379511059372,0.3496608892238131,0.0245245245245245,2013-10-24,0.64,bmo,6452184615.0,2025-04-24,2013-09-30,0.015625,35.23984375,8567501.109375
2013-06-30,MO,USD,764180,2013-07-24,2013-07-24 08:18:23,2013,Q2,4526000000.0,1972000000.0,2554000000.0,0.5642951834,0,547000000.0,547000000.0,547000000.0,5000000.0,552000000.0,2524000000.0,0.0,264000000.0,5000000.0,2280000000.0,0.503756076,2001000000.0,0.4421122404,-37000000.0,1964000000.0,0.4339372514,698000000.0,1263000000.0,0.2790543526,0.63,0.63,2002000415,2009523810,https://www.sec.gov/Archives/edgar/data/764180/000076418013000064/0000764180-13-000064-index.htm,https://www.sec.gov/Archives/edgar/data/764180/000076418013000064/a2013form10-qq22013.htm,2.260738792104596,0.6308690000945879,-0.6108889842562795,-0.6238759945511799,1.2842155180072727,1.7812184119851944,-6.831167415117644,1.7647348989185898,7.561436994007816,70830774682.70001,83133774682.70001,14.020343365538402,15.649751366040658,-57.91559663344236,-56.70998773634909,20.048337017463915,20.048337017463915,18.36804566564296,36.4621818783772,-67.97528592207686,-66.56026796052844,0.0178312323373258,-0.0176335781388123,4.210019813189923,0.4318815331010453,5.396052631578947,0.8288543140028288,7.579545454545454,-0.9660347551342812,0.0124663326633877,0.6991290577988916,0.1208572691117985,0.0,0.5006387921022067,-0.0212591986917416,0.0057445868316394,0.5,0.0,5.004959757584258,0.0439412109252225,0.0734387719502267,-13.669827336174652,-1210000000.0,-13676000000.0,-25014000000.0,18072000000.0,113000000.0,267000000.0,1758500000.0,2.266902342023862,12.550709939148073,77.631845841785,39.70175438596491,7.170909090909091,1.1593180482069372,0.357486555335409,0.0129870102949004,2013-07-23,0.63,bmo,6406693548.0,2025-04-24,2013-06-30,-0.0158730158730158,35.92,9567999.515625
2013-03-31,MO,USD,764180,2013-04-25,2013-04-25 10:16:12,2013,Q1,3973000000.0,1299000000.0,2674000000.0,0.6730430405,0,0.0,517000000.0,517000000.0,5000000.0,522000000.0,1821000000.0,0.0,261000000.0,54000000.0,2462000000.0,0.6196828593,2152000000.0,0.5416561792,-5000000.0,2147000000.0,0.5403976844,762000000.0,1381000000.0,0.3475962749,0.69,0.69,2003000000,2003000000,https://www.sec.gov/Archives/edgar/data/764180/000076418013000036/0000764180-13-000036-index.htm,https://www.sec.gov/Archives/edgar/data/764180/000076418013000036/a2013form10-q1.htm,1.983524712930604,0.6894658012980529,0.8951572641038442,0.8876684972541188,1.8846729905142288,1.782326510234648,-6.828257613579631,1.781827259111333,7.058911632551173,68702899999.99999,78805900000.0,12.43716509775525,17.29244903095897,38.31728945900725,38.64055118110236,19.24990193331465,19.24990193331465,19.83536370500881,32.00889520714866,43.95197992191857,44.32277840269966,0.0201010437696225,0.0258795480249014,3.88848416923508,0.3854357607065489,4.10357432981316,0.7492103600758054,8.245210727969349,1.2945848375451263,0.0128961077334435,0.6415640839971035,0.0,0.0,0.4790034994167639,0.0083658672615727,0.0037754845205134,0.2777777777777778,0.0,5.257513820904605,0.0487233409670687,0.0736179966949197,-13.813779331003497,-2382000000.0,-13677000000.0,-25320000000.0,16933000000.0,152500000.0,355000000.0,1781000000.0,2.537125597785049,17.9445727482679,125.81986143187066,35.473214285714285,5.015444015444015,0.7153083700440529,0.3869431213224993,0.0074887668497254,2013-04-25,0.53,bmo,5425629629.0,2025-04-24,2013-03-31,0.0188679245283019,33.78483333333333,10658694.366666667
2012-12-31,MO,USD,764180,2013-02-27,2013-02-27 15:37:34,2012,Q4,4460000000.0,2077000000.0,2383000000.0,0.5343049327,136000000,603000000.0,0.0,603000000.0,-47000000.0,604000000.0,2681000000.0,2000000.0,258000000.0,5000000.0,2074000000.0,0.4650224215,1765000000.0,0.3957399103,-7000000.0,1758000000.0,0.3941704036,653000000.0,1103000000.0,0.247309417,0.55,0.55,2005454545,2013000000,https://www.sec.gov/Archives/edgar/data/764180/000076418013000024/0000764180-13-000024-index.htm,https://www.sec.gov/Archives/edgar/data/764180/000076418013000024/form10k.htm,2.223934723985479,0.55000000012466,0.8890752495215493,0.8656391661073525,1.446056210663204,1.5806890302766747,-7.021849502951461,1.5642339078794727,7.048776066874156,63051490894.8,74029490894.8,14.290909087669991,14.137105581793724,35.362586031856424,36.3199832343318,20.09929579050048,20.09929579050048,16.598540559372196,35.694065040887175,41.51962473067864,42.64371595322581,0.0174936386808097,0.027533052357104,4.423971947720752,0.3928217611593875,5.293153326904532,0.7653617743303842,6.841085271317829,1.6135746606334842,0.0141471674553783,0.8087035358114234,0.1352017937219731,0.0304932735426008,0.4883240397407229,0.0263600673022994,0.0105381165919282,0.8392857142857143,0.0103139013452914,4.39970392349257,0.038875841407098,0.0610167616308015,-14.082218951514555,-1936000000.0,-14082000000.0,-25844000000.0,17418000000.0,194500000.0,370000000.0,1685000000.0,3.8946188340807177,19.54260953298026,75.65719788155995,23.10880829015544,4.605321507760532,1.1895761741122566,0.3516098182977367,0.0234360834141967,2013-01-31,0.55,bmo,6242000000.0,2025-04-24,2012-12-31,0.0,32.62403225806452,10438652.677419355
2012-09-30,MO,USD,764180,2012-10-30,2012-10-30 15:47:36,2012,Q3,4466000000.0,1982000000.0,2484000000.0,0.5562024183,0,548000000.0,548000000.0,548000000.0,5000000.0,553000000.0,2535000000.0,0.0,282000000.0,5000000.0,2035000000.0,0.4556650246,1969000000.0,0.4408866995,-926000000.0,1043000000.0,0.2335423197,386000000.0,655000000.0,0.1466636811,0.32,0.32,2024000000,2024000000,https://www.sec.gov/Archives/edgar/data/764180/000076418012000030/0000764180-12-000030-index.htm,https://www.sec.gov/Archives/edgar/data/764180/000076418012000030/form10-q.htm,2.2065217391304346,0.3236166007905138,1.0894268774703555,1.0706521739130437,1.0800395256916997,1.9273715415019763,-6.598814229249012,1.9110671936758896,6.996047430830039,68087360000.0,79779360000.0,25.98754198473282,15.245714285714286,30.878621315192746,31.42010152284264,17.602730093071354,17.602730093071354,17.86371697268249,39.20361670761671,36.181115646258505,36.81557914167051,0.009619994078196,0.0318267590342759,3.5879007238883145,0.3960842513842114,5.745454545454545,0.9347826086956522,6.9822695035461,3.356164383561644,0.0122489695591075,1.2732824427480915,0.1227048813255709,0.0,0.4925224042468177,0.0172335600907029,0.0085087326466636,0.6785714285714286,0.0,3.73030750136531,0.0432310943143003,0.0368370732804679,-13.8300395256917,-414000000.0,-13356000000.0,-25203000000.0,18954000000.0,226000000.0,312000000.0,1654000000.0,3.949843260188087,13.12310797174571,73.74369323915236,22.785714285714285,6.858131487889273,1.2204433497536946,0.1693381592554291,0.0187747035573122,2012-10-25,0.58,bmo,6242000000.0,2025-04-24,2012-09-30,0.0,34.785555555555554,11161236.507936507
2012-06-30,MO,USD,764180,2012-07-26,2012-07-26 15:15:08,2012,Q2,4580000000.0,2086000000.0,2494000000.0,0.5445414847,0,596000000.0,596000000.0,596000000.0,5000000.0,601000000.0,2687000000.0,0.0,293000000.0,5000000.0,1950000000.0,0.4257641921,1877000000.0,0.4098253275,-70000000.0,1807000000.0,0.3945414847,581000000.0,1221000000.0,0.2665938865,0.6,0.6,2027000000,2027000000,https://www.sec.gov/Archives/edgar/data/764180/000076418012000009/0000764180-12-000009-index.htm,https://www.sec.gov/Archives/edgar/data/764180/000076418012000009/q2201210-q.htm,2.259496793290577,0.6023680315737543,-0.9481993093241244,-0.9595461272816972,0.7538233843117909,2.125308337444499,-6.390725209669462,2.1090281203749384,6.897878638381845,70032850000.0,82193850000.0,14.339240376740376,15.291015283842794,-36.43748699271592,-36.00660668380463,16.381953216374267,16.381953216374267,17.946255458515285,42.15069230769231,-42.76475026014568,-42.259048843187664,0.0174346752988062,-0.0277726809632908,3.2021052631578946,0.3962427996642255,6.236410256410257,0.8457490544318369,6.406143344709897,-1.567699836867863,0.0119372551595429,0.6846846846846847,0.1301310043668122,0.0,0.4996671201551509,-0.0119667013527575,0.0050218340611353,0.4035087719298245,0.0,5.346424051792824,0.0438138403102288,0.070639282614984,-13.65416872224963,-938000000.0,-12954000000.0,-25096000000.0,18455000000.0,250000000.0,331500000.0,1757000000.0,5.03056768558952,14.453499520613615,72.65580057526367,17.890625,6.226865671641791,1.2387173396674585,0.2856140350877193,0.0113468179575727,2012-07-24,0.57,bmo,6267101694.0,2025-04-24,2012-06-30,0.0350877192982456,32.30031746031746,10819290.333333334
2012-03-31,MO,USD,764180,2012-04-26,2012-04-26 15:08:42,2012,Q1,3994000000.0,1792000000.0,2202000000.0,0.5513269905,0,534000000.0,534000000.0,534000000.0,5000000.0,539000000.0,2331000000.0,0.0,293000000.0,56000000.0,2218000000.0,0.5553329995,1642000000.0,0.411116675,-115000000.0,1527000000.0,0.3823234852,554000000.0,1191000000.0,0.2981972959,0.59,0.59,2034000000,2034000000,https://www.sec.gov/Archives/edgar/data/764180/000119312512185577/0001193125-12-185577-index.htm,https://www.sec.gov/Archives/edgar/data/764180/000119312512185577/d318132d10q.htm,1.9636184857423795,0.5855457227138643,0.9031465093411996,0.8952802359882006,2.0432645034414945,1.8367748279252705,-6.652409046214356,1.819567354965585,6.874139626352016,62789580000.0,72322580000.0,13.18001259445844,15.720976464697046,34.18050081654872,34.480823723228994,16.965571467171035,16.965571467171035,18.1078067100651,32.60711451758341,39.36994011976048,39.71585941790225,0.018968115410232,0.0290016273400777,3.698730072953256,0.3619992066640222,4.298016230838593,0.8988725657669969,5.604095563139932,1.5372384937238497,0.013346163487636,0.7036104114189756,0.1337005508262393,0.0,0.4566177442813698,0.0087098530212302,0.0040060090135202,0.2857142857142857,0.0,4.896161490649819,0.0353066635834279,0.0579618454350788,-14.17158308751229,-888000000.0,-13531000000.0,-26186000000.0,18544000000.0,256000000.0,415500000.0,1804500000.0,5.498247371056585,16.473214285714285,91.90848214285714,16.368852459016395,5.463414634146342,0.9792349726775956,0.3218049175898406,0.007866273352999,2012-04-26,0.49,bmo,5647000000.0,2025-04-24,2012-03-31,0.0,29.445483870967745,11767469.129032258
2011-12-31,MO,USD,764180,2012-02-16,2012-02-16 10:53:04,2011,Q4,4346000000.0,1972000000.0,2374000000.0,0.5462494248,0,790000000.0,0.0,790000000.0,4000000.0,794000000.0,2766000000.0,0.0,0.0,69000000.0,2175000000.0,0.5004601933,1356000000.0,0.3120110446,-173000000.0,1183000000.0,0.2722043258,346000000.0,836000000.0,0.1923607915,0.41,0.41,2034000000,2034000000,https://www.sec.gov/Archives/edgar/data/764180/000119312512064660/0001193125-12-064660-index.htm,https://www.sec.gov/Archives/edgar/data/764180/000119312512064660/d239844d10k.htm,2.136676499508358,0.4110127826941986,0.515732546705998,0.5009832841691249,1.607669616519174,1.8264503441494595,-6.665191740412979,1.809242871189774,6.730088495575221,60308100000.0,70727100000.0,18.034718899521533,13.87669121030833,57.49103908484271,59.18361138370952,16.388070652173912,16.388070652173912,16.274068108605615,32.518206896551725,67.42335557673975,69.40834151128557,0.0138621511869881,0.0168965694492116,3.719836956521739,0.3703533358584492,4.790344827586207,0.9330105979327488,0.0,1.2532855436081245,0.0139782218308983,1.0083732057416268,0.1817763460653474,0.0,0.4672907310210486,0.0285986653956148,0.0069028992176714,0.4347826086956521,0.0,4.090414870008956,0.0320666306211894,0.0424581005586592,-14.201819075712882,-512000000.0,-13557000000.0,-26116000000.0,18976000000.0,231000000.0,414500000.0,1702000000.0,5.549930971007823,22.95638945233265,81.19168356997972,16.21641791044776,3.920477137176938,1.108487914558741,0.2271739130434782,0.0147492625368731,2012-01-27,0.49,bmo,6006420000.0,2025-04-24,2011-12-31,0.0204081632653061,28.017619047619046,13448039.682539685
2011-09-30,MO,USD,764180,2011-10-27,2011-10-27 12:21:49,2011,Q3,4328000000.0,1883000000.0,2445000000.0,0.5649260628,0,581000000.0,0.0,581000000.0,5000000.0,586000000.0,2469000000.0,0.0,293000000.0,63000000.0,1903000000.0,0.4396950092,1878000000.0,0.4339186691,-85000000.0,1793000000.0,0.4142791128,619000000.0,1173000000.0,0.271025878,0.57,0.57,2054000000,2054000000,https://www.sec.gov/Archives/edgar/data/764180/000119312511283665/0001193125-11-283665-index.htm,https://www.sec.gov/Archives/edgar/data/764180/000119312511283665/d231954d10q.htm,2.107108081791626,0.571080817916261,1.0150925024342743,0.9980525803310614,1.4814995131450828,2.1689386562804285,-6.241966893865628,2.1514118792599803,6.806718597857838,55067740000.0,65712740000.0,11.73651747655584,12.723599815157115,26.4113860911271,26.86231219512195,12.461584068793846,12.461584068793846,15.183165434380776,34.53112979506043,31.51690167865707,32.05499512195122,0.0213010375947878,0.0372268772969437,3.0975333785924417,0.367947098196285,5.593799264319496,0.9421120504370254,6.409556313993174,1.775979557069847,0.0143459673485783,0.6734867860187553,0.1342421441774491,0.0,0.4643961183839144,0.0167865707434052,0.008086876155268,0.5555555555555556,0.0,5.257772936601329,0.0398953775312706,0.058870765370138,-13.99464459591042,-404000000.0,-12821000000.0,-26171000000.0,19156000000.0,180000000.0,289000000.0,1649000000.0,4.034195933456562,15.581518852894316,77.66861391396706,22.309278350515463,5.776073619631902,1.1587692307692308,0.2654446707399864,0.0170399221032132,2011-10-27,0.56,bmo,6108000000.0,2025-04-24,2011-09-30,0.0,26.319375,16014848.5
2011-06-30,MO,USD,764180,2011-07-28,2011-07-28 15:04:49,2011,Q2,4002000000.0,2030000000.0,1972000000.0,0.4927536232,0,671000000.0,0.0,671000000.0,5000000.0,676000000.0,2706000000.0,0.0,294000000.0,5000000.0,1302000000.0,0.3253373313,1295000000.0,0.3235882059,-139000000.0,1156000000.0,0.2888555722,712000000.0,444000000.0,0.1109445277,0.21,0.21,2076000000,2076000000,https://www.sec.gov/Archives/edgar/data/764180/000119312511200691/0001193125-11-200691-index.htm,https://www.sec.gov/Archives/edgar/data/764180/000119312511200691/d10q.htm,1.9277456647398843,0.2138728323699422,-0.76252408477842,-0.7755298651252408,0.9942196531791908,2.248554913294797,-6.075626204238921,2.2326589595375723,6.735067437379576,54827160000.0,66451160000.0,30.87114864864865,13.699940029985008,-34.634971572962726,-34.054136645962735,11.82894498381877,11.82894498381877,16.604487756121937,51.03775729646697,-41.97799115603285,-41.27401242236025,0.0080981761594071,-0.0293650081455979,2.9531823085221145,0.3716333622936577,8.927803379416282,1.0387440323172972,4.404761904761905,-3.565315315315315,0.0145001127178573,1.7905405405405406,0.1676661669165417,0.0,0.4691844048653344,-0.0170562223626026,0.0067466266866566,0.4426229508196721,0.0,3.277783495951135,0.0158474333541258,0.0227098358140248,-14.036127167630058,211000000.0,-12613000000.0,-26507000000.0,19797000000.0,118500000.0,267000000.0,1748500000.0,3.733133433283359,11.172413793103448,74.17241379310344,24.10843373493976,8.055555555555555,1.213389121338912,0.0957928802588996,0.0130057803468208,2011-07-20,0.53,bmo,5920000000.0,2025-04-24,2011-06-30,-0.6037735849056605,26.98047619047619,11664387.26984127
2011-03-31,MO,USD,764180,2011-04-28,2011-04-28 15:50:58,2011,Q1,3943000000.0,1795000000.0,2148000000.0,0.5447628709,0,601000000.0,0.0,601000000.0,6000000.0,607000000.0,2402000000.0,0.0,278000000.0,6000000.0,1549000000.0,0.3928480852,1539000000.0,0.3903119452,-89000000.0,1450000000.0,0.3677402993,512000000.0,937000000.0,0.2376363175,0.45,0.45,2084000000,2084000000,https://www.sec.gov/Archives/edgar/data/764180/000119312511114987/0001193125-11-114987-index.htm,https://www.sec.gov/Archives/edgar/data/764180/000119312511114987/d10q.htm,1.892034548944337,0.4496161228406909,0.989443378119002,0.9832053742802304,1.6468330134357003,2.6333973128598847,-5.661228406909789,2.617562380038388,5.984644913627639,54246520000.0,63008520000.0,14.473457844183566,13.757676895764646,26.30772065955383,26.474631527574427,9.944366636113656,9.944366636113656,15.979842759320317,40.676901226597806,30.556993210475262,30.75086383601757,0.0172729974199266,0.0377720082320488,2.2353803849679195,0.3160377358490566,5.656552614590058,0.8863521055301877,5.535971223021583,2.1982942430703623,0.0146368836194469,0.847385272145144,0.1524220136951559,0.0,0.4480095376321791,0.0063045586808923,0.003296981993406,0.2166666666666666,0.0,5.145892594453026,0.0324291137818712,0.043994741290262,-13.770993282149712,-896000000.0,-11798000000.0,-26108000000.0,18729000000.0,78000000.0,405500000.0,1813500000.0,1.6205934567588132,14.139275766016713,91.45403899721448,55.53521126760563,6.365248226950355,0.9841008771929824,0.1717690192483959,0.0062380038387715,2011-04-20,0.44,bmo,5643000000.0,2025-04-24,2011-03-31,0.0,24.690483870967743,12859016.35483871
2010-12-31,MO,USD,764180,2011-02-25,2011-02-24 19:01:35,2010,Q4,4139000000.0,1885000000.0,2254000000.0,0.5445759845,0,752000000.0,-7000000.0,752000000.0,4000000.0,756000000.0,2641000000.0,3000000.0,280000000.0,68000000.0,1755000000.0,0.4240154627,1493000000.0,0.3607151486,-86000000.0,1407000000.0,0.3399371829,487000000.0,916000000.0,0.221309495,0.44,0.44,2080000000,2084000000,https://www.sec.gov/Archives/edgar/data/764180/000119312511045778/0001193125-11-045778-index.htm,https://www.sec.gov/Archives/edgar/data/764180/000119312511045778/d10k.htm,1.989903846153846,0.4403846153846154,0.5024038461538461,0.4774038461538462,1.1125,2.512980769230769,-5.800480769230769,2.496153846153846,5.997115384615385,51209600000.0,61089600000.0,13.9764192139738,12.37245711524523,49.0044019138756,51.57059415911379,9.863174114021572,9.863174114021572,14.75950712732544,34.80888888888889,58.45894736842105,61.5202416918429,0.0178872711366618,0.0193908954571017,2.348613251155624,0.3260253462381691,5.62962962962963,0.8744152046783625,5.332142857142857,1.1358695652173914,0.0154853777416734,0.8657205240174672,0.1816863976805992,0.0,0.4623282177423667,0.0497607655502392,0.0125634211162116,0.7647058823529411,0.0,4.973281050602713,0.0319427105593127,0.0455494778717056,-13.8921875,-859000000.0,-12065000000.0,-26194000000.0,18813000000.0,83500000.0,424500000.0,1710500000.0,1.848272529596521,25.257294429708224,86.08488063660478,48.694117647058825,3.563327032136106,1.045479755962285,0.1764252696456086,0.025,2011-01-27,0.44,bmo,5927000000.0,2025-04-24,2010-12-31,0.0,24.783125,11642415.359375
2010-09-30,MO,USD,764180,2010-10-28,2010-10-28 09:32:02,2010,Q3,4461000000.0,1985000000.0,2476000000.0,0.5550325039,0,691000000.0,0.0,691000000.0,6000000.0,697000000.0,2682000000.0,0.0,279000000.0,6000000.0,1788000000.0,0.4008069939,1776000000.0,0.3981170141,-93000000.0,1683000000.0,0.3772696705,552000000.0,1126000000.0,0.2524097736,0.54,0.54,2080000000,2080000000,https://www.sec.gov/Archives/edgar/data/764180/000119312510239023/0001193125-10-239023-index.htm,https://www.sec.gov/Archives/edgar/data/764180/000119312510239023/d10q.htm,2.1447115384615385,0.5413461538461538,0.6879807692307692,0.6653846153846154,0.8173076923076923,2.4927884615384617,-5.8225961538461535,2.476923076923077,5.996634615384616,49961600000.0,60455600000.0,11.09271758436945,11.199641336023314,34.913766596785464,36.09942196531792,9.69751552795031,9.69751552795031,13.552028693118135,33.81185682326622,42.2470999301188,43.68179190751445,0.0225373086530455,0.0277012745788765,2.3668478260869565,0.3285906763675559,5.869127516778524,0.8672231847535045,6.365591397849462,1.2652519893899203,0.014611221418049,0.6483126110124334,0.1548980049316296,0.0,0.4660738345459445,0.0328441649196366,0.0105357543151759,0.6619718309859155,0.0,5.49268946636932,0.0387990418452978,0.0568285050974058,-14.112740384615384,-843000000.0,-12111000000.0,-26419000000.0,18875000000.0,86000000.0,298500000.0,1634000000.0,1.6543375924680566,14.5088161209068,73.360201511335,54.40243902439025,6.203125,1.226823238566131,0.218555900621118,0.0225961538461538,2010-10-20,0.52,bmo,6164888888.0,2025-04-24,2010-09-30,0.0384615384615384,22.5275,13780345.21875
2010-06-30,MO,USD,764180,2010-07-29,2010-07-29 12:17:13,2010,Q2,4341000000.0,1967000000.0,2374000000.0,0.5468785994,0,651000000.0,170000000.0,821000000.0,173000000.0,825000000.0,2792000000.0,0.0,290000000.0,4000000.0,1618000000.0,0.3727251785,1529000000.0,0.3522229901,-177000000.0,1352000000.0,0.3114489749,309000000.0,1042000000.0,0.2400368579,0.5,0.5,2079000000,2079000000,https://www.sec.gov/Archives/edgar/data/764180/000119312510170273/0001193125-10-170273-index.htm,https://www.sec.gov/Archives/edgar/data/764180/000119312510170273/d10q.htm,2.088023088023088,0.5012025012025012,-0.8417508417508418,-0.8566618566618567,0.4107744107744108,2.1914381914381917,-6.130832130832131,2.1755651755651755,6.0,41663160000.0,52993160000.0,9.995959692898271,9.597595024187974,-23.80752,-23.39312745648512,9.21139951359717,9.21139951359717,12.207592720571297,32.75226205191595,-30.281805714285717,-29.754722066254917,0.0250101048504242,-0.0427475976378172,2.6937873093079814,0.345694424741098,7.002472187886279,0.8380471987029364,5.272413793103448,-1.6778523489932886,0.0174974725872929,0.699616122840691,0.1499654457498272,0.0,0.4909065115619236,-0.0177142857142857,0.0071412117023727,0.4558823529411764,0.0,4.953177860651917,0.0394576369048349,0.058072786044697,-13.92135642135642,-899000000.0,-12746000000.0,-26037000000.0,18938000000.0,130000000.0,294000000.0,1731500000.0,1.8659295093296475,12.674123029994917,75.49567869852567,48.23333333333333,7.101083032490974,1.192121212121212,0.2303780676542118,0.0149110149110149,2010-07-21,0.5,bmo,6274000000.0,2025-04-24,2010-06-30,0.0,20.70206349206349,19070374.492063493
2010-03-31,MO,USD,764180,2010-04-28,2010-04-28 16:44:19,2010,Q1,3951000000.0,1867000000.0,2084000000.0,0.5274614022,0,641000000.0,7000000.0,648000000.0,6000000.0,654000000.0,2521000000.0,0.0,287000000.0,6000000.0,1506000000.0,0.3811693242,1430000000.0,0.3619336877,-149000000.0,1281000000.0,0.324221716,468000000.0,813000000.0,0.205770691,0.39,0.39,2077000000,2077000000,https://www.sec.gov/Archives/edgar/data/764180/000119312510096771/0001193125-10-096771-index.htm,https://www.sec.gov/Archives/edgar/data/764180/000119312510096771/d10q.htm,1.902262879152624,0.3914299470389986,0.9826673086181992,0.9643716899374096,1.5840154068367838,2.0688493018777083,-6.263360616273471,2.0534424650938856,5.992778045257583,42620040000.0,51490040000.0,13.105793357933578,10.787152619589977,20.881940225379715,21.278102845731404,9.992975381008206,9.992975381008206,13.03215388509238,34.189933598937586,25.22784909358158,25.706460309535696,0.0190755334814326,0.0469966710495813,2.851113716295428,0.320008421274244,5.889774236387782,0.7785398230088496,4.982578397212544,2.510455104551045,0.0165649774143806,0.8683886838868389,0.1622374082510757,0.0,0.4554330377115187,0.0186183243508084,0.0096178182738547,0.5507246376811594,0.0,4.252649138547047,0.0303188482264416,0.0392886483351858,-14.14443909484834,-2002000000.0,-13009000000.0,-26664000000.0,17939000000.0,133000000.0,402500000.0,1811500000.0,3.872437357630979,14.991965720407071,87.39689341189073,23.24117647058824,6.003215434083601,1.0297848869277442,0.1906213364595545,0.0182956186807896,2010-04-21,0.4,bmo,5485714285.0,2025-04-24,2010-03-31,0.0499999999999999,20.146065573770493,14247546.918032788
2009-12-31,MO,USD,764180,2010-02-24,2010-02-24 17:24:05,2009,Q4,4100000000.0,2049000000.0,2051000000.0,0.5002439024,0,426000000.0,-299000000.0,426000000.0,4000000.0,430000000.0,2479000000.0,4000000.0,287000000.0,73000000.0,1435000000.0,0.35,1200000000.0,0.2926829268,-125000000.0,1075000000.0,0.262195122,349000000.0,725000000.0,0.1768292683,0.35,0.35,2072000000,2077000000,https://www.sec.gov/Archives/edgar/data/764180/000119312510039027/0001193125-10-039027-index.htm,https://www.sec.gov/Archives/edgar/data/764180/000119312510039027/d10k.htm,1.9787644787644787,0.3499034749034749,0.693050193050193,0.6443050193050193,0.902992277992278,1.965250965250965,-6.38996138996139,1.9638030888030888,5.910714285714286,40673360000.0,50762360000.0,14.025296551724136,9.920331707317072,28.32406685236769,30.466936329588016,9.99591054313099,9.99591054313099,12.381063414634149,35.3744668989547,35.34983286908078,38.02423970037453,0.017824935043478,0.032822466597301,2.939297124600639,0.3260899201134226,7.030662020905924,0.7223473473473474,4.181184668989547,1.977961432506887,0.0173577988147524,0.973793103448276,0.1039024390243902,0.0,0.4720124328598304,0.0703342618384401,0.0246341463414634,1.3835616438356164,0.0,3.932007668858685,0.0275091176052669,0.0374386780273689,-14.361486486486486,-2219000000.0,-13240000000.0,-26832000000.0,17777000000.0,94000000.0,403000000.0,1786000000.0,2.107317073170732,21.698389458272327,79.50219619326501,42.708333333333336,4.147773279352227,1.1320441988950276,0.1781764561317277,0.0487451737451737,2010-01-28,0.4,bmo,6168205128.0,2025-04-24,2009-12-31,-0.025,18.868125,15616283.5625
2009-09-30,MO,USD,764180,2009-10-29,2009-10-29 12:39:21,2009,Q3,6300000000.0,2033000000.0,4267000000.0,0.6773015873,0,717000000.0,79000000.0,796000000.0,7000000.0,891000000.0,2924000000.0,0.0,279000000.0,7000000.0,1584000000.0,0.2514285714,1394000000.0,0.2212698413,-160000000.0,1234000000.0,0.1958730159,352000000.0,879000000.0,0.1395238095,0.43,0.42,2051162791,2072000000,https://www.sec.gov/Archives/edgar/data/764180/000119312509217203/0001193125-09-217203-index.htm,https://www.sec.gov/Archives/edgar/data/764180/000119312509217203/d10q.htm,3.071428570975866,0.4285374149028232,0.9126530610899718,0.8834013604140112,0.5021541949373242,1.8306689339705364,-6.525566892462218,1.8150680269433568,5.96637188120677,36531209307.71,47460209307.71,10.389991270679747,5.798604652017461,19.51453488659722,20.1607115384713,9.8123044071206,9.8123044071206,7.533366556779365,29.96225335082702,25.352675912238247,26.192168492113687,0.0240616179058294,0.0496014239423925,3.212194466827827,0.3333054626532887,6.899621212121212,0.698465829846583,4.996415770609319,2.122448979591837,0.0181488653828952,0.7542662116040956,0.1138095238095238,0.0,0.4777034559643255,0.032051282051282,0.0095238095238095,0.8450704225352113,0.0,4.18342594091603,0.0337920910805675,0.0469050160085378,-14.69654194794722,-2162000000.0,-13385000000.0,-27117000000.0,17752000000.0,96500000.0,302500000.0,1821500000.0,1.3142857142857145,13.812100344318742,78.00295130349238,68.47826086956522,6.516025641025641,1.1538024971623155,0.2360999194198227,0.0292517006759606,2009-10-21,0.46,bmo,6037500000.0,2025-04-24,2009-09-30,0.0434782608695651,17.6146875,16345658.90625
2009-06-30,MO,USD,764180,2009-07-31,2009-07-31 16:12:30,2009,Q2,6719000000.0,2138000000.0,4581000000.0,0.6817978866,0,739000000.0,37000000.0,776000000.0,3000000.0,779000000.0,2917000000.0,0.0,287000000.0,3000000.0,1963000000.0,0.2921565709,1677000000.0,0.2495907129,-70000000.0,1607000000.0,0.2391724959,596000000.0,1010000000.0,0.1503199881,0.49,0.49,2061224490,2069000000,https://www.sec.gov/Archives/edgar/data/764180/000119312509160822/0001193125-09-160822-index.htm,https://www.sec.gov/Archives/edgar/data/764180/000119312509160822/d10q.htm,3.259712870964385,0.4899999999514851,-0.9256633662449838,-0.959138613766422,0.2639207920530771,1.6228217820175423,-6.696019801317226,1.6228217820175423,6.131792078600813,33783469391.1,45591469391.100006,8.362244898787129,5.028050214481322,-17.706220854874214,-17.08824956555387,10.099691895695068,10.099691895695068,6.785454590132461,23.22540468217015,-23.89490010015724,-23.060935453262523,0.0298962782154658,-0.0585197445861148,3.692675635276532,0.3447486672806944,6.015282730514518,0.6997276766518561,5.843205574912892,-1.8872403560830864,0.0196249826305483,0.6564356435643565,0.1099866051495758,0.0,0.4785788048787295,-0.0361635220125786,0.0102693853251972,1.0,0.0,4.229847532118853,0.0351445230248906,0.0540627341826356,-15.002611384653209,-2095000000.0,-13802000000.0,-27602000000.0,17876000000.0,93500000.0,354000000.0,1957000000.0,1.3528798928411967,12.333956969130028,79.18147801683817,66.52475247524752,7.296928327645051,1.1366294524189262,0.3019431988041853,0.033475247521438,2009-07-22,0.47,bmo,6315860000.0,2025-04-24,2009-06-30,0.0638297872340426,16.71936507936508,16086736.38095238
2009-03-31,MO,USD,764180,2009-05-07,2009-05-07 12:43:04,2009,Q1,3812000000.0,1770000000.0,2042000000.0,0.5356768101,0,717000000.0,128000000.0,845000000.0,6000000.0,851000000.0,2621000000.0,0.0,336000000.0,78000000.0,1375000000.0,0.360703043,1191000000.0,0.3124344176,-230000000.0,961000000.0,0.2520986359,372000000.0,589000000.0,0.1545120672,0.28,0.28,2061000000,2067000000,https://www.sec.gov/Archives/edgar/data/764180/000119312509102978/0001193125-09-102978-index.htm,https://www.sec.gov/Archives/edgar/data/764180/000119312509102978/d10q.htm,1.8495875788452207,0.2857836001940805,0.9912663755458516,0.970402717127608,1.8719068413391555,1.3493449781659388,-6.9718583212033,1.3478893740902476,6.795730228044638,33017220000.0,42829220000.0,14.014100169779288,8.66139034627492,16.16114537444934,16.50861,11.885248380129587,11.885248380129587,11.235367261280167,31.148523636363635,20.963886441507587,21.41461,0.0178391760420774,0.0605744517557807,4.92080633549316,0.353632036423841,7.136,0.8412119950020824,3.544642857142857,3.468590831918506,0.0200198563052855,1.1222410865874364,0.1880902413431269,0.0,0.4436568708609271,0.0210474791972589,0.0112801678908709,0.5512820512820513,0.0,2.943994778323202,0.0241215961250242,0.027387705756533,-15.01018922852984,-1525000000.0,-14369000000.0,-27796000000.0,18469000000.0,65000000.0,462500000.0,1551000000.0,2.0304302203567683,21.101694915254235,103.3728813559322,44.325581395348834,4.265060240963855,0.8706345302508608,0.2120230381569474,0.0208636584182435,2009-04-22,0.38,bmo,4407025641.0,2025-04-24,2009-03-31,0.0263157894736842,16.21934426229508,21855686.72131148
2008-12-31,MO,USD,764180,2009-02-27,2009-02-27 16:24:49,2008,Q4,1255000000.0,1985000000.0,-730000000.0,-0.5816733068,0,693000000.0,0.0,693000000.0,-292000000.0,805000000.0,2790000000.0,0.0,0.0,53000000.0,-1383000000.0,-1.1019920319,998000000.0,0.7952191235,5010000000.0,981000000.0,0.7816733068,302000000.0,679000000.0,0.5410358566,0.33,0.33,2060000000,2061000000,https://www.sec.gov/Archives/edgar/data/764180/000119312509041005/0001193125-09-041005-index.htm,https://www.sec.gov/Archives/edgar/data/764180/000119312509041005/d10k.htm,0.6092233009708737,0.3296116504854369,0.2660194174757281,0.2126213592233009,3.8427184466019417,1.3728155339805823,-0.1398058252427184,1.3728155339805823,3.6281553398058257,31023600000.0,30581600000.0,11.422533136966129,24.72,56.61240875912409,70.83013698630137,10.97015558698727,10.97015558698727,24.36780876494024,-22.11250903832249,55.8058394160584,69.82100456621005,0.0218865637772534,0.0141182841449735,2.642857142857143,0.2746279625206687,0.3195950831525669,1.5508260991318958,0.0,0.8070692194403535,0.1186193736381335,5.419734904270987,0.552191235059761,0.0,0.1144956825280176,0.2007299270072992,0.0876494023904382,2.0754716981132075,0.0,3.190792983611784,0.0341828268373845,0.0281754429644383,-7.720145631067961,3934000000.0,-288000000.0,-13311000000.0,9249000000.0,48000000.0,401500000.0,1064500000.0,3.155378486055777,23.123425692695218,48.46851385390429,28.522727272727277,3.892156862745098,1.8568755846585592,0.2400990099009901,0.0533980582524271,2009-01-29,0.37,bmo,4654000000.0,2025-04-24,2008-12-31,0.0,17.05109375,24728869.5625
2008-09-30,MO,USD,764180,2008-11-03,2008-11-03 17:00:50,2008,Q3,5238000000.0,2230000000.0,3008000000.0,0.5742649866,0,763000000.0,17000000.0,763000000.0,-51000000.0,712000000.0,2942000000.0,0.0,25000000.0,52000000.0,1435000000.0,0.2739595265,1399000000.0,0.2670866743,29000000.0,1358000000.0,0.2592592593,491000000.0,867000000.0,0.1655211913,0.42,0.42,2058000000,2067000000,https://www.sec.gov/Archives/edgar/data/764180/000119312508223004/0001193125-08-223004-index.htm,https://www.sec.gov/Archives/edgar/data/764180/000119312508223004/d10q.htm,2.545189504373178,0.4212827988338192,1.5126336248785228,1.4902818270165208,0.4446064139941691,2.030126336248786,0.5131195335276968,2.030126336248786,0.4421768707482993,40830720000.0,40800720000.0,11.77356401384083,7.795097365406644,13.11619659492451,13.31291816106945,9.77279080899952,9.77279080899952,7.789369988545246,28.4325574912892,13.106559588821073,13.303136615585265,0.0212340120379949,0.0751150114423649,0.2118238391574916,0.0428156748911465,-0.0209059233449477,0.5940058705391627,55.96,3.5905420991926182,0.014670326656008,0.6908881199538639,0.1456662848415425,0.0,0.1510401548137397,0.014776742691937,0.0087819778541428,0.8846153846153846,0.0,4.386717378715609,0.0616791653966565,0.0494073398677912,-7.292517006802721,-2628000000.0,1056000000.0,-12647000000.0,2656000000.0,86500000.0,282000000.0,1099500000.0,0.8934707903780069,11.82511210762332,42.78026905829597,100.73076923076924,7.610921501706485,2.10377358490566,0.2075155576831019,0.0223517978620019,2008-10-23,0.44,bmo,5010260869.0,2025-04-24,2008-09-30,0.0454545454545455,20.80484375,14338796.671875
2008-06-30,MO,USD,764180,2008-08-07,2008-08-07 10:24:03,2008,Q2,5054000000.0,3043000000.0,2011000000.0,0.3979026514,0,649000000.0,19000000.0,649000000.0,-55000000.0,594000000.0,3637000000.0,0.0,18000000.0,51000000.0,1540000000.0,0.3047091413,1417000000.0,0.2803719826,129000000.0,1471000000.0,0.2910565888,541000000.0,930000000.0,0.1840126632,0.45,0.45,2075000000,2085000000,https://www.sec.gov/Archives/edgar/data/764180/000119312508169454/0001193125-08-169454-index.htm,https://www.sec.gov/Archives/edgar/data/764180/000119312508169454/d10q.htm,2.435662650602409,0.4481927710843373,-1.352289156626506,-1.371566265060241,0.2,1.8959036144578312,0.3903614457831325,1.8959036144578312,1.3050602409638554,42662000000.0,44937000000.0,11.468279569892472,8.441234665611397,-15.203848895224516,-14.990161630358395,10.84443314692425,10.84443314692425,8.891373169766522,29.179870129870128,-16.014611546685675,-15.78952916373858,0.0217992592939852,-0.0667104214523463,0.6837824097610574,0.1290105990120378,1.4772727272727273,0.5169306786804243,78.72222222222223,-3.0172043010752687,0.0371525010548028,1.7043010752688172,0.1284131381084289,0.0,0.1498249484437197,-0.0142551674982181,0.0079145231499802,0.7843137254901961,0.0,4.3725200548579535,0.0557855382783125,0.0524623455745473,-7.634578313253012,-3324000000.0,810000000.0,-13360000000.0,1979000000.0,144000000.0,296000000.0,1208000000.0,2.1547289275821133,8.015116661189616,33.687150837988824,41.76859504132232,11.228782287822876,2.671641791044776,0.2364006100660905,0.0192771084337349,2008-07-31,0.45,bmo,4944130434.0,2025-04-24,2008-06-30,0.0222222222222222,21.5209375,19164682.546875
2008-03-31,MO,USD,764180,2008-05-09,2008-05-09 13:59:14,2008,Q1,3604000000.0,1887000000.0,1717000000.0,0.4764150943,0,648000000.0,258000000.0,648000000.0,-144000000.0,504000000.0,2391000000.0,0.0,0.0,59000000.0,1213000000.0,0.3365704772,1213000000.0,0.3365704772,-234000000.0,979000000.0,0.2716426193,365000000.0,2454000000.0,0.6809100999,1.16,1.16,2107000000,2118000000,https://www.sec.gov/Archives/edgar/data/764180/000119312508109448/0001193125-08-109448-index.htm,https://www.sec.gov/Archives/edgar/data/764180/000119312508109448/d10q.htm,1.7104888467014714,1.1646891314665402,1.9107736117702896,1.8894162316089227,2.284290460370195,2.234456573327005,0.7513051732320836,2.234456573327005,0.9515899383009018,46775400000.0,43967400000.0,4.765220048899755,12.978745837957824,11.61833084947839,11.749660889223811,9.935301614273577,9.935301614273577,12.1996115427303,36.24682605111294,10.92086438152012,11.044310474755086,0.0524634743903846,0.0851088392616631,0.4258708581138488,0.0775718652067938,-2.314921681780709,0.7784890010818608,0.0,6.55700325732899,0.0306998978095323,0.5851670741646292,0.1798002219755826,0.0,0.1209037799357759,0.011177347242921,0.0124861265260821,0.7627118644067796,0.0,7.652128065314803,0.0474761555317687,0.1080010562450488,-7.385975320360703,-2457000000.0,1583000000.0,-12504000000.0,2875000000.0,125000000.0,466000000.0,5924000000.0,4.170366259711432,15.31001589825119,60.90620031796502,21.58083832335329,5.878504672897196,1.4776820673453406,0.5212404418011894,0.0213573801613668,2008-04-24,0.37,bmo,4410000000.0,2025-04-24,2008-03-31,0.0,23.261639344262296,44880054.34426229
2007-12-31,MO,USD,764180,2008-02-28,2008-02-28 15:08:16,2007,Q4,9253000000.0,4048000000.0,5205000000.0,0.5625202637,0,2054000000.0,0.0,2054000000.0,115000000.0,2169000000.0,6217000000.0,0.0,0.0,276000000.0,3312000000.0,0.3579379661,3036000000.0,0.3281098022,-28000000.0,3008000000.0,0.3250837566,862000000.0,2188000000.0,0.2364638496,1.03,1.03,2107314917,2115517241,https://www.sec.gov/Archives/edgar/data/764180/000119312508041586/0001193125-08-041586-index.htm,https://www.sec.gov/Archives/edgar/data/764180/000119312508041586/d10k.htm,4.390895696392966,1.038288099395635,0.9637857083512498,0.7122808213861279,3.083544821696908,8.804569193869565,2.6574101264239283,8.804569193869565,5.241741474371199,49880144085.39001,54428144085.39001,5.699285201712751,5.390699674201882,24.559401322200888,33.231275206788816,2.688376850565377,2.688376850565377,5.882215939197018,16.43361838326993,26.79869231186116,36.26125522011326,0.0438651499533432,0.0300921344058355,0.595343322194675,0.1930747583506668,1.3731884057971016,1.2187200511127676,0.0,0.7220049768929968,0.0317360751262076,0.723491773308958,0.2219820598724738,0.0,0.2264249882015696,0.2609551944854751,0.0572787204150005,1.920289855072464,0.0,14.341819508756698,0.0521771069529241,0.0494385069028628,-12.722944152157776,4108000000.0,5600000000.0,-15767000000.0,25919000000.0,1303000000.0,888500000.0,9751500000.0,0.8073057386793473,13.584486166007906,235.0271739130435,111.48192771084338,6.625204582651391,0.3829344432882414,0.1179260536811469,0.2515048869651218,2008-01-30,0.97,bmo,4392160000.0,2025-04-24,2007-12-31,0.0309278350515464,23.043125,32852030.546875
2007-09-30,MO,USD,764180,2007-11-06,2007-11-06 12:59:10,2007,Q3,9964000000.0,4325000000.0,5639000000.0,0.5659373745,0,1907000000.0,0.0,1907000000.0,27000000.0,1934000000.0,6259000000.0,0.0,11000000.0,242000000.0,3705000000.0,0.371838619,3705000000.0,0.371838619,45000000.0,3694000000.0,0.3707346447,1117000000.0,2633000000.0,0.2642513047,1.25,1.24,2106400000,2123387097,https://www.sec.gov/Archives/edgar/data/764180/000119312507236371/0001193125-07-236371-index.htm,https://www.sec.gov/Archives/edgar/data/764180/000119312507236371/d10q.htm,4.7303456133687805,1.25,1.5030383592859855,1.3477971895176604,3.4699012533232056,8.184105582985188,4.113653627041398,8.184105582985188,3.8150398784656288,46024840000.0,46740840000.0,4.37,4.619112806101967,14.537220467466836,16.21163790066925,2.6698091536632056,2.6698091536632056,4.690971497390606,12.615611336032387,14.76337334175616,16.4638393800634,0.05720823798627,0.0616840819001217,0.4655142409652532,0.1551384163315805,0.1932523616734143,1.0814741451209342,336.8181818181818,1.2024306874287884,0.0315699087710027,0.5518420053171288,0.1913890004014452,0.0,0.1657516238787504,0.1032849020846494,0.0328181453231633,1.3512396694214877,0.0,15.171617234871778,0.0698013393649248,0.0610140427306854,-9.884993353589062,1563000000.0,8665000000.0,-13742000000.0,18211000000.0,2524000000.0,1119000000.0,8597500000.0,22.78904054596548,24.263583815028905,185.8682080924856,3.949266745937376,3.70926243567753,0.4842140618002687,0.1527350774406868,0.1552411697683251,2007-10-17,1.14,bmo,4698495867.0,2025-04-24,2007-09-30,0.0614035087719298,21.504285714285714,37169458.190476194
2007-06-30,MO,USD,764180,2007-08-07,2007-08-07 10:42:40,2007,Q2,9797000000.0,4265000000.0,5532000000.0,0.5646626518,0,1966000000.0,0.0,1966000000.0,322000000.0,2288000000.0,6553000000.0,0.0,62000000.0,236000000.0,3244000000.0,0.331121772,3244000000.0,0.331121772,-62000000.0,3182000000.0,0.3247933041,1066000000.0,2215000000.0,0.2260896193,1.05,1.05,2109523810,2109523810,https://www.sec.gov/Archives/edgar/data/764180/000119312507173166/0001193125-07-173166-index.htm,https://www.sec.gov/Archives/edgar/data/764180/000119312507173166/d10q.htm,4.644176071186417,1.0499999997629796,2.665530473438932,2.5214221213269927,2.918194130266773,7.674243790592722,3.5349209924300404,7.674243790592722,3.967720089397806,46346238105.7,48498238105.7,5.230952382133183,4.730656130009186,8.242261800764716,8.713336737300244,2.862822787429736,2.862822787429736,4.950315209319179,14.950135051078917,8.624975654579405,9.11792406574544,0.04779244423136,0.1147665963280379,0.5131879671381803,0.1678553389231235,0.6633785450061652,1.082903981264637,52.32258064516129,1.5430845225027443,0.039075447631148,0.817607223476298,0.2006736756149841,0.0,0.1764218607940195,0.054063667081629,0.0310299071144227,1.2881355932203389,0.0,13.464917731342686,0.0592336257300303,0.0543384932414199,-10.013989839725962,1416000000.0,7457000000.0,-14810000000.0,24442000000.0,2625000000.0,1073000000.0,8412500000.0,23.195876288659797,22.621336459554517,174.36576787807738,3.88,3.978544776119403,0.5161563596756626,0.1368212984125023,0.1441083521119394,2007-07-18,1.13,bmo,4776460869.0,2025-04-24,2007-06-30,0.0176991150442478,21.878412698412696,37635669.58730159
2007-03-31,MO,USD,764180,2007-05-07,2007-05-07 14:09:32,2007,Q1,9037000000.0,3909000000.0,5128000000.0,0.5674449485,0,1878000000.0,0.0,1878000000.0,0.0,1878000000.0,5787000000.0,0.0,114000000.0,226000000.0,1182000000.0,0.130795618,3250000000.0,0.3596326214,-114000000.0,3136000000.0,0.3470178156,1051000000.0,2750000000.0,0.3043045258,1.31,1.3,2099236641,2115384615,https://www.sec.gov/Archives/edgar/data/764180/000095012307006875/0000950123-07-006875-index.htm,https://www.sec.gov/Archives/edgar/data/764180/000095012307006875/y34478e10vq.htm,4.304898182272153,1.3100000001381455,-0.2458036363895574,-0.3872836364044771,1.0427600001099635,6.912036364365269,2.862945454847365,6.912036364365269,4.118163636797916,45028625949.45,51370625949.45,4.093511449949999,4.982696243161447,-87.26477897180233,-55.38576377546125,3.103282284593384,3.103282284593384,5.684477807839991,43.46076645469543,-99.55547664622092,-63.186501782841326,0.0610722610787014,-0.0180551811843579,0.5879393521709166,0.1912394359882535,5.365482233502538,1.379871963848616,28.50877192982456,-0.7413793103448276,0.0400856113625658,0.6563636363636364,0.2078123270997012,0.0,0.1905445089555919,-0.5755813953488372,0.0328648887905278,1.3141592920353982,0.0,14.273481420492718,0.062512121885727,0.0761582984851422,-10.28242818290251,4035000000.0,6010000000.0,-15442000000.0,20254000000.0,2766500000.0,1244000000.0,10374000000.0,27.13843089520859,24.72755180353031,197.1297006907137,3.3163302752293577,3.6396648044692737,0.456552207428171,0.1895244658855961,0.1414800000149197,2007-04-19,1.05,bmo,4371262135.0,2025-04-24,2007-03-31,-0.019047619047619,21.079016393442625,50701291.27868853
2006-12-31,MO,USD,764180,2007-03-01,2007-03-01 16:00:40,2006,Q4,17985000000.0,9907000000.0,8078000000.0,0.4491520712,0,4029000000.0,0.0,4029000000.0,450000000.0,4479000000.0,14386000000.0,0.0,0.0,465000000.0,4064000000.0,0.2259660828,4218000000.0,0.234528774,-175000000.0,4043000000.0,0.2247984431,1076000000.0,2959000000.0,0.1645259939,1.41,1.41,2083253456,2099236641,https://www.sec.gov/Archives/edgar/data/764180/000119312507044345/0001193125-07-044345-index.htm,https://www.sec.gov/Archives/edgar/data/764180/000119312507044345/d10k.htm,8.633131003911796,1.4203744587475675,1.1722049436504092,0.7147474042159947,2.4096923903051,20.71135409651278,-1.0430799928551755,19.017849165637003,8.975864144684275,43685824972.32,57364824972.32,3.6909280983710713,2.42901445495246,17.889363215528252,29.33903624736065,1.102648349840228,1.102648349840228,3.1895927146132887,14.11536047547244,23.49091931708436,38.52573873224984,0.0677336413327404,0.034084282509108,0.4719705191953355,0.1793325021578594,3.3658956692913384,1.028512997994258,0.0,0.8252788104089219,0.0412719686795982,0.6093274754984792,0.2240200166805671,0.0,0.4346408362903999,0.3902538902538902,0.0529886016124548,2.0494623655913977,0.0,24.65320491014611,0.0372745252396856,0.0501950805767599,-22.994801646449304,725000000.0,-2173000000.0,-34971000000.0,63319000000.0,4317000000.0,2501500000.0,11975500000.0,14.051709758131777,12.845462804077926,110.7035429494297,6.40491452991453,7.006364922206506,0.8129821106187428,0.0746863878442161,0.4574575394344143,2007-01-31,1.22,bmo,17247909836.0,2025-04-24,2006-12-31,0.040983606557377,20.08746031746032,37330537.571428575
2006-09-30,MO,USD,764180,2006-11-09,2006-11-09 13:05:25,2006,Q3,17656000000.0,9265000000.0,8391000000.0,0.4752492071,0,3726000000.0,0.0,3726000000.0,-51000000.0,3675000000.0,12940000000.0,0.0,193000000.0,456000000.0,3591000000.0,0.2033869506,4713000000.0,0.2669347531,-59000000.0,4520000000.0,0.2560036248,1598000000.0,2875000000.0,0.162834164,1.38,1.36,2083333333,2113970588,https://www.sec.gov/Archives/edgar/data/764180/000119312506229897/0001193125-06-229897-index.htm,https://www.sec.gov/Archives/edgar/data/764180/000119312506229897/d10q.htm,8.47488000135598,1.3800000002208,1.9329600003092733,1.6603200002656513,2.733600000437376,21.593280003454925,-0.0115200000018432,19.771200003163397,9.517920001522867,38958333327.1,52899333327.1,3.387681158878261,2.206520917937245,9.674281928755898,11.262889079820756,0.9458201827409564,0.9458201827409564,2.996110859033756,14.73108697496519,13.136164223267942,15.293244673923098,0.0737967914556577,0.088787165789607,0.4767176499150279,0.1821876246764212,3.882205513784461,0.9589326891402218,24.419689119170982,1.4006956521739131,0.0429433155148923,0.5819130434782609,0.2110330765745355,0.0,0.4176138208741963,0.1410479264961509,0.0321703670140462,1.2456140350877194,0.0,24.776919909392426,0.0350715045429453,0.0458028644713154,-22.486080003597777,-1122000000.0,-24000000.0,-36594000000.0,60931000000.0,5817000000.0,3382500000.0,11452000000.0,29.69755323969189,34.86346465191581,114.2849433351322,3.0305526948163406,2.581499024797994,0.7875053123671908,0.0697984947802864,0.2726400000436224,2006-10-25,1.41,bmo,5010064748.0,2025-04-24,2006-09-30,-0.0141843971631205,19.654285714285717,42948883.47619048
2006-06-30,MO,USD,764180,2006-08-08,2006-08-08 10:26:30,2006,Q2,17874000000.0,9393000000.0,8481000000.0,0.4744880832,0,3679000000.0,0.0,3679000000.0,399000000.0,4078000000.0,13471000000.0,0.0,266000000.0,437000000.0,3446000000.0,0.1927940025,4403000000.0,0.2463354593,-119000000.0,4137000000.0,0.2314535079,1388000000.0,2711000000.0,0.1516728209,1.3,1.29,2085384615,2101550388,https://www.sec.gov/Archives/edgar/data/764180/000119312506165004/0001193125-06-165004-index.htm,https://www.sec.gov/Archives/edgar/data/764180/000119312506165004/d10q.htm,8.57108078358006,1.300000000239764,3.744153449602389,3.491921800717802,2.691589819751308,20.896385101603908,-0.3697159720342523,19.03293987809534,10.49063076549071,37411799993.100006,53409799993.100006,3.4499999993637034,2.093084927442095,4.7914702860015375,5.137572094630597,0.9425764025370992,0.9425764025370992,2.9881280067752045,15.499071385113176,6.840394466329407,7.334496016630047,0.0724637681293068,0.1946444704970903,0.5444811166259353,0.2024184181933985,4.642484039466048,1.0096875372215826,16.55263157894737,2.17432470064049,0.0446917817455555,0.616746587974917,0.2058296967662526,0.0,0.4153834625903863,0.0673668032786885,0.029428219760546,1.2036613272311212,0.0,23.594776785063377,0.0333636054546005,0.0434343758010766,-22.848782741211505,244000000.0,-771000000.0,-37756000000.0,61468000000.0,5566000000.0,3137000000.0,11359500000.0,29.24471299093656,30.43117214947301,106.72947939955286,3.0774793388429758,2.957493702770781,0.8432534338809587,0.0683026378776044,0.2522316488845871,2006-07-25,1.37,bmo,4702695035.0,2025-04-24,2006-06-30,0.0291970802919706,17.45825396825397,30989719.14285714
2006-03-31,MO,USD,764180,2006-05-09,2006-05-09 09:10:12,2006,Q1,16809000000.0,8915000000.0,7894000000.0,0.4696293652,0,3540000000.0,0.0,3540000000.0,275000000.0,3815000000.0,12730000000.0,0.0,243000000.0,446000000.0,3291000000.0,0.1957879707,4079000000.0,0.2426676185,-147000000.0,3836000000.0,0.2282110774,289000000.0,3477000000.0,0.2068534714,1.67,1.65,2082035928,2107272727,https://www.sec.gov/Archives/edgar/data/764180/000119312506104575/0001193125-06-104575-index.htm,https://www.sec.gov/Archives/edgar/data/764180/000119312506104575/d10q.htm,8.073347714103424,1.6700000001152715,-0.3318866839458305,-0.5273684210890331,1.1964250791737538,20.215789475079607,-0.8381219442626257,18.32052919309661,11.37684498209101,36040041913.68,56993041913.68,2.591317365090595,2.144091969402106,-52.156355880868304,-32.82335329114754,0.9448417028544462,0.9448417028544462,3.3906265639645428,17.317849259702218,-82.47907657551374,-51.90623125107468,0.0964760254254923,-0.0304661132922607,0.6146182885906041,0.2236724101742133,6.3667578243694924,0.9457125758741558,16.786008230452676,-0.2660762418174817,0.0462541082497255,0.4794362956571757,0.2106014635016955,0.0,0.4182170320758677,-0.5890014471780028,0.0242132191088107,0.9125560538116592,0.0,26.23726137534407,0.0424711466409058,0.0570196297085882,-24.23109002180485,-1270000000.0,-1745000000.0,-40600000000.0,59284000000.0,5342500000.0,3371500000.0,11082000000.0,28.506157415670177,31.27537857543466,116.9040942232193,3.157212622088655,2.877663008392511,0.7698618307426598,0.091154572147651,0.1954817371432026,2006-04-20,1.28,bmo,4431000000.0,2025-04-24,2006-03-31,0.0,17.924999999999997,28601558.48387097
2005-12-31,MO,USD,764180,2006-03-10,2006-03-10 17:02:47,2005,Q4,17827000000.0,9877000000.0,7950000000.0,0.4459527683,0,3982000000.0,0.0,3982000000.0,446000000.0,4428000000.0,14305000000.0,0.0,0.0,452000000.0,3974000000.0,0.2229202894,3630000000.0,0.2036237168,-250000000.0,3380000000.0,0.1896000449,1037000000.0,2289000000.0,0.1284007404,1.1,1.1,2077461929,2082035928,https://www.sec.gov/Archives/edgar/data/764180/000119312506051165/0001193125-06-051165-index.htm,https://www.sec.gov/Archives/edgar/data/764180/000119312506051165/d10k.htm,8.581144015756353,1.1018252455301674,1.4946122268987196,1.1494795484167932,3.012329570348531,19.18109759016431,-1.7169989737029736,17.18779993103787,11.61706005925079,37913680204.25,55789680204.25,4.140856291420926,2.126756055659954,12.210525025523353,15.876750504292296,1.061799652848181,1.061799652848181,3.129504695363774,14.0386714152617,17.967690887037037,23.36251264834589,0.0603739860564475,0.0629851807351667,0.6758898815358333,0.2235685369943214,4.498238550578762,0.9855875831485588,0.0,1.3564875491480997,0.0438891711655433,0.7269550021843599,0.2233690469512537,0.0,0.4021806593854505,0.2309178743961352,0.0402198911763056,1.586283185840708,0.0,20.64228469139576,0.0285757954116997,0.0354696749000526,-25.285782264749265,-377000000.0,-3567000000.0,-42320000000.0,59716000000.0,5432000000.0,3462000000.0,10751000000.0,27.065125932574183,33.213526374405184,96.44223954642098,3.3253124417086366,2.7097393689986284,0.9332010582010584,0.0641050774357969,0.3451326784819266,2006-01-31,1.17,bmo,17827000000.0,2025-04-24,2005-12-31,0.0,18.011746031746032,36678888.65079365
2005-09-30,MO,USD,764180,2005-11-09,2005-11-09 16:02:25,2005,Q3,17306000000.0,9082000000.0,8224000000.0,0.4752109095,0,3619000000.0,0.0,3619000000.0,290000000.0,3909000000.0,12991000000.0,0.0,306000000.0,406000000.0,4315000000.0,0.2493354906,4315000000.0,0.2493354906,-306000000.0,4009000000.0,0.2316537617,1098000000.0,2883000000.0,0.1665896221,1.39,1.38,2074100719,2089130435,https://www.sec.gov/Archives/edgar/data/764180/000119312505221528/0001193125-05-221528-index.htm,https://www.sec.gov/Archives/edgar/data/764180/000119312505221528/d10q.htm,8.343857095013137,1.3900000002844606,1.392892820264241,1.1050572322760956,2.9868366291232165,18.788865768673407,-2.03799167575526,16.636607703716823,12.065952135663862,37354553949.19,55879553949.19,3.2392086324306284,2.1584741678718364,12.92992521605746,16.29779840715096,1.082552424192604,1.082552424192604,3.2289121662539007,12.950070440136733,19.342178590927656,24.38025914013525,0.0771793448242343,0.0613579806927315,0.7163971483220309,0.233009708737864,4.293163383545771,1.0212476491536953,14.101307189542483,1.0020811654526536,0.0405305334942389,0.5251474158862296,0.2091182248931006,0.0,0.4071731548685078,0.2066458982346833,0.0344967063446203,1.4704433497536946,0.0,22.81030262929941,0.0361524885072556,0.0458397595916874,-24.752293622824784,531000000.0,-4227000000.0,-41598000000.0,60046000000.0,5620000000.0,3216000000.0,10892500000.0,28.6183982433838,32.49394406518388,108.19423034573884,3.1448300926767216,2.769746874046965,0.8318373328448434,0.0835506868370718,0.2878355879881453,2005-10-19,1.33,bmo,16292500000.0,2025-04-24,2005-09-30,0.0375939849624058,16.80453125,28424106.0625
2005-06-30,MO,USD,764180,2005-08-05,2005-08-05 13:22:44,2005,Q2,17325000000.0,9134000000.0,8191000000.0,0.4727849928,0,3643000000.0,0.0,3643000000.0,75000000.0,3718000000.0,12852000000.0,0.0,320000000.0,410000000.0,4883000000.0,0.2818470418,4471000000.0,0.2580663781,-320000000.0,4151000000.0,0.2395959596,1192000000.0,2667000000.0,0.1539393939,1.29,1.28,2067441860,2083593750,https://www.sec.gov/Archives/edgar/data/764180/000119312505158869/0001193125-05-158869-index.htm,https://www.sec.gov/Archives/edgar/data/764180/000119312505158869/d10q.htm,8.379921261727766,1.2900000002902137,2.683993251447468,2.4242519690493256,4.110877391251041,18.39326209637644,-2.6172440950769955,16.149426325342954,13.599415076175346,32665581388.0,51962581388.0,3.062015503187102,1.8854592431746031,5.886751016038927,6.517474339185954,0.9783629264406372,0.9783629264406372,2.999283196998557,10.64152803358591,9.36431454099838,10.367633956105347,0.0816455696386211,0.1534336689271725,0.8325146759314724,0.2568827688184464,3.9518738480442352,0.9798040961709706,13.971875,2.080614923134608,0.0462260255546748,0.5661792275965505,0.2102741702741702,0.0,0.4014417078693221,0.0967741935483871,0.0309956709956709,1.3097560975609757,0.0,21.65033716131303,0.0358537201258182,0.0411783778776228,-25.12416479755324,-567000000.0,-5411000000.0,-42670000000.0,59118000000.0,5908500000.0,3112500000.0,10495500000.0,29.802597402597403,31.06744033282241,107.07576089336544,3.0198710127244204,2.8969235648588647,0.8405263642219564,0.0798789984425542,0.259741282398142,2005-07-20,1.34,bmo,16699242424.0,2025-04-24,2005-06-30,-0.0149253731343283,16.1603125,26084178.984375
2005-03-31,MO,USD,764180,2005-05-06,2005-05-06 16:10:45,2005,Q1,16462000000.0,8671000000.0,7791000000.0,0.4732717774,0,3556000000.0,0.0,3556000000.0,59000000.0,3615000000.0,12286000000.0,0.0,281000000.0,407000000.0,4176000000.0,0.2536751306,4176000000.0,0.2536751306,-289000000.0,3895000000.0,0.2366055157,1291000000.0,2596000000.0,0.1576965132,1.26,1.25,2060317460,2076800000,https://www.sec.gov/Archives/edgar/data/764180/000119312505099262/0001193125-05-099262-index.htm,https://www.sec.gov/Archives/edgar/data/764180/000119312505099262/d10q.htm,7.990030817872116,1.260000000194145,-0.2344298921778782,-0.4067334361181407,2.0424036983116185,18.044306628358136,-0.9236440679389282,15.73010015650695,12.36411402347675,32903269836.2,53888269836.2,3.168650793162558,1.998740726290852,-68.12271187619048,-39.26404515059666,1.015251005467617,1.015251005467617,3.2734947051512573,12.904279175335247,-111.56991684513456,-64.30581126038186,0.0788979336377047,-0.0254685933699524,0.7773457990064488,0.2463140398904967,5.025143678160919,1.0449335367182393,14.861209964412812,-0.186055469953775,0.0456793506384708,0.5789676425269645,0.2160126351597618,0.0,0.3820883848259679,-0.7349896480331263,0.02156481593974,0.8722358722358723,0.0,21.11748894887091,0.0323491655969191,0.0410759493670886,-24.885970728025573,1031000000.0,-1903000000.0,-41127000000.0,56298000000.0,5917000000.0,3269000000.0,10082500000.0,33.24018952739643,31.885595663706606,105.0813055010956,2.7075657894736844,2.822591145833333,0.8564796523113394,0.080101206454997,0.1723035439402624,2005-04-20,1.23,bmo,15433524193.0,2025-04-24,2005-03-31,0.008130081300813,15.67918032786885,27654978.68852459
2004-12-31,MO,USD,764180,2005-03-15,2005-03-15 16:55:21,2004,Q4,16019000000.0,8712000000.0,7307000000.0,0.4561458268,0,2698000000.0,0.0,2698000000.0,1125000000.0,3823000000.0,12535000000.0,0.0,0.0,438000000.0,3922000000.0,0.2448342593,3378000000.0,0.2108745864,-291000000.0,3087000000.0,0.1927086585,1096000000.0,1947000000.0,0.1215431675,0.95,0.95,2049095890,2060317460,https://www.sec.gov/Archives/edgar/data/764180/000095012305003146/0000950123-05-003146-index.htm,https://www.sec.gov/Archives/edgar/data/764180/000095012305003146/y06457e10vk.htm,7.817594129282061,0.9501751526132826,1.018497967901346,0.6695635898230219,2.8031875072474035,17.313977434213683,-1.773465076834447,14.989049633982722,11.214702109426415,30593001637.7,47829001637.7,3.92822311732152,1.9097947211249144,14.658841225539051,22.298106149927115,0.9960604817900632,0.9960604817900632,2.9857670040389537,12.195053961677717,22.91758583502635,34.86078836567055,0.0636420062031669,0.0448468579921648,0.7481930064465716,0.226074295608374,4.394696583375828,1.098710443709171,0.0,1.0719054956343093,0.0489981342057253,0.7699024139702105,0.1684249953180598,0.0,0.3847788446403274,0.3425970292285577,0.0446344965353642,1.6324200913242009,0.0,17.901117472903643,0.026449650476236,0.0311340667775361,-24.93294737905116,2327000000.0,-3634000000.0,-40269000000.0,57744000000.0,5623000000.0,3196000000.0,9844000000.0,32.32786066545977,35.80578512396694,103.7293388429752,2.783976364268335,2.513560300057704,0.8676426650731999,0.0633912873608126,0.3489343780783241,2005-01-26,1.06,bmo,15716754716.0,2025-04-24,2004-12-31,0.0188679245283019,13.2365625,29779195.28125
2004-09-30,MO,USD,764180,2004-11-05,2004-11-05 16:47:29,2004,Q3,15977000000.0,8421000000.0,7556000000.0,0.4729298366,0,3319000000.0,0.0,3319000000.0,79000000.0,3398000000.0,11819000000.0,0.0,288000000.0,397000000.0,4534000000.0,0.283782938,4158000000.0,0.2602491081,-194000000.0,3870000000.0,0.2422231958,1295000000.0,2648000000.0,0.1657382487,1.29,1.29,2052713178,2052713178,https://www.sec.gov/Archives/edgar/data/764180/000119312504187957/0001193125-04-187957-index.htm,https://www.sec.gov/Archives/edgar/data/764180/000119312504187957/d10q.htm,7.783357251872234,1.2900000001851208,2.161529456503543,1.9262311181011964,3.248870846387678,16.44993580296487,-2.9940861031486983,14.168077796595115,11.775147282656556,23585674415.22,40799674415.22,2.226744185726964,1.476226726871127,5.315680508275862,5.965016291153263,0.8109780426785407,0.8109780426785407,2.5536505235788947,8.998604855584473,9.195328919364435,10.318582300257969,0.1122715404860853,0.1676441356049779,0.821201389127669,0.2382486732373009,3.7966475518306138,1.056756404122994,14.4375,1.6756042296072509,0.0591460721216348,0.5268126888217523,0.2077361206734681,0.0,0.3981584932764055,0.1088573360378634,0.0302309570006884,1.216624685138539,0.0,20.27876865357427,0.0339238775164522,0.0438912002121629,-24.77964313044421,1305000000.0,-6146000000.0,-42179000000.0,57050000000.0,5582000000.0,2901500000.0,9431500000.0,30.936971897102087,31.271820448877804,103.10295689348058,2.909140568099053,2.8779904306220097,0.872913859230849,0.09104975415191,0.2352983384023464,2004-10-19,1.25,bmo,22797379032.0,2025-04-24,2004-09-30,-0.008,11.74421875,23160784.15625
2004-06-30,MO,USD,764180,2004-08-06,2004-08-06 15:33:56,2004,Q2,16445000000.0,8636000000.0,7809000000.0,0.4748555792,0,3468000000.0,0.0,3468000000.0,425000000.0,3893000000.0,12529000000.0,0.0,297000000.0,388000000.0,4281000000.0,0.2603222864,3916000000.0,0.2381270903,-330000000.0,3619000000.0,0.2200668896,963000000.0,2627000000.0,0.1597446032,1.28,1.27,2052343750,2068503937,https://www.sec.gov/Archives/edgar/data/764180/000119312504134253/0001193125-04-134253-index.htm,https://www.sec.gov/Archives/edgar/data/764180/000119312504134253/d10q.htm,8.012790255043775,1.28,1.986509326227636,1.796969927674153,2.4513437381043013,15.816063951275218,-3.555934526075371,13.533307955843169,12.269387133612486,25100164062.5,44953164062.5,2.388671875,1.5263097636059593,6.156527854427275,6.805901318465293,0.9036962758775878,0.9036962758775878,2.73354600562481,10.500622299112356,11.026039750429238,12.189035808703904,0.1046606704824202,0.1469313105211899,0.895913591359136,0.2541232217808233,4.6374678813361365,1.0519141255818372,13.185185185185183,1.5519604111153409,0.0554976452158399,0.5302626570232204,0.2108847674065065,0.0,0.406021180339253,0.0954132940887907,0.0236546062633019,1.0025773195876289,0.0,19.74232177653589,0.035397201754646,0.0451661709334112,-25.12639512752189,1093000000.0,-7298000000.0,-43314000000.0,56624000000.0,5632000000.0,2828500000.0,9379500000.0,31.04165399817574,29.98263084761464,96.04446503010654,2.899330042313117,3.0017379214459505,0.9370659722222222,0.0945814581458145,0.189539398553483,2004-07-20,1.28,bmo,23443456000.0,2025-04-24,2004-06-30,-0.0234375,12.63225806451613,29605495.25806452
2004-03-31,MO,USD,764180,2004-05-10,2004-05-10 14:59:05,2004,Q1,15522000000.0,8084000000.0,7438000000.0,0.4791908259,0,3371000000.0,0.0,3371000000.0,339000000.0,3710000000.0,11794000000.0,0.0,300000000.0,384000000.0,4096000000.0,0.2638835202,3728000000.0,0.2401752352,-332000000.0,3428000000.0,0.2208478289,1186000000.0,2194000000.0,0.1413477645,1.07,1.07,2050467290,2050467290,https://www.sec.gov/Archives/edgar/data/764180/000095011704001801/0000950117-04-001801-index.htm,https://www.sec.gov/Archives/edgar/data/764180/000095011704001801/a37552.htm,7.569981767424341,1.069999999853692,0.1409434822049758,-0.0180446672719173,1.5625706470060294,15.4120966250576,-3.9391020960885457,13.089699177790834,12.530314492361397,27271214957.0,49460214957.0,3.1074766359389243,1.7569395024481382,94.36406559515572,-737.0598637027027,1.0160661310357677,1.0160661310357677,3.186458894279088,12.075247792236327,171.14261230795847,-1336.762566405405,0.0804511278085482,-0.0013567419001441,0.9460879284649776,0.265714435201172,5.417236328125,1.0794772352972428,12.426666666666666,0.1317228805834093,0.0507861495053962,0.6312670920692799,0.2171756216982347,0.0,0.4152043112017998,1.1280276816608996,0.0210024481381265,0.8489583333333334,0.0,17.752028268967575,0.0301892885602935,0.0392584904985148,-25.25936417156891,1496000000.0,-8077000000.0,-43644000000.0,57184000000.0,5424000000.0,2989000000.0,9541500000.0,32.423656745264786,30.950024740227608,106.24319643740722,2.775751072961373,2.907913669064748,0.8471130671696532,0.0817436661698956,0.1589881494768931,2004-04-20,1.13,bmo,21159250000.0,2025-04-24,2004-03-31,0.0265486725663717,13.45048387096774,24840963.596774194
2003-12-31,MO,USD,764180,2004-03-12,2004-03-12 17:07:29,2003,Q4,15431000000.0,8414000000.0,7017000000.0,0.4547339771,0,2509000000.0,0.0,2509000000.0,876000000.0,3385000000.0,11799000000.0,0.0,0.0,390000000.0,4022000000.0,0.2606441579,3632000000.0,0.2353703584,-303000000.0,3329000000.0,0.2157345603,1155000000.0,2091000000.0,0.1355064481,1.02,1.02,2032512821,2050467290,https://www.sec.gov/Archives/edgar/data/764180/000119312504040664/0001193125-04-040664-index.htm,https://www.sec.gov/Archives/edgar/data/764180/000119312504040664/d10k.htm,7.592080030475734,1.0287757983102042,0.9426754804219756,0.9357874549909174,1.8582908609362223,14.6798581990347,-4.776353634622411,12.337929552474886,12.073232575195648,27012095391.09,47774095391.09,3.2295666416893827,1.750508417541961,14.098170872176407,14.20194289752366,1.0771661439203255,1.0771661439203255,3.0959818152478773,11.878193781971657,24.93428778240605,25.1178209206572,0.0774097666147633,0.0704129010527402,0.9785460780795152,0.2551494671172342,5.162108403779214,0.99948581311644,0.0,0.9163079866092778,0.0510882247385812,0.6599713055954088,0.1625947767481044,0.0,0.4111775409409929,0.0073068893528183,0.0009072645972393,0.0358974358974358,0.0,16.899457825887616,0.0303471664575191,0.0369238919300724,-26.493805816932657,-11000000.0,-9708000000.0,-44956000000.0,55601000000.0,5208500000.0,2918500000.0,9346000000.0,30.65517464843497,34.20727359163299,102.04421202757308,2.935882800608828,2.631019387116948,0.8819706498951781,0.0833831798061969,0.0068880254310582,2004-01-28,1.06,bmo,15431000000.0,2025-04-24,2003-12-31,0.0,12.0409375,23067805.4375
2003-09-30,MO,USD,764180,2003-11-13,2003-11-13 17:06:48,2003,Q3,15302000000.0,7900000000.0,7402000000.0,0.4837276173,0,3167000000.0,0.0,3167000000.0,12000000.0,3179000000.0,11079000000.0,0.0,301000000.0,370000000.0,4223000000.0,0.2759769965,4223000000.0,0.2759769965,-301000000.0,3922000000.0,0.2563063652,1353000000.0,2490000000.0,0.162723827,1.23,1.22,2024390244,2040983607,https://www.sec.gov/Archives/edgar/data/764180/000095011703004839/0000950117-03-004839-index.htm,https://www.sec.gov/Archives/edgar/data/764180/000095011703004839/a36456.htm,7.5588192767441535,1.229999999940723,2.3453975902484148,1.821289156538733,2.987566264916262,13.660903613799476,-5.385819276848876,11.276975903070989,13.349698794537364,21660975610.8,42336975610.8,2.1747967480722887,1.415564998745262,4.562126287026116,5.874959482180635,0.9488359372202024,0.9488359372202024,2.766760920846948,10.0253316625148,8.916801939932604,11.482770710821807,0.1149532710224974,0.170213939863433,1.1706163213456569,0.2830152712176731,4.896045465309022,0.9886255514228872,14.029900332225914,1.906827309236948,0.0599234320430529,0.521285140562249,0.2069664096196575,0.0,0.4083409230508546,0.2234625105307497,0.0693373415239838,2.867567567567568,0.0,17.66607789245958,0.0358120934114033,0.0445693420204768,-25.823207830080808,-263000000.0,-10903000000.0,-43912000000.0,53672000000.0,5378500000.0,2644500000.0,9317000000.0,30.354855574434715,30.06455696202532,104.26329113924052,2.9649292772718465,2.993558165971959,0.8631993006993007,0.1090717946471593,0.5241084337096815,2003-10-16,1.21,bmo,20470642276.0,2025-04-24,2003-09-30,0.0165289256198347,10.1715625,31220076.796875
2003-06-30,MO,USD,764180,2003-08-13,2003-08-13 17:20:56,2003,Q2,15487000000.0,7991000000.0,7496000000.0,0.4840188545,0,3111000000.0,0.0,3111000000.0,194000000.0,3305000000.0,11296000000.0,0.0,263000000.0,339000000.0,4191000000.0,0.2706140634,4191000000.0,0.2706140634,-263000000.0,3928000000.0,0.2536320785,1382000000.0,2437000000.0,0.1573577839,1.2,1.2,2030833333,2030833333,https://www.sec.gov/Archives/edgar/data/764180/000095011703003580/0000950117-03-003580-index.htm,https://www.sec.gov/Archives/edgar/data/764180/000095011703003580/a35918.htm,7.625933526077297,1.2000000001969635,0.9744768159170252,0.7400902750496661,2.3793188350232777,13.229052115425368,-5.6991382857118,10.95018465505953,14.163643826698998,22542249996.3,46211249996.3,2.3124999996204347,1.4555595012784917,11.390727638352704,14.998170323552891,1.0136815359429805,1.0136815359429805,2.98387357114354,11.026306369911715,23.3508084872663,30.746007981570195,0.1081081081258525,0.0666747995540239,1.281635039122223,0.3027126348882658,5.647578143641136,0.94959203725063,15.93536121673004,0.8120640131308986,0.0575807650173806,0.5326220763233483,0.2008781558726673,0.0,0.4082759792675673,0.2405255179383527,0.0307354555433589,1.4041297935103243,0.0,17.19462083720182,0.0347578872816097,0.0437428202182653,-26.35174395180168,-1180000000.0,-11574000000.0,-45057000000.0,52881000000.0,5530500000.0,2688000000.0,9464500000.0,32.52017821398592,29.846076836440997,106.79264172193716,2.7675125089349537,3.0154716981132075,0.842754693102721,0.109587193092904,0.2343865408673593,2003-07-17,1.19,bmo,19546222222.0,2025-04-24,2003-06-30,0.0588235294117647,8.934761904761904,52089064.55555555
2003-03-31,MO,USD,764180,2003-05-15,2003-05-15 15:24:39,2003,Q1,14484000000.0,7565000000.0,6919000000.0,0.4776995305,0,3053000000.0,0.0,3053000000.0,2000000.0,3055000000.0,10620000000.0,0.0,283000000.0,341000000.0,3864000000.0,0.2667771334,3864000000.0,0.2667771334,-283000000.0,3581000000.0,0.247238332,1261000000.0,2186000000.0,0.1509251588,1.08,1.07,2024074074,2042990654,https://www.sec.gov/Archives/edgar/data/764180/000119312503005680/0001193125-03-005680-index.htm,https://www.sec.gov/Archives/edgar/data/764180/000119312503005680/d10q.htm,7.155864593125558,1.0800000000395242,1.0735773101948245,0.8645928637095917,0.6872278133828812,12.150741080042112,-6.6771271731629325,9.95467520621975,12.41160109834992,14816222221.68,38264222221.68,1.6944444443824338,1.0229371873570836,6.81832591885872,8.466412698102857,0.7353328811196586,0.7353328811196586,2.6418269968019885,9.902749022173913,17.60893797592269,21.86526984096,0.1475409836119568,0.1181137791952994,1.2327658940890367,0.2762958843159065,6.068322981366459,0.9666549136150708,13.653710247349824,0.994053064958829,0.0883491068380839,0.5988106129917657,0.2107843137254902,0.0,0.4239043381535038,0.1946617579383341,0.0292046396023198,1.2404692082111437,0.0,15.55308996694845,0.0347793135991031,0.0422081056554227,-27.218741995506637,-662000000.0,-13515000000.0,-46115000000.0,52548000000.0,5302000000.0,2907000000.0,9287000000.0,33.95816072908036,32.43093192333113,112.38995373430272,2.65032021957914,2.775128393250184,0.8007833174552768,0.1084917365626085,0.2089844464852327,2003-04-16,1.06,bmo,19067121495.0,2025-04-24,2003-03-31,0.0094339622641509,9.187540983606558,40246939.45901639
2002-12-31,MO,USD,764180,2003-03-27,2003-03-27 17:27:26,2002,Q4,14464000000.0,8041000000.0,6423000000.0,0.444068031,0,2632000000.0,0.0,2632000000.0,546000000.0,3178000000.0,11219000000.0,0.0,0.0,355000000.0,3600000000.0,0.2488938053,3245000000.0,0.2243501106,-275000000.0,2970000000.0,0.2053373894,1054000000.0,1768000000.0,0.1222345133,0.87,0.87,2024074074,2024074074,https://www.sec.gov/Archives/edgar/data/764180/000095011703001167/0000950117-03-001167-index.htm,https://www.sec.gov/Archives/edgar/data/764180/000095011703001167/a34781.htm,7.14598353182602,0.8734858188791761,0.3359560841842985,0.0098810612995381,0.2791399817119538,11.78020128130943,-6.93008234243111,9.623165599620243,11.52131747526153,20038333332.6,42793333332.600006,2.83347473594457,1.3853936208932525,29.468137253823528,1001.91666663,1.0287674983365849,1.0287674983365849,2.9586098819552,11.887037036833336,62.93137254794119,2139.66666663,0.0882308907958763,0.0009980869999533,1.1972481774309478,0.2663925062828421,6.320833333333334,0.9140027250812284,0.0,0.3846153846153846,0.0668219246468769,0.7573529411764706,0.1819690265486725,0.0,0.4326136623257939,0.9705882352941176,0.0456305309734513,1.8591549295774648,0.0,13.752389624711396,0.0297261889923378,0.035595643157704,-27.031248857347897,-1641000000.0,-14027000000.0,-46255000000.0,51076000000.0,5084500000.0,2913500000.0,9229000000.0,31.976631637168143,34.562865315259295,102.1552045765452,2.8145553609651683,2.6039507772020727,0.8810123808480333,0.0907690728000821,0.3260750228847603,2003-01-29,0.92,bmo,14306782608.0,2025-04-24,2002-12-31,0.0108695652173913,9.77140625,40535998.46875
2002-09-30,MO,USD,764180,2002-11-13,2002-11-13 16:31:22,2002,Q3,15238000000.0,7674000000.0,7564000000.0,0.4963906024,0,3005000000.0,0.0,3005000000.0,1000000.0,3006000000.0,10680000000.0,0.0,0.0,312000000.0,4870000000.0,0.3195957475,4558000000.0,0.2991206195,2374000000.0,6932000000.0,0.4549153432,2461000000.0,4359000000.0,0.2860611629,2.07,2.06,2105797101,2116019417,https://www.sec.gov/Archives/edgar/data/764180/000095011702002681/0000950117-02-002681-index.htm,https://www.sec.gov/Archives/edgar/data/764180/000095011702002681/a33686.txt,7.236214729692517,2.070000000441638,1.992594632221407,1.7480316590102476,0.2160701996331601,12.147419135420304,-5.692856160884229,10.136304200373196,9.350378529180054,19962956517.48,39197956517.48,1.144927535987612,1.310077209442184,4.75761594792183,5.423242737701711,0.935252120753338,0.935252120753338,2.5723819738469613,8.048861707901436,9.341743688627265,10.648724943624014,0.2183544304263331,0.1843915252120514,0.9224642773483251,0.2289934290864685,3.949691991786448,0.8710104352252481,0.0,0.9626061023170452,0.0619146767623188,0.2835512732278045,0.1972043575272345,0.0,0.436913415130546,0.1227359389895138,0.0337970862317889,1.6506410256410255,0.0,21.727824746925418,0.0434601434829223,0.0900303612367556,-24.461995875831533,-2534000000.0,-11988000000.0,-43294000000.0,49597000000.0,5298500000.0,2808500000.0,9209000000.0,29.708623178894868,32.12275215011728,109.43315089913996,3.0294234592445326,2.8017524644030667,0.8224198906869574,0.2042164441321152,0.2445629732111593,2002-10-17,1.26,bmo,15238000000.0,2025-04-24,2002-09-30,0.0,11.32765625,39599347.265625
2002-06-30,MO,USD,764180,2002-08-13,2002-08-13 16:17:11,2002,Q2,16520000000.0,8501000000.0,8019000000.0,0.4854116223,0,3390000000.0,0.0,3390000000.0,2000000.0,3392000000.0,11893000000.0,0.0,0.0,330000000.0,4957000000.0,0.3000605327,4627000000.0,0.2800847458,-309000000.0,4318000000.0,0.2613801453,1533000000.0,2610000000.0,0.1579903148,1.22,1.21,2135000000,2159000000,https://www.sec.gov/Archives/edgar/data/764180/000095011702001872/0000950117-02-001872-index.htm,https://www.sec.gov/Archives/edgar/data/764180/000095011702001872/a33117.txt,7.737704918032787,1.2224824355971895,2.1714285714285717,1.951288056206089,0.6463700234192038,11.58735362997658,-6.154566744730679,9.621077283372363,10.46744730679157,23442300000.0,44410300000.0,2.245431034482759,1.4190254237288136,5.056578947368422,5.62705232837254,1.1412443405871184,1.1412443405871184,2.688274818401937,8.959108331652208,9.579443485763589,10.660177628420549,0.1113371981418205,0.1777129377236875,1.0879704006620905,0.2593086803661975,4.229977809158766,0.8849510066786915,0.0,1.7762452107279694,0.053109123251558,0.4770114942528735,0.2052058111380145,0.0,0.4395182344545908,0.1013805004314063,0.0284503631961259,1.4242424242424243,0.0,16.267635193384177,0.0430317822136687,0.0540327923153362,-24.049297423887587,-2360000000.0,-13140000000.0,-43291000000.0,50909000000.0,5421000000.0,2902500000.0,8981000000.0,30.328692493946733,30.469356546288672,96.2039760028232,2.9674869768277348,2.9537873523280056,0.9355122702762187,0.1270629472761793,0.2201405152224824,2002-07-18,1.23,bmo,20932814516.0,2025-04-24,2002-06-30,0.008130081300813,13.20625,30266967.625
2002-03-31,MO,USD,764180,2002-05-13,2002-05-13 16:59:00,2002,Q1,15960000000.0,8532000000.0,7428000000.0,0.4654135338,0,3255000000.0,0.0,3255000000.0,2000000.0,3257000000.0,11789000000.0,0.0,0.0,334000000.0,4505000000.0,0.2822681704,4171000000.0,0.2613408521,-293000000.0,3878000000.0,0.2429824561,1376000000.0,2365000000.0,0.1481829574,1.1,1.09,2150000000,2169724771,https://www.sec.gov/Archives/edgar/data/764180/000095011702001185/0000950117-02-001185-index.htm,https://www.sec.gov/Archives/edgar/data/764180/000095011702001185/a32647.txt,7.423255813953489,1.1,0.5116279069767442,0.3423255813953488,0.1781395348837209,11.032558139534885,-6.402325581395349,9.154418604651164,10.828837209302325,27950000000.0,50849000000.0,2.954545454545454,1.7512531328320802,25.409090909090907,37.97554347826087,1.4200792602377807,1.4200792602377807,3.186027568922306,11.28723640399556,46.22636363636364,69.0883152173913,0.0846153846153846,0.0263327370304114,1.1829082410324154,0.2786794982284784,5.083018867924529,0.9193368315284136,0.0,0.4651162790697674,0.0446511627906976,0.5276955602536998,0.2039473684210526,0.0,0.4486857224935363,0.3309090909090909,0.0228070175438596,1.089820359281437,0.0,15.052304158005722,0.0389210039273737,0.0513471851321131,-23.742906976744187,-1445000000.0,-13765000000.0,-43355000000.0,51096000000.0,5211500000.0,3263500000.0,8899000000.0,29.74624060150376,30.87552742616034,93.6181434599156,3.0255924170616115,2.9149299624188587,0.9613521126760564,0.1201605527893506,0.1693023255813953,2002-04-17,1.13,bmo,20354868421.0,2025-04-24,2002-03-31,0.0088495575221239,12.3905,23248474.2
2001-12-31,MO,USD,764180,2002-03-19,2002-03-19 00:00:00,2001,Q4,17982000000.0,8304000000.0,9678000000.0,0.5382048715,0,5498000000.0,0.0,5498000000.0,256000000.0,5754000000.0,14058000000.0,0.0,0.0,613000000.0,4537000000.0,0.2523078634,3924000000.0,0.2182182182,-253000000.0,3671000000.0,0.204148593,1389000000.0,2164000000.0,0.1203425648,1.01,1.01,2150000000,2150000000,https://www.sec.gov/Archives/edgar/data/764180/000095012302002676/0000950123-02-002676-index.htm,https://www.sec.gov/Archives/edgar/data/764180/000095012302002676/y58476e10-k405.txt,8.363720930232558,1.0065116279069768,0.4702325581395349,0.1432558139534883,0.2106976744186046,10.992093023255814,-6.472093023255814,9.125581395348837,10.28,24080000000.0,45729000000.0,2.7818853974121995,1.3391168946724503,23.81800197823937,78.18181818181819,1.2273190621814476,1.2273190621814476,2.543043043043043,10.07912717654838,45.23145400593472,148.4707792207792,0.0898671096345515,0.0127906976744186,1.1265035677879716,0.2601214574898785,4.771655278818603,0.8364402266014622,0.0,0.4671903881700554,0.0525332225913621,0.5845656192236599,0.3057501946390835,0.0,0.4419075416627436,0.695351137487636,0.0390946502057613,1.1468189233278956,0.0,14.375763812096352,0.0359955159362188,0.045634753268663,-24.44627906976744,-3378000000.0,-13915000000.0,-44060000000.0,49307000000.0,5220000000.0,3142500000.0,8993000000.0,25.765765765765767,39.017341040462426,96.70881502890172,3.493006993006993,2.306666666666666,0.9306287123164856,0.110295616717635,0.3269767441860465,2002-01-30,0.99,bmo,17982000000.0,2025-04-24,2001-12-31,0.0,11.68140625,25834468.578125
2001-09-30,MO,USD,764180,2001-11-13,2001-11-13 00:00:00,2001,Q3,18111000000.0,8139000000.0,9972000000.0,0.5506046049,0,5513000000.0,0.0,5513000000.0,252000000.0,5765000000.0,13904000000.0,0.0,0.0,561000000.0,4768000000.0,0.2632654188,4207000000.0,0.2322897686,-276000000.0,3931000000.0,0.2170504114,1492000000.0,2328000000.0,0.1285406659,1.07,1.06,2175000000,2202000000,https://www.sec.gov/Archives/edgar/data/764180/000095011701501582/0000950117-01-501582-index.htm,https://www.sec.gov/Archives/edgar/data/764180/000095011701501582/a31590.txt,8.326896551724138,1.0703448275862069,1.4970114942528736,1.2997701149425287,0.2110344827586207,10.964137931034482,-4.267126436781609,9.140689655172414,9.074942528735631,26230500000.0,45509500000.0,2.816849226804124,1.448318701341726,8.056050368550368,9.27856384860276,1.319375282933454,1.319375282933454,2.51280989453923,9.544777684563758,13.977119164619165,16.098160594269544,0.0887516440784582,0.1077752997464783,0.9928072028569992,0.2456839144126762,4.043414429530201,0.7057009535402718,0.0,1.3986254295532643,0.0442995749223232,0.4991408934707904,0.304400640494727,0.0,0.4123526556218026,0.1317567567567567,0.0236872618850422,0.7647058823529411,0.0,14.836880487223455,0.042666399291136,0.0493105420346953,-21.854022988505747,-7253000000.0,-9281000000.0,-39100000000.0,40932000000.0,5310500000.0,2721500000.0,8893500000.0,26.297830048037103,29.69037965352009,100.21747143383708,3.42233560090703,3.031284916201117,0.8980470043032108,0.1170967255168251,0.1972413793103448,2001-10-17,1.07,bmo,20249000000.0,2025-04-24,2001-09-30,0.0,11.27135593220339,25322099.3559322
2001-06-30,MO,USD,764180,2001-08-14,2001-08-14 00:00:00,2001,Q2,18869000000.0,8599000000.0,10270000000.0,0.5442789761,0,5813000000.0,0.0,5813000000.0,253000000.0,6066000000.0,14665000000.0,0.0,0.0,575000000.0,4779000000.0,0.2532725635,4204000000.0,0.2227993004,-438000000.0,2682000000.0,0.1421378981,1431000000.0,2288000000.0,0.1212570883,1.04,1.03,2191000000,2221000000,https://www.sec.gov/Archives/edgar/data/764180/000095011701500957/0000950117-01-500957-index.htm,https://www.sec.gov/Archives/edgar/data/764180/000095011701500957/a31143.txt,8.612049292560474,1.0442720219078043,1.8571428571428568,1.642628936558649,0.1802829758101323,10.688726608854404,-4.391602008215426,8.916020082154267,9.325422181652211,27168400000.0,47205400000.0,2.968575174825175,1.4398431289416502,6.676923076923077,7.548874687413171,1.3907550550294343,1.3907550550294343,2.501743600614765,9.877673153379368,11.601228803145736,13.116254515143096,0.0842154856377261,0.1324700755289233,1.045917583823906,0.2571130154655391,4.192718141870684,0.7083403895004233,0.0,1.7784090909090908,0.0431015444413362,0.5118006993006993,0.3080714399279241,0.0,0.4157826519184064,0.1155074956991889,0.0249085802109279,0.8173913043478261,0.0,14.473834397547911,0.0318922384688651,0.0492827295050187,-21.58569146508444,-6889000000.0,-9622000000.0,-39317000000.0,41216000000.0,5238500000.0,2802500000.0,8874500000.0,25.417881180772696,28.86614722642168,91.30829166182114,3.540814411709514,3.1178390137781,0.9856717102246676,0.1171231123624264,0.2145139205842081,2001-07-18,1.03,bmo,20789000000.0,2025-04-24,2001-06-30,0.0,11.97968253968254,29383268.968253966
2001-03-31,MO,USD,764180,2001-05-11,2001-05-11 00:00:00,2001,Q1,17982000000.0,8225000000.0,9757000000.0,0.5425981537,0,6172000000.0,0.0,6172000000.0,253000000.0,6425000000.0,14650000000.0,0.0,0.0,588000000.0,3920000000.0,0.2179957736,3332000000.0,0.1852964075,-451000000.0,2881000000.0,0.1602157713,1095000000.0,1780000000.0,0.0989878768,0.81,0.8,2201000000,2229000000,https://www.sec.gov/Archives/edgar/data/764180/000095012301502272/0000950123-01-502272-index.htm,https://www.sec.gov/Archives/edgar/data/764180/000095012301502272/y48912e10-q.txt,8.169922762380736,0.8087233075874602,0.2530667878237165,0.1076783280327124,0.1935483870967742,6.737846433439346,-8.327578373466606,6.737846433439346,13.839164016356202,25509590000.0,55543590000.0,3.5828075842696627,1.418618062506951,45.79818671454219,107.63540084388184,1.7201341874578555,1.7201341874578555,3.088843843843844,14.169283163265304,99.7191921005386,234.36113924050636,0.0697776796883054,0.0092906236438923,2.053944706675657,0.3831542931897658,7.661734693877551,0.5876565928232713,0.0,0.3129213483146067,0.0459043050084301,0.6578651685393259,0.3432321210098988,0.0,0.417104832825983,0.5745062836624776,0.0177955733511289,0.54421768707483,0.0,11.072655630313688,0.032793318736414,0.0384125682470489,-25.383234893230348,-11652000000.0,-18329000000.0,-48062000000.0,36766000000.0,5083500000.0,3317000000.0,8895000000.0,25.765765765765767,31.152583586626136,98.75379939209726,3.493006993006993,2.889005971197752,0.9113573407202216,0.1200269723533378,0.1453884597910041,2001-04-17,0.94,bmo,19748905263.0,2025-04-24,2001-03-31,0.0106382978723404,11.22741935483871,37016396.17741936
2000-12-31,MO,USD,764180,2001-03-29,2001-03-29 00:00:00,2000,Q4,15506000000.0,6768000000.0,8738000000.0,0.5635237972,0,4815000000.0,0.0,4815000000.0,438000000.0,5253000000.0,12021000000.0,0.0,0.0,438000000.0,3923000000.0,0.2529988392,3485000000.0,0.224751709,-183000000.0,3302000000.0,0.2129498259,1291000000.0,2011000000.0,0.1296917322,0.92,0.92,2197530864,2197530864,https://www.sec.gov/Archives/edgar/data/764180/000095011701000619/0000950117-01-000619-index.htm,https://www.sec.gov/Archives/edgar/data/764180/000095011701000619/0000950117-01-000619-0001.txt,7.0561011242297615,0.9151179776103476,0.8778033708654205,0.6211516854490923,0.4263876404877652,6.8281179781418535,-8.229691011975703,6.8281179781418535,13.252146068606937,23623456788.0,51808456788.0,2.936779809547489,1.523504242744744,12.246478376360807,17.306561749450548,1.5743723284238589,1.5743723284238589,3.341187720108345,13.206336168238591,26.85767588802488,37.9549133978022,0.0851272537311951,0.0577815521347992,1.9408197267577472,0.3683205382776632,7.184552638287025,0.6390124555160143,0.0,0.9592242665340628,0.0501196759909174,0.5887618100447538,0.3105249580807429,0.0,0.4185058241744343,0.2923794712286158,0.0363730168966851,1.2876712328767124,0.0,11.857149914226676,0.0342005437489884,0.0437392609348152,-25.018192417979165,-9738000000.0,-18085000000.0,-46824000000.0,38655000000.0,4784000000.0,3245000000.0,8432500000.0,29.131304011350444,50.359042553191486,116.5558510638298,3.089460051803148,1.7871666226564562,0.7721620079863092,0.1340219926691103,0.2566516854163282,2001-01-31,0.88,bmo,15682204545.0,2025-04-24,2000-12-31,-0.0113636363636363,8.958095238095238,33598159.666666664
2000-09-30,MO,USD,764180,2000-11-14,2000-11-14 00:00:00,2000,Q3,15757000000.0,7002000000.0,8755000000.0,0.555626071,0,4373000000.0,0.0,4373000000.0,418000000.0,4791000000.0,11793000000.0,0.0,0.0,418000000.0,4382000000.0,0.2780986228,3964000000.0,0.2515707305,-158000000.0,3806000000.0,0.241543441,1487000000.0,2319000000.0,0.1471726852,1.04,1.03,2229807692,2251456311,https://www.sec.gov/Archives/edgar/data/764180/000100547700007784/0001005477-00-007784-index.htm,https://www.sec.gov/Archives/edgar/data/764180/000100547700007784/0001005477-00-007784-0001.txt,7.066528677128629,1.04000000014351,1.4647003020563625,1.2772401899132029,2.143234152947751,6.683087538653983,-0.6632858991859644,6.683087538653983,5.809021130598916,16032317305.48,24206317305.480003,1.7283653843768867,1.017472698196357,4.908854043319045,5.629324896587079,1.075850040630788,1.075850040630788,1.5362262680383325,5.524034072450936,7.411609707740356,8.49940916625,0.1446453407710028,0.1776411947028098,0.8692121862837203,0.2148841221652648,1.8653582838886351,1.015439614527745,0.0,1.4083656748598534,0.067800554298439,0.4687365243639499,0.2775274481182966,0.0,0.2717530151462367,0.1279853031230863,0.0265278923652979,1.0,0.0,12.505368784089606,0.0552516258945939,0.0528270080641487,-14.860586461731517,298000000.0,-1479000000.0,-25778000000.0,28931000000.0,4629500000.0,2564500000.0,8106500000.0,25.982737830805355,34.74293059125964,104.11311053984576,3.463838206199165,2.5904550499445063,0.8644444444444445,0.1556166957455375,0.1874601121431596,2000-10-17,0.99,bmo,20058000000.0,2025-04-24,2000-09-30,0.0,6.889365079365079,30690608.507936507
2000-06-30,MO,USD,764180,2000-08-10,2000-08-10 00:00:00,2000,Q2,16423000000.0,7231000000.0,9192000000.0,0.5597028558,0,5007000000.0,0.0,5007000000.0,433000000.0,5440000000.0,12671000000.0,0.0,0.0,433000000.0,4185000000.0,0.2548255495,3752000000.0,0.2284600865,-193000000.0,3559000000.0,0.216708275,1388000000.0,2171000000.0,0.1321926566,0.96,0.95,2261458333,2285263158,https://www.sec.gov/Archives/edgar/data/764180/000100547700005644/0001005477-00-005644-index.htm,https://www.sec.gov/Archives/edgar/data/764180/000100547700005644/0001005477-00-005644-0001.txt,7.262128052659549,0.9600000001415016,1.108134500393645,0.9334684478575356,1.867821280791204,6.6673790889606455,-0.7110456012102877,6.6673790889606455,5.871874712979733,14676864581.17,23731864581.17,1.6901041664175496,0.893677439028801,5.856689777003193,6.952564936603506,0.9733959796504842,0.9733959796504842,1.445038335332765,5.670696435166069,9.470017789772545,11.242001222723829,0.147919876755239,0.1438318101475401,0.8806870937790158,0.2221088549158666,2.163679808841099,1.089796621854533,0.0,1.1543067710732382,0.07522042558166,0.5085214187010594,0.3048773062168909,0.0,0.279095440404108,0.1576217079010375,0.0240516349022712,0.9122401847575058,0.0,12.000641163820267,0.0515433416423556,0.0503712296983758,-14.545923539684336,1563000000.0,-1608000000.0,-25739000000.0,30604000000.0,4665500000.0,2459500000.0,8399500000.0,25.81136211410826,30.194993776794355,100.97773475314617,3.486836518046709,2.980626545754328,0.8912855910267472,0.1439846133439448,0.1746660525361092,2000-07-18,0.95,bmo,20844000000.0,2025-04-24,2000-06-30,0.0,6.035079365079365,44603953.52380952
2000-03-31,MO,USD,764180,2000-05-12,2000-05-12 00:00:00,2000,Q1,15590000000.0,7021000000.0,8569000000.0,0.5496472097,0,4663000000.0,0.0,4663000000.0,428000000.0,5091000000.0,12112000000.0,0.0,0.0,428000000.0,3906000000.0,0.2505452213,3478000000.0,0.2230917255,-185000000.0,3293000000.0,0.2112251443,1284000000.0,2009000000.0,0.1288646568,0.87,0.87,2309195402,2309195402,https://www.sec.gov/Archives/edgar/data/764180/000100547700003944/0001005477-00-003944-index.html,https://www.sec.gov/Archives/edgar/data/764180/000100547700003944/,6.751269289076819,0.8700000001125934,1.4476903934178196,1.3156097562678242,1.8300746642487904,6.5455699361383015,-0.7773270284729243,6.5455699361383015,5.670373320793577,11915448274.32,20783448274.32,1.48275862049776,0.7643007231763951,3.5642980180436736,3.9221357058327846,0.7883194359457493,0.7883194359457493,1.3331268937985887,5.3209032960368665,6.217005167310798,6.8411613806188285,0.1686046511846111,0.2549631310596558,0.8662917631491895,0.2159051560670767,2.270353302611367,1.1179856919293538,0.0,1.6640119462419114,0.0944152476767981,0.5599800895968143,0.2991019884541372,0.0,0.2788266525961713,0.0912354172898594,0.0195638229634381,0.7126168224299065,0.0,11.319431589814458,0.0481235863317455,0.0459336488556599,-14.506026632041596,2111000000.0,-1795000000.0,-25529000000.0,31402000000.0,4467000000.0,2922000000.0,8857000000.0,26.67671584348942,31.956986184304235,111.34311351659308,3.3737286301666307,2.8162855996791016,0.8083122265714944,0.1329143235196824,0.1320806371499955,2000-04-18,0.9,bmo,20265168539.0,2025-04-24,2000-03-31,-0.0111111111111111,5.09031746031746,55099015.222222224
1999-12-31,MO,USD,764180,2000-03-02,2000-03-02 00:00:00,1999,Q4,15558000000.0,7063000000.0,8495000000.0,0.5460213395,0,4811000000.0,0.0,4811000000.0,448000000.0,5259000000.0,12322000000.0,0.0,0.0,448000000.0,3684000000.0,0.2367913614,3236000000.0,0.2079958864,-168000000.0,3068000000.0,0.1971975832,1211000000.0,1857000000.0,0.1193598149,0.8,0.8,2309195402,2309195402,https://www.sec.gov/Archives/edgar/data/764180/000091205700009516/0000912057-00-009516-index.html,https://www.sec.gov/Archives/edgar/data/764180/000091205700009516/,6.737411648457804,0.8041762071722677,0.9228322549725916,0.6638675959047315,2.2085614736556627,6.6278496773137086,-0.6816226979478457,6.6278496773137086,6.2653857648725735,12977678159.24,22345678159.24,1.7471295314001078,0.8341482298007455,6.089947517240732,8.465543482870189,0.8479371551283894,0.8479371551283894,1.4362821801799717,6.065602106199783,10.48600570588456,14.576437155407696,0.143091851810012,0.1181259067446141,0.9453119895459,0.2357081181473094,2.542888165038002,1.1597380251984235,0.0,1.1475498115239633,0.0880743062029314,0.6155088852988692,0.3092299781462913,0.0,0.2749873739430769,0.2806194274988268,0.038436817071603,1.3348214285714286,0.0,10.950985245274817,0.0429480132563357,0.0417284616421733,-14.389102789318647,2878000000.0,-1574000000.0,-25181000000.0,32028000000.0,4512000000.0,2834500000.0,8982500000.0,24.94986502121095,42.69998584171032,115.03893529661616,3.6072339438905634,2.1077290361086245,0.7823438192290652,0.1213328977458347,0.25896465906786,2000-01-26,0.78,bmo,15757461538.0,2025-04-24,1999-12-31,-0.0128205128205128,6.516875,48700800.75
1999-09-30,MO,USD,764180,1999-11-12,1999-11-12 00:00:00,1999,Q3,15492000000.0,7163000000.0,8329000000.0,0.5376323264,0,4383000000.0,0.0,4383000000.0,430000000.0,4813000000.0,11976000000.0,0.0,0.0,430000000.0,3946000000.0,0.2547121095,3516000000.0,0.2269558482,-199000000.0,3317000000.0,0.2141105086,1316000000.0,2001000000.0,0.1291634392,0.84,0.84,2386000000,2396000000,https://www.sec.gov/Archives/edgar/data/764180/000100547799005219/0001005477-99-005219-index.html,https://www.sec.gov/Archives/edgar/data/764180/000100547799005219/,6.492875104777871,0.8386420787929589,1.5896898575020957,1.410729253981559,2.462699077954736,6.661777032690695,-0.5209555741827326,6.661777032690695,6.17393126571668,19923100000.0,28778100000.0,2.489142928535732,1.2860250451846114,5.252596889006064,5.918924539512775,1.253419314249764,1.253419314249764,1.857610379550736,7.2929802331474916,7.587160558924334,8.54964349376114,0.1004361771009531,0.1689496112552765,0.926769424347279,0.2363767650834403,2.244044602128738,1.2147256283637575,0.0,1.895552223888056,0.0531041855936074,0.5287356321839081,0.2829202168861348,0.0,0.275,0.1125757975217505,0.0275626129615285,0.9930232558139536,0.0,11.21178162161998,0.0462051614177304,0.0442875481386392,-13.640926236378876,3870000000.0,-1243000000.0,-24532000000.0,33181000000.0,4788000000.0,2474000000.0,9020500000.0,27.368319132455458,29.12466843501326,112.28954348736562,3.2884737847590744,3.0901639344262297,0.8014993845809556,0.1258886442277445,0.1789606035205364,1999-10-19,0.87,bmo,16026206896.0,2025-04-24,1999-09-30,-0.0344827586206896,9.08953125,23372099.9375
1999-06-30,MO,USD,764180,1999-08-13,1999-08-13 00:00:00,1999,Q2,15567000000.0,7211000000.0,8356000000.0,0.5367765144,0,4358000000.0,0.0,4358000000.0,421000000.0,4779000000.0,11990000000.0,0.0,0.0,421000000.0,3998000000.0,0.2568253356,3577000000.0,0.2297809469,-222000000.0,3355000000.0,0.2155200103,1325000000.0,2030000000.0,0.1304040599,0.84,0.84,2406000000,2417000000,https://www.sec.gov/Archives/edgar/data/764180/000100547799003629/0001005477-99-003629-index.html,https://www.sec.gov/Archives/edgar/data/764180/000100547799003629/,6.470074812967581,0.8437240232751455,1.453865336658354,1.2871986699916875,1.832086450540316,6.625519534497091,-0.5515378221113882,6.625519534497091,5.973399833748961,23626920000.0,33590920000.0,2.90971921182266,1.517756793216419,6.754408233276158,7.628969970939619,1.482147920456684,1.482147920456684,2.157828740283934,8.401930965482741,9.602893081761009,10.846277042299,0.0859189433070412,0.1310792942965058,0.9015745561758988,0.2377384083502886,2.492246123061531,1.237128353879623,0.0,1.723152709359606,0.0451603509894645,0.5256157635467981,0.2799511787756151,0.0,0.2856433923874745,0.1146369353916523,0.0257596197083574,0.9524940617577196,0.0,11.215055726723518,0.0478568245047325,0.0470070626374898,-13.259871155444722,3924000000.0,-1327000000.0,-24040000000.0,33362000000.0,4903000000.0,2561500000.0,9357000000.0,28.12680670649451,32.82485092220219,113.62640410483982,3.199794450154162,2.741825095057034,0.7920694200351494,0.1273445831503669,0.1666666666666666,1999-07-20,0.85,bmo,15750141176.0,2025-04-24,1999-06-30,-0.0117647058823529,9.316190476190476,31327762.36507937
1999-03-31,MO,USD,764180,1999-05-14,1999-05-14 00:00:00,1999,Q1,15134000000.0,7004000000.0,8130000000.0,0.5372010044,0,4566000000.0,0.0,4566000000.0,403000000.0,4969000000.0,11973000000.0,0.0,0.0,403000000.0,3564000000.0,0.2354962336,3161000000.0,0.2088674508,-206000000.0,2955000000.0,0.1952557156,1168000000.0,1787000000.0,0.1180784987,0.74,0.73,2424000000,2439000000,https://www.sec.gov/Archives/edgar/data/764180/000094018099000539/0000940180-99-000539-index.html,https://www.sec.gov/Archives/edgar/data/764180/,6.243399339933993,0.7372112211221122,0.8056930693069307,0.6724422442244224,1.3176567656765676,6.53506600660066,-0.4946369636963696,6.53506600660066,5.6905940594059405,20846400000.0,31446400000.0,2.916396194739787,1.3774547376767543,10.674039938556067,12.78920245398773,1.315977526671296,1.315977526671296,2.077864411259416,8.82334455667789,16.1015873015873,19.292269938650307,0.0857222350141991,0.0781909586307467,0.8707783599520232,0.2346636725528223,2.974186307519641,1.2103059779597365,0.0,1.0928931169557918,0.0513278071993245,0.5987688864017907,0.3017047707149465,0.0,0.2898846585689497,0.1653865847414234,0.0213426721289811,0.8014888337468983,0.0,10.411473949153056,0.0430797100247276,0.042810598438024,-12.886241749174918,3416000000.0,-1199000000.0,-23282000000.0,32623000000.0,4816000000.0,2926000000.0,9527500000.0,29.38350733447865,32.03455168475157,123.48657909765848,3.06294272414491,2.809466506217409,0.7288241415192508,0.1128085348147212,0.1332508250825082,1999-04-20,0.79,bmo,14942430379.0,2025-04-24,1999-03-31,0.0126582278481012,10.735409836065577,37579228.32786885
1998-12-31,MO,USD,764180,1999-03-18,1999-03-18 00:00:00,1998,Q4,14499000000.0,6453000000.0,8046000000.0,0.5549348231,0,4611000000.0,0.0,4611000000.0,399000000.0,5010000000.0,11463000000.0,0.0,0.0,399000000.0,3435000000.0,0.2369128905,3036000000.0,0.2093937513,-2472000000.0,564000000.0,0.0388992344,290000000.0,274000000.0,0.018897855,0.11,0.11,2424000000,2424000000,https://www.sec.gov/Archives/edgar/data/764180/000104746999010218/0001047469-99-010218-index.html,https://www.sec.gov/Archives/edgar/data/764180/,5.981435643564357,0.113036303630363,0.7029702970297029,0.4583333333333333,1.6835808580858085,6.681930693069307,-0.5647689768976898,6.681930693069307,6.048679867986799,31681680000.0,42262680000.0,28.906642335766424,2.1850941444237533,18.59253521126761,28.51636363636364,1.9560214854602704,1.9560214854602704,2.914868611628388,12.303545851528384,24.80204225352113,38.04021602160216,0.0086485312647561,0.0350675847997959,0.9052293634623696,0.2446929238985313,3.080349344978166,1.23511813908053,0.0,6.218978102189781,0.0338050254910724,3.908759124087591,0.3180219325470722,0.0,0.2931575433911882,0.3480046948356807,0.0408993723705083,1.486215538847118,0.0,4.122410314345667,0.0323536055587603,0.0064692827123766,-12.954311056105611,3851000000.0,-1369000000.0,-23493000000.0,33752000000.0,4906500000.0,3025500000.0,9345500000.0,29.118559900682804,46.84797768479777,131.72942817294282,3.09081219356214,1.9211074724620425,0.6832186341979883,0.0169167129715379,0.2446369636963696,1999-01-27,0.72,bmo,14499000000.0,2025-04-24,1998-12-31,0.0,12.84125,24527249.71875
1998-09-30,MO,USD,764180,1998-11-16,1998-11-16 00:00:00,1998,Q3,14371000000.0,6244000000.0,8127000000.0,0.5655138821,0,4086000000.0,0.0,4086000000.0,428000000.0,4514000000.0,10758000000.0,0.0,0.0,428000000.0,4041000000.0,0.281191288,3613000000.0,0.2514090877,-311000000.0,3302000000.0,0.2297682833,1322000000.0,1980000000.0,0.1377774685,0.81,0.81,2430000000,2448000000,https://www.sec.gov/Archives/edgar/data/764180/000104746998041122/0001047469-98-041122-index.html,https://www.sec.gov/Archives/edgar/data/764180/,5.913991769547325,0.8148148148148148,1.134567901234568,0.9609053497942388,2.2732510288065844,7.092181069958848,-0.1724279835390946,7.092181069958848,6.418106995884774,27459000000.0,37531000000.0,3.4670454545454548,1.910722983786793,9.959738846572362,11.759743040685224,1.593303934083788,1.593303934083788,2.6115788741214945,9.287552585993566,13.612985128763148,16.07323340471092,0.0721075057358243,0.0850358716632069,0.9049553208773355,0.2561971252566735,2.4924523632764166,1.3508575689783744,0.0,1.3924242424242423,0.0353618121563057,0.4904040404040404,0.2843225941131445,0.0,0.2899876796714579,0.1530649256438157,0.029364692784079,0.985981308411215,0.0,11.402776837942248,0.0460102996068838,0.0458100041645458,-12.202674897119342,5646000000.0,-419000000.0,-21903000000.0,35412000000.0,5207500000.0,2598500000.0,9182500000.0,32.077099714703216,38.80204996796925,133.2703395259449,2.805739945333854,2.3194650817236258,0.6753190568894657,0.1148891725658581,0.1736625514403292,1998-10-20,0.83,bmo,19045938271.0,2025-04-24,1998-09-30,-0.0240963855421685,10.46125,27186772.90625
1998-06-30,MO,USD,764180,1998-08-14,1998-08-14 00:00:00,1998,Q2,14786000000.0,6598000000.0,8188000000.0,0.553767077,0,4420000000.0,0.0,4420000000.0,429000000.0,4849000000.0,11447000000.0,0.0,0.0,429000000.0,3787000000.0,0.2561206547,3339000000.0,0.2258217233,-437000000.0,2902000000.0,0.1962667388,1166000000.0,1736000000.0,0.1174083593,0.72,0.71,2428000000,2443000000,https://www.sec.gov/Archives/edgar/data/764180/000104746998031299/0001047469-98-031299-index.html,https://www.sec.gov/Archives/edgar/data/764180/,6.089785831960461,0.71499176276771,1.313014827018122,1.121499176276771,1.89662273476112,6.598846787479407,-0.6322075782537068,6.598846787479407,6.447281713344316,23357360000.0,34406360000.0,3.363675115207373,1.5796943054240498,7.326649937264742,8.577803892765333,1.457830483085757,1.457830483085757,2.326955227918301,9.085386849749142,10.79245922208281,12.635460888725673,0.0743234680631715,0.1165799559539263,0.977031581575334,0.2636996108687229,2.917612886189596,1.297157783444244,0.0,1.836405529953917,0.0416142920261536,0.5599078341013825,0.2989314216150412,0.0,0.2957566160739854,0.1458594730238394,0.0314486676585959,1.083916083916084,0.0,10.303287081233526,0.0436012519662296,0.0415251399320671,-12.441000823723227,4778000000.0,-1535000000.0,-22484000000.0,34190000000.0,5133500000.0,2551000000.0,9419000000.0,32.21763830650615,34.16944528645044,124.38769324037588,2.7935008501794822,2.633932135728543,0.7235442482728369,0.1083510173511421,0.1915156507413509,1998-07-21,0.82,bmo,18978000000.0,2025-04-24,1998-06-30,0.0,9.363333333333332,33906809.96825397
1998-03-31,MO,USD,764180,1998-05-15,1998-05-15 00:00:00,1998,Q1,14156000000.0,6419000000.0,7737000000.0,0.5465526985,0,3934000000.0,0.0,3934000000.0,434000000.0,4368000000.0,10787000000.0,0.0,0.0,434000000.0,3784000000.0,0.2673071489,3369000000.0,0.2379909579,-1050000000.0,2319000000.0,0.1638174626,937000000.0,1382000000.0,0.0976264481,0.57,0.57,2424561404,2424561404,https://www.sec.gov/Archives/edgar/data/764180/000104746998020473/0001047469-98-020473-index.html,https://www.sec.gov/Archives/edgar/data/764180/,5.838581764374238,0.5699999998845152,0.1942619391791654,0.0536179449963726,1.0121418232392188,6.28649782795932,-1.028639652468872,6.28649782795932,6.286085382228579,24682035092.72,37469035092.72,4.464912281606368,1.7435741094037862,52.403471534437365,189.86180840553843,1.619343596163233,1.619343596163233,2.646865999768296,9.901964876511627,79.55209149197452,288.22334686707694,0.0559921414424867,0.0052669887029835,0.9999343918120982,0.2657170752118274,3.379228329809725,1.1980542043085476,0.0,0.3408104196816208,0.0392998387838004,0.7018813314037626,0.2779033625317886,0.0,0.309215802503574,0.7239915074309978,0.0240887256287086,0.7857142857142857,0.0,8.979105446938654,0.0453164169983063,0.0348796123365806,-12.815513745594542,3135000000.0,-2494000000.0,-23152000000.0,32628000000.0,4634000000.0,2957500000.0,9379000000.0,31.62333992653292,36.412213740458014,136.26888923508335,2.845999195818255,2.4716981132075477,0.6604588949480399,0.0906705156803569,0.1406439941827928,1998-04-21,0.79,bmo,14514379746.0,2025-04-24,1998-03-31,-0.0253164556962025,10.59655737704918,24885034.606557377
1997-12-31,MO,USD,764180,1998-03-06,1998-03-06 00:00:00,1997,Q4,13740000000.0,6404000000.0,7336000000.0,0.533915575,0,3816000000.0,0.0,3816000000.0,454000000.0,4270000000.0,10674000000.0,0.0,0.0,454000000.0,3520000000.0,0.2561863173,3066000000.0,0.2231441048,-882000000.0,2184000000.0,0.1589519651,889000000.0,1295000000.0,0.0942503639,0.53,0.53,2411884058,2425000000,https://www.sec.gov/Archives/edgar/data/764180/000104746998008784/0001047469-98-008784-index.html,https://www.sec.gov/Archives/edgar/data/764180/,5.696791250983093,0.5369246484732974,1.3483235187916318,1.0589232063326652,0.9461482994718646,6.1860353322174495,-1.1895264992045484,6.1860353322174495,5.847295998006882,26651318840.9,38472318840.9,5.145042247277993,1.939688416368268,8.195362497201723,10.435128755246671,1.786281423652815,1.786281423652815,2.800023205305677,10.929636034346592,11.830356347140222,15.0635547536805,0.0485904659251852,0.0958301544192457,0.9452412868632708,0.2520778594026489,3.3582386363636365,1.1571893039612502,0.0,2.5111969111969112,0.0363584258544436,0.7482625482625482,0.2777292576419214,0.0,0.3179616422685756,0.2146371463714637,0.0508005822416302,1.5374449339207048,0.0,8.644783631726746,0.0427267566624543,0.0339378374128623,-12.855095541246785,2369000000.0,-2869000000.0,-23587000000.0,31779000000.0,4672000000.0,2811500000.0,8982000000.0,28.126637554585155,46.63023110555903,127.0315427857589,3.19981369352585,1.930078360458107,0.7084854519305233,0.0867962466487935,0.2894003124589664,1998-01-28,0.66,bmo,13740000000.0,2025-04-24,1997-12-31,0.0,10.41859375,19873795.40625
1997-09-30,MO,USD,764180,1997-11-14,1997-11-14 00:00:00,1997,Q3,13991000000.0,6322000000.0,7669000000.0,0.5481380888,0,3854000000.0,0.0,3854000000.0,391000000.0,4245000000.0,10567000000.0,0.0,0.0,391000000.0,3815000000.0,0.2726752913,3424000000.0,0.2447287542,-1061000000.0,2363000000.0,0.1688942892,957000000.0,1406000000.0,0.1004931742,0.58,0.58,2424137931,2424137931,https://www.sec.gov/Archives/edgar/data/764180/000100547797002538/0001005477-97-002538-index.html,https://www.sec.gov/Archives/edgar/data/764180/,5.771536273197319,0.5800000000082504,0.6728165007208082,0.5870128022843103,0.3213513513559225,6.039672830811375,-1.3126315789660403,6.039672830811375,6.384950213462091,24604999999.65,39303999999.65,4.374999999937767,1.7586305481845472,15.085836909656653,17.290934644869996,1.680554606901851,1.680554606901851,2.8092345078729184,10.302490170288335,24.098099325352543,27.62052002786367,0.0571428571436699,0.0578337736240699,1.0571682262140565,0.28119833584652,3.8529488859764087,1.1257405729420784,0.0,1.1600284495021338,0.0394228815287054,0.689900426742532,0.2754627975126867,0.0,0.3238013916392638,0.1275291232372777,0.0148667000214423,0.5319693094629157,0.0,8.877935032608068,0.0474995158677233,0.037775389575497,-12.941920341578122,1804000000.0,-3182000000.0,-24251000000.0,31236000000.0,5112500000.0,2366500000.0,8892500000.0,32.48516903723822,32.81398291679848,127.05631129389432,2.7704950495049503,2.7427331887201736,0.7083473389355742,0.0960316918243289,0.0858036984364979,1997-10-21,0.78,bmo,18092000000.0,2025-04-24,1997-09-30,0.0,10.6903125,23615239.734375
1997-06-30,MO,USD,764180,1997-08-14,1997-08-14 00:00:00,1997,Q2,14290000000.0,6412000000.0,7878000000.0,0.5512946116,0,4089000000.0,0.0,4089000000.0,425000000.0,4514000000.0,10926000000.0,0.0,0.0,425000000.0,3789000000.0,0.2651504549,3364000000.0,0.2354093772,-279000000.0,3085000000.0,0.2158852344,1249000000.0,1836000000.0,0.1284814556,0.76,0.76,2426000000,2426000000,https://www.sec.gov/Archives/edgar/data/764180/000100547797002037/0001005477-97-002037-index.html,https://www.sec.gov/Archives/edgar/data/764180/,5.89035449299258,0.7568013190436933,1.1384995877988455,0.9497114591920858,0.1306677658697444,5.955482275350371,-1.5206100577081616,5.955482275350371,6.379637262984336,26225060000.0,41385060000.0,3.570950435729848,1.8352036389083275,9.494952932657496,11.382404513888888,1.8151342746400887,1.8151342746400887,2.896085374387684,10.922422802850356,14.983729181752354,17.962265625,0.0700093727144952,0.0878548990926998,1.0712209302325582,0.2815433311504038,4.001055687516495,1.095972461273666,0.0,1.5043572984749456,0.0369875226214925,0.528322440087146,0.2861441567529741,0.0,0.3299316015426035,0.165821868211441,0.0320503848845346,1.0776470588235294,0.0,10.070259625965267,0.046788740937637,0.0498438984661327,-13.147464962901896,1394000000.0,-3689000000.0,-24605000000.0,31078000000.0,5192000000.0,2252500000.0,8836000000.0,32.592722183345,34.07985028072364,124.3605739238927,2.761352657004831,2.640856672158155,0.7237020316027089,0.1270764119601329,0.18878812860676,1997-07-22,0.76,bmo,18413000000.0,2025-04-24,1997-06-30,0.0,10.2878125,32053611.09375
1997-03-31,MO,USD,764180,1997-05-14,1997-05-14 00:00:00,1997,Q1,14093000000.0,6436000000.0,7657000000.0,0.5433193784,0,3961000000.0,0.0,3961000000.0,430000000.0,4391000000.0,10827000000.0,0.0,0.0,430000000.0,3696000000.0,0.2622578585,3266000000.0,0.231746257,-287000000.0,2979000000.0,0.2113815369,1206000000.0,1773000000.0,0.1258071383,0.73,0.73,2429000000,2429000000,https://www.sec.gov/Archives/edgar/data/764180/000100547797001397/0001005477-97-001397-index.html,https://www.sec.gov/Archives/edgar/data/764180/,5.801976121860848,0.7299300123507616,0.2861259777686291,0.0761630300535199,0.1321531494442157,5.688349114862083,-1.848497324001647,5.688349114862083,6.727048167970358,22565410000.0,38584410000.0,3.18181190073322,1.601178599304619,32.46821582733813,121.97518918918917,1.6331627705001084,1.6331627705001084,2.737842191158731,10.43950487012987,55.51713669064748,208.5643783783784,0.0785715836760776,0.0081983885956426,1.1826011435188537,0.2986001973612076,4.334145021645021,1.111922995854704,0.0,0.3919909757473209,0.0432520392937686,0.5504794134235759,0.2810615199034982,0.0,0.3345455209970396,0.7338129496402878,0.0361881785283474,1.186046511627907,0.0,9.665514815181924,0.0453631899374971,0.0486887271728683,-13.285817208727872,1593000000.0,-4490000000.0,-25079000000.0,31276000000.0,4837500000.0,2743000000.0,8907000000.0,33.265450933087344,29.044437538844004,123.2256059664388,2.705509694759071,3.098700048146365,0.7303676804357694,0.1283201852790041,0.2099629477151091,1997-04-16,0.73,bmo,18217000000.0,2025-04-24,1997-03-31,0.0,9.994754098360657,35291988.86885246
1996-12-31,MO,USD,764180,1997-03-11,1997-03-11 00:00:00,1996,Q4,13371000000.0,6278000000.0,7093000000.0,0.5304764042,0,3906000000.0,0.0,3906000000.0,432000000.0,4338000000.0,10616000000.0,0.0,0.0,432000000.0,3187000000.0,0.2383516566,2755000000.0,0.2060429287,-262000000.0,2493000000.0,0.1864482836,1022000000.0,1471000000.0,0.1100142099,0.61,0.61,2429000000,2429000000,https://www.sec.gov/Archives/edgar/data/764180/000091205797008419/0000912057-97-008419-index.html,https://www.sec.gov/Archives/edgar/data/764180/,5.504734458624949,0.6055990119390696,1.2811856731165088,1.0881020996294772,0.0988060930424042,5.853437628653767,-1.9678880197612183,5.853437628653767,6.274186908192672,22346800000.0,37346800000.0,3.7978925900747775,1.671288609677661,7.180848329048843,8.45508891411275,1.571725981150654,1.571725981150654,2.793119437588812,11.718481330404767,12.000899742930592,14.130457813091184,0.0658259795585945,0.1182719673510301,1.071880714587143,0.2777423411273714,4.706620646375902,1.0099734042553192,0.0,2.115567641060503,0.0438094044784935,0.6655336505778382,0.2921247475880637,0.0,0.3462302491297771,0.150706940874036,0.0350759105526886,1.085648148148148,0.0,8.930778857305395,0.0386035065840492,0.0410057703565355,-13.405722519555372,150000000.0,-4780000000.0,-25463000000.0,36244000000.0,4785500000.0,2933000000.0,8801500000.0,30.060578864707203,48.870659445683344,129.05065307422743,2.9939543215405284,1.841595775887357,0.6974005776494112,0.1034604023069348,0.1930835734870317,1997-01-29,0.6,bmo,13371000000.0,2025-04-24,1996-12-31,0.0,8.249375,30292847.46875
1996-09-30,MO,USD,764180,1996-11-14,1996-11-14 00:00:00,1996,Q3,13688000000.0,6320000000.0,7368000000.0,0.5382817066,0,3871000000.0,0.0,3871000000.0,426000000.0,4297000000.0,10617000000.0,0.0,0.0,426000000.0,3497000000.0,0.2554792519,3071000000.0,0.2243571011,-281000000.0,2790000000.0,0.2038281707,1144000000.0,1646000000.0,0.120251315,0.67,0.67,2454000000,2454000000,https://www.sec.gov/Archives/edgar/data/764180/000095010996007546/0000950109-96-007546-index.html,https://www.sec.gov/Archives/edgar/data/764180/,5.577832110839446,0.6707416462917686,0.7037489812550938,0.1980440097799511,0.187041564792176,5.8577832110839445,-1.7885085574572128,5.8577832110839445,6.735533822330888,17938740000.0,34008740000.0,2.724595990279465,1.3105450029222676,10.38722640416908,36.91098765432099,1.247912347826087,1.247912347826087,2.4845660432495618,9.725118673148414,19.69237984944991,69.97683127572016,0.0917567231589286,0.0270922038002669,1.1498434782608695,0.3020595383856289,4.5953674578209895,1.09512959270863,0.0,1.0492102065613609,0.0458226163041551,0.4993924665856622,0.282802454704851,0.0,0.3429030902213044,0.7185871453387377,0.0906633547632963,2.9131455399061035,0.0,9.402331145998389,0.0421608900545787,0.0457769001863336,-12.941218418907903,1336000000.0,-4389000000.0,-24966000000.0,31512000000.0,5136500000.0,2391000000.0,8401000000.0,33.565897136177675,34.98892405063291,122.48259493670886,2.6812928501469147,2.572242572242572,0.7347982792698523,0.1145043478260869,0.5057049714751426,1996-10-22,0.67,bmo,,2025-04-24,1996-09-30,0.0,7.814375,32782085.609375
1996-06-30,MO,USD,764180,1996-08-14,1996-08-14 00:00:00,1996,Q2,13760000000.0,6394000000.0,7366000000.0,0.5353197674,0,3940000000.0,0.0,3940000000.0,412000000.0,4352000000.0,10746000000.0,0.0,0.0,412000000.0,3426000000.0,0.2489825581,3014000000.0,0.2190406977,-266000000.0,2748000000.0,0.1997093023,1127000000.0,1621000000.0,0.1178052326,0.66,0.66,2469000000,2469000000,https://www.sec.gov/Archives/edgar/data/764180/000095012396004405/0000950123-96-004405-index.html,https://www.sec.gov/Archives/edgar/data/764180/,5.573106520858647,0.6565411097610369,0.8833535844471446,0.732685297691373,0.4718509518023491,5.760631834750911,-1.8869987849331715,5.760631834750911,6.395301741595787,21085260000.0,35710260000.0,3.2518908081431213,1.5323590116279069,9.667702888583218,11.655754560530678,1.482476270828939,1.482476270828939,2.5952223837209303,10.423309982486863,16.37334250343879,19.74033167495854,0.0768783500891144,0.085794531345594,1.1101736623778389,0.2869552575146294,4.268826619964973,1.08592082616179,0.0,1.3454657618753856,0.0393165652213916,0.5114127082048119,0.2863372093023256,0.0,0.343146876022244,0.170563961485557,0.0270348837209302,0.9029126213592232,0.0,9.22480684884636,0.0411314985481843,0.0448483842408145,-12.823612798703929,1248000000.0,-4659000000.0,-25030000000.0,31423000000.0,5138500000.0,2338500000.0,8374000000.0,33.802325581395344,32.72599311854864,115.43478260869564,2.6625386996904026,2.7501075268817203,0.7796610169491526,0.1139703297475919,0.1506682867557715,1996-07-16,0.66,bmo,,2025-04-24,1996-06-30,0.0,7.756825396825397,29618401.095238097
1996-03-31,MO,USD,764180,1996-05-15,1996-05-15 00:00:00,1996,Q1,13734000000.0,6471000000.0,7263000000.0,0.5288335518,0,3913000000.0,0.0,3913000000.0,421000000.0,4334000000.0,10805000000.0,0.0,0.0,421000000.0,3350000000.0,0.243920198,2929000000.0,0.2132663463,-277000000.0,2652000000.0,0.1930974225,1087000000.0,1565000000.0,0.1139507791,0.63,0.63,2490000000,2490000000,https://www.sec.gov/Archives/edgar/data/764180/000095012396002426/0000950123-96-002426-index.html,https://www.sec.gov/Archives/edgar/data/764180/,5.51566265060241,0.6285140562248996,0.2465863453815261,0.1196787148594377,0.2730923694779116,5.690763052208835,-2.0200803212851404,5.690763052208835,6.71285140562249,18276600000.0,34311600000.0,2.919584664536741,1.3307557885539536,29.76644951140065,61.33087248322147,1.2898094565984477,1.2898094565984477,2.4982961992136303,10.242268656716416,55.88208469055375,115.13959731543623,0.0856286180142915,0.0163050020244465,1.179604798870854,0.3052856516656926,4.786567164179105,1.08074619673711,0.0,0.392332268370607,0.0455226902159044,0.531629392971246,0.2849133537206931,0.0,0.3506721215663355,0.5146579804560261,0.0230085918159312,0.7505938242280285,0.0,8.97085853202288,0.0403997621501278,0.0440200270027002,-12.769779116465864,1173000000.0,-5030000000.0,-24882000000.0,31649000000.0,4808500000.0,2858000000.0,8204500000.0,33.479685452162514,32.71210013908206,118.87343532684284,2.688197298884322,2.751275510204082,0.7571077571077571,0.1104446012702893,0.1269076305220883,1996-04-16,0.63,bmo,,2025-04-24,1996-03-31,0.0,7.681587301587301,37632412.58730159
1995-12-31,MO,USD,764180,1996-03-28,1996-03-28 00:00:00,1995,Q4,12747000000.0,6100000000.0,6647000000.0,0.5214560289,0,3839000000.0,0.0,3839000000.0,388000000.0,4227000000.0,10327000000.0,0.0,0.0,388000000.0,2808000000.0,0.2202871264,2420000000.0,0.1898485918,-263000000.0,2157000000.0,0.1692162862,885000000.0,1272000000.0,0.0997881855,0.51,0.51,2490000000,2490000000,https://www.sec.gov/Archives/edgar/data/764180/000095014696000483/0000950146-96-000483-index.html,https://www.sec.gov/Archives/edgar/data/764180/,5.119277108433735,0.5108433734939759,0.9036144578313252,0.6759036144578313,0.4570281124497992,5.616465863453815,-2.142168674698796,5.616465863453815,6.355823293172691,18301500000.0,32989500000.0,3.5969929245283017,1.4357495881383855,8.133999999999999,10.87433155080214,1.3086521272792278,1.3086521272792278,2.588020710755472,11.748397435897436,14.662,19.601604278074863,0.0695024997950987,0.0919596754364396,1.1316410439756883,0.2941034361004255,5.230769230769231,0.9956504282655246,0.0,1.768867924528302,0.0457885965631232,0.6588050314465409,0.3011689024868597,0.0,0.3590158146103956,0.252,0.0444810543657331,1.461340206185567,0.0,8.034645188059727,0.0343166735194329,0.0368781166647338,-12.600803212851403,-65000000.0,-5334000000.0,-24947000000.0,30370000000.0,4726500000.0,2822000000.0,7737000000.0,31.828665568369026,49.63278688524591,115.9967213114754,2.827639751552795,1.8133174791914388,0.7758839989824472,0.09095459420808,0.2277108433734939,1996-01-31,0.5,bmo,,2025-04-24,1995-12-31,0.02,7.134920634920635,20152916.031746037
1995-09-30,MO,USD,764180,1995-11-14,1995-11-14 00:00:00,1995,Q3,13329000000.0,6287000000.0,7042000000.0,0.5283217046,0,3876000000.0,0.0,3876000000.0,427000000.0,4303000000.0,10590000000.0,0.0,0.0,427000000.0,3166000000.0,0.2375271963,2739000000.0,0.2054917848,-290000000.0,2449000000.0,0.1837347138,1016000000.0,1433000000.0,0.1075099407,0.57,0.57,2517000000,2517000000,https://www.sec.gov/Archives/edgar/data/764180/000095012395003363/0000950123-95-003363-index.html,https://www.sec.gov/Archives/edgar/data/764180/,5.295589988081049,0.5693285657528804,0.7099721891140246,0.5542312276519666,0.3488279698053238,5.521652761223679,-2.2216924910607867,5.521652761223679,6.621374652363925,17115600000.0,32903600000.0,2.985973482205164,1.284087328381724,9.577839955232234,12.269247311827955,1.2315153259461793,1.2315153259461793,2.4685722859929475,10.392798483891346,18.412758813654168,23.58681003584229,0.0837247890813059,0.0815045923017598,1.199165347532019,0.310411622276029,4.986734049273531,1.0470061157730053,0.0,1.2470341939986045,0.1145154128397485,1.3677599441730637,0.2907945082151699,0.0,0.3630098714844477,0.2193620593172915,0.0294095581063845,0.918032786885246,0.0,8.410218758182836,0.0381166235225522,0.0419005847953216,-12.4748708780294,661000000.0,-5592000000.0,-25069000000.0,31423000000.0,4987000000.0,2469500000.0,7567000000.0,33.38960162052667,32.63877843168443,108.96771114999206,2.6954499494438826,2.757456140350877,0.8259327377824488,0.1031083609152396,0.155740961462058,1995-10-17,0.56,bmo,,2025-04-24,1995-09-30,0.0178571428571426,6.15,22636207.84126984
1995-06-30,MO,USD,764180,1995-08-14,1995-08-14 00:00:00,1995,Q2,13763000000.0,6667000000.0,7096000000.0,0.5155852648,0,3949000000.0,0.0,3949000000.0,428000000.0,4377000000.0,11044000000.0,0.0,0.0,278000000.0,3147000000.0,0.2286565429,2719000000.0,0.1975586718,-308000000.0,2411000000.0,0.17517983,1001000000.0,1410000000.0,0.1024485941,0.56,0.56,2532000000,2532000000,https://www.sec.gov/Archives/edgar/data/764180/000095013095001592/0000950130-95-001592-index.html,https://www.sec.gov/Archives/edgar/data/764180/,5.435624012638231,0.556872037914692,0.8858609794628752,0.7460505529225908,0.075434439178515,5.481832543443918,-2.3562401263823065,5.481832543443918,5.937203791469194,15343919999.999998,30185920000.0,2.720553191489361,1.114867398096345,6.840802496656263,8.122773954473265,1.1054697406340055,1.1054697406340055,2.19326600305166,9.59196695265332,13.457833259028089,15.9798411858126,0.0918930755634805,0.1231106522974572,1.0830691642651298,0.2822409552597488,4.716237686685733,1.1216021746082507,0.0,1.5907801418439715,0.0368224026194088,0.400709219858156,0.2869287219356245,0.0,0.3726038713553499,0.1578243423985733,0.0257211363801496,1.2733812949640289,0.0,8.287658496187605,0.0378727297122188,0.0421940928270042,-12.503653238546605,1521000000.0,-5966000000.0,-25354000000.0,32754000000.0,5001000000.0,2593500000.0,7792000000.0,32.88599869214561,35.894705264736764,101.5419229038548,2.736726983495725,2.507333584054156,0.8863334219622441,0.1015850144092219,0.1398104265402843,1995-07-18,0.55,bmo,,2025-04-24,1995-06-30,0.0181818181818181,5.756031746031746,25457249.41269841
1995-03-31,MO,USD,764180,1995-05-09,1995-05-09 00:00:00,1995,Q1,13300000000.0,6401000000.0,6899000000.0,0.5187218045,0,3673000000.0,0.0,3673000000.0,578000000.0,4251000000.0,10652000000.0,0.0,0.0,578000000.0,3226000000.0,0.242556391,2648000000.0,0.1990977444,-318000000.0,2330000000.0,0.1751879699,967000000.0,1335000000.0,0.1003759398,0.52,0.52,2550000000,2550000000,https://www.sec.gov/Archives/edgar/data/764180/000095013095000911/0000950130-95-000911-index.html,https://www.sec.gov/Archives/edgar/data/764180/,5.215686274509804,0.5235294117647059,0.1596078431372549,0.0388235294117647,0.1007843137254902,5.258823529411765,-2.523921568627451,5.258823529411765,6.709803921568628,13566000000.0,30419000000.0,2.540449438202247,1.02,33.331695331695336,137.03030303030303,1.0116331096196869,1.0116331096196869,2.287142857142857,9.429324240545569,74.73955773955774,307.26262626262627,0.0984077841662981,0.007297655904467,1.2759134973900077,0.3198908145904612,5.224116553006819,1.1305321696145825,0.0,0.2986060161408657,0.0520418693793306,0.5288389513108614,0.2761654135338346,0.0,0.3710434311141025,0.7567567567567568,0.0231578947368421,0.532871972318339,0.0,7.87056845157102,0.036856055960543,0.0396837192711274,-12.572254901960784,1690000000.0,-6436000000.0,-25440000000.0,32771000000.0,4677500000.0,3158500000.0,8024500000.0,33.65187969924812,35.54444618028433,113.35416341196688,2.674441986728333,2.5320411392405062,0.793971719176383,0.0995525727069351,0.1207843137254902,1995-04-18,0.53,bmo,,2025-04-24,1995-03-31,0.0,4.983015873015873,26964004.095238097
1994-12-31,MO,USD,764180,1995-03-10,1995-03-10 00:00:00,1994,Q4,13844000000.0,6495000000.0,7349000000.0,0.5308436868,0,4098000000.0,0.0,4098000000.0,1083000000.0,5181000000.0,11676000000.0,0.0,0.0,1083000000.0,3251000000.0,0.2348309737,2168000000.0,0.1566021381,-292000000.0,1876000000.0,0.1355099682,784000000.0,1092000000.0,0.0788789367,0.43,0.43,2550000000,2550000000,https://www.sec.gov/Archives/edgar/data/764180/000095013095000460/0000950130-95-000460-index.html,https://www.sec.gov/Archives/edgar/data/764180/,5.429019607843137,0.428235294117647,0.9925490196078433,0.7678431372549019,0.072156862745098,5.014117647058823,-2.728627450980392,5.014117647058823,6.459607843137255,11934000000.0,28222000000.0,2.732142857142857,0.8620340941924299,4.7151323587514815,6.094994892747701,0.933364617550446,0.933364617550446,2.0385726668592894,8.681021224238696,11.150533386013434,14.413687436159346,0.0915032679738562,0.1640690464219876,1.2882840606913812,0.3128644418697411,5.010150722854506,1.0249834180853417,0.0,2.317765567765568,0.0597452656276185,0.6529304029304029,0.2960127130887027,0.0,0.3750118710706756,0.2263927301461872,0.041389771742271,0.5290858725761773,0.0,6.950719262773903,0.031100627184211,0.0331864458289013,-12.705490196078433,339000000.0,-6958000000.0,-25955000000.0,31254000000.0,4617000000.0,3254000000.0,7847500000.0,28.487431378214392,52.50346420323325,110.6743648960739,3.159287996348699,1.714172604908947,0.8131964442218605,0.0854059127170342,0.2247058823529411,1995-01-25,0.42,bmo,,2025-04-24,1994-12-31,0.0,4.887936507936508,26652630.34920635
1994-09-30,MO,USD,764180,1994-11-14,1994-11-14 00:00:00,1994,Q3,13673000000.0,6804000000.0,6869000000.0,0.5023769473,0,3975000000.0,0.0,3975000000.0,437000000.0,4412000000.0,11216000000.0,0.0,0.0,427000000.0,2894000000.0,0.2116580121,2457000000.0,0.1796972135,-310000000.0,2147000000.0,0.1570247934,917000000.0,1230000000.0,0.089958312,0.47,0.47,2595000000,2595000000,https://www.sec.gov/Archives/edgar/data/764180/000095013094001626/0000950130-94-001626-index.html,https://www.sec.gov/Archives/edgar/data/764180/,5.26897880539499,0.4739884393063583,0.8204238921001927,0.641233140655106,0.1364161849710982,4.986127167630058,-2.685934489402697,4.986127167630058,6.674373795761079,12923100000.000002,29889100000.0,2.626646341463415,0.9451546844145398,6.07003287928605,7.766286057692309,0.9987711569673082,0.9987711569673082,2.185994295326556,10.327954388389772,14.039032409581964,17.96219951923077,0.0951784014671402,0.1287616748303425,1.3385887626555375,0.3275216519798797,5.86247408431237,1.013811761355546,0.0,1.7308943089430897,0.0463511077063552,0.4869918699186992,0.2907189351276237,0.0,0.3764797095419991,0.2184124001878816,0.034008630147005,1.088992974238876,0.0,7.292170408957823,0.0346707220986592,0.0373032481120917,-12.36840077071291,194000000.0,-6970000000.0,-25703000000.0,30968000000.0,4890500000.0,2680000000.0,7538500000.0,31.9373948657939,35.96560846560847,101.95767195767196,2.818013190436933,2.502390584773814,0.8827192527244422,0.0950614421516345,0.1791907514450867,1994-10-18,0.47,bmo,,2025-04-24,1994-09-30,0.0,4.61359375,25203389.0625
1994-06-30,MO,USD,764180,1994-08-15,1994-08-15 00:00:00,1994,Q2,13532000000.0,6789000000.0,6743000000.0,0.4983003252,0,3873000000.0,0.0,3873000000.0,408000000.0,4281000000.0,11070000000.0,0.0,0.0,418000000.0,2880000000.0,0.2128288501,2462000000.0,0.1819391073,-312000000.0,2150000000.0,0.1588826485,918000000.0,1232000000.0,0.0910434526,0.47,0.47,2610000000,2610000000,https://www.sec.gov/Archives/edgar/data/764180/000095013094001222/0000950130-94-001222-index.html,https://www.sec.gov/Archives/edgar/data/764180/,5.184674329501916,0.4720306513409961,0.5383141762452107,0.3862068965517241,0.0977011494252873,4.824521072796935,-2.810344827586207,4.824521072796935,6.789655172413793,10935900000.000002,28401900000.0,2.219135551948052,0.8081510493644696,7.783558718861211,10.849107142857145,0.8684799872935198,0.8684799872935198,2.0988693467336685,9.861770833333331,20.21487544483986,28.176488095238096,0.1126564800336506,0.0921734836638959,1.4073221092757306,0.3398668993690186,6.064583333333333,1.0255218706203435,0.0,1.140422077922078,0.0553223785879534,0.4910714285714285,0.2862104640851315,0.0,0.3821752555570472,0.2825622775800712,0.0293378657995861,0.9497607655502392,0.0,7.158193979560467,0.0347355227333239,0.0382442416340721,-12.227107279693486,346000000.0,-7335000000.0,-25646000000.0,30984000000.0,4849000000.0,2577500000.0,7415500000.0,32.78229382205144,35.01104728236854,97.688908528502,2.745384459322378,2.57061719045816,0.9212918984936898,0.0978398983481575,0.1521072796934865,1994-07-12,0.46,bmo,,2025-04-24,1994-06-30,0.0217391304347825,4.162741935483871,34512143.59677419
1994-03-31,MO,USD,764180,1994-05-16,1994-05-16 00:00:00,1994,Q1,12727000000.0,6541000000.0,6186000000.0,0.4860532726,0,3426000000.0,0.0,3426000000.0,398000000.0,3824000000.0,10365000000.0,0.0,0.0,398000000.0,2760000000.0,0.2168617899,2362000000.0,0.1855896912,-319000000.0,2043000000.0,0.1605248684,872000000.0,1171000000.0,0.0920091145,0.45,0.45,2631000000,2631000000,https://www.sec.gov/Archives/edgar/data/764180/000095013094000785/0000950130-94-000785-index.html,https://www.sec.gov/Archives/edgar/data/764180/,4.837324211326492,0.4450779171417712,0.3321930824781452,0.2215887495248955,0.0794374762447738,4.5667046750285065,-2.973394146712277,4.5667046750285065,6.706955530216647,10839720000.0,28276720000.0,2.314201537147737,0.8517105366543569,12.402425629290615,18.593001715265867,0.9021822721598002,0.9021822721598002,2.2217898954977606,10.2451884057971,32.35322654462242,48.50209262435678,0.1080286206654784,0.0537836770691493,1.4686641697877654,0.3424745269286754,6.3177536231884055,0.995600115406809,0.0,0.7463706233988044,0.0525843840984822,0.4867634500426985,0.2691914826746287,0.0,0.3850169820475497,0.3329519450800915,0.0228647756737644,0.7311557788944724,0.0,6.762554000647516,0.0341027070605474,0.0369552182282955,-12.160110224249337,-61000000.0,-7823000000.0,-25707000000.0,30268000000.0,4375500000.0,2825500000.0,7410000000.0,33.72436552211833,34.59104112521021,102.67237425470113,2.6686936464667643,2.601829753381066,0.8765746448673278,0.0974615064502704,0.1106043329532497,1994-04-19,0.42,bmo,,2025-04-24,1994-03-31,0.0714285714285715,4.626984126984127,26331040.936507937
1993-12-31,MO,USD,764180,1994-03-16,1994-03-16 00:00:00,1993,Q4,4434000000.0,6182000000.0,-1748000000.0,-0.3942264321,0,0.0,0.0,4777000000.0,-7460000000.0,-2683000000.0,3499000000.0,0.0,0.0,422000000.0,1357000000.0,0.3060442039,935000000.0,0.2108705458,-323000000.0,612000000.0,0.1380243572,286000000.0,-151000000.0,-0.0340550293,-0.0575,-0.0575,2624324324,2624324324,https://www.sec.gov/Archives/edgar/data/764180/000095013094000396/0000950130-94-000396-index.html,https://www.sec.gov/Archives/edgar/data/764180/,1.6895777551006688,-0.0575386199865135,0.8893717817782951,0.5079402678279638,0.0693511843546057,4.430473738961542,-3.093748713049691,4.430473738961542,6.9183522150671495,11888189187.72,29862189187.72,-19.68243243,2.6811432538836266,5.093482942467867,8.918371483660916,1.0224640223376624,1.0224640223376624,6.734819392810104,22.006034773559325,12.794425530299916,22.40224245140285,-0.0127016821162281,0.1121280944432591,1.561537799948396,0.3545747485597109,13.245394252026529,0.885264030964888,0.0,7.159509202453988,0.0477785128610436,-3.76158940397351,0.0,0.0,0.3856264036715164,0.4288774635818337,0.2257555254848895,2.3720379146919437,0.0,,0.0125543344312249,-0.0047998982803013,-12.471972195156166,-1660000000.0,-8119000000.0,-26770000000.0,28549000000.0,4329000000.0,2843000000.0,7633500000.0,80.8254397834912,45.669686185700414,107.12067292138464,1.1135107985936714,1.9706726171501432,0.8401739603153031,-0.0129870129870129,0.3814315139503313,1994-01-26,0.31,bmo,,2025-04-24,1993-12-31,-0.032258064516129,4.38859375,30586652.5
1993-09-30,MO,USD,764180,1993-09-30,1993-09-29 20:00:00,1993,Q3,15209000000.0,6282000000.0,8927000000.0,0.5869550924,0,0.0,0.0,3865000000.0,3001000000.0,6866000000.0,13148000000.0,0.0,0.0,376000000.0,2437000000.0,0.1602340719,2061000000.0,0.135511868,-343000000.0,1718000000.0,0.1129594319,747000000.0,971000000.0,0.0638437767,0.37,0.37,2624324324,2624324324,,,5.795396499171419,0.370000000045726,0.7102780639394782,0.5216580845134902,0.1352729145378298,4.801616890397728,-2.711555098172386,4.801616890397728,7.456395469510574,9814972971.76,29027972971.76,2.5270270267147272,0.6453397969465449,5.265543439785408,7.169447021008035,0.7789042910689629,0.7789042910689629,1.9086049688842133,11.911355343356586,15.572946873261804,21.20377864993426,0.0989304812956486,0.1394807712602915,1.5528926275692403,0.3747582112419803,7.883873615100533,1.053632300583289,0.0,1.9196704428424305,0.0582783061803409,0.5890834191555098,0.0,0.0,0.3776117973762329,0.2655579399141631,0.0325465185087777,1.3164893617021276,0.0,6.322456849793532,0.0279356536224689,0.029878761769955,-12.11645211272294,708000000.0,-7116000000.0,-25705000000.0,31562000000.0,4673000000.0,2520000000.0,7933500000.0,27.67045828128082,36.51862464183381,113.30945558739256,3.2525662959794697,2.464495880737544,0.7942849917815147,0.0770573763986985,0.188619979425988,1993-10-19,0.39,bmo,,2025-04-24,1993-09-30,-0.0256410256410256,3.88984375,26085632.4375
1993-06-30,MO,USD,764180,1993-06-30,1993-06-29 20:00:00,1993,Q2,15789000000.0,6455000000.0,9334000000.0,0.5911710685,0,0.0,0.0,4150000000.0,3057000000.0,7207000000.0,13662000000.0,0.0,0.0,424000000.0,2551000000.0,0.1615681804,2127000000.0,0.1347140414,-343000000.0,1784000000.0,0.1129900564,731000000.0,1053000000.0,0.0666920008,0.4,0.4,2632500000,2632500000,,,5.997720797720798,0.4,0.6218423551756885,-0.482051282051282,0.1086419753086419,4.637416904083571,-2.8858499525166192,4.637416904083571,7.457549857549857,10398375000.0,29744375000.0,2.46875,0.6585835075052252,6.352092241905925,-8.194148936170214,0.8517672837483617,0.8517672837483617,1.8838669326746469,11.659888279106234,18.17005192425168,-23.43922379826635,0.1012658227848101,-0.1220382992534891,1.6081258191349934,0.3752580472513189,7.583692669541357,1.0986732342893462,0.0,1.5546058879392213,0.0548162573479029,0.5413105413105413,0.0,0.0,0.3785648749904426,1.775198533903482,0.1840521882323136,6.85377358490566,0.0,6.460398759887205,0.0299752786670619,0.0323890375565193,-12.285090218423552,1242000000.0,-7597000000.0,-26279000000.0,32206000000.0,4623500000.0,2368000000.0,7988500000.0,26.619798593957817,34.73121611154144,110.95584817970564,3.380942184154176,2.591328783621036,0.8111334506157326,0.0862549148099606,1.1038936372269703,1993-07-20,0.39,bmo,,2025-04-24,1993-06-30,0.0256410256410256,4.017460317460317,46767824.0952381
1993-03-31,MO,USD,764180,1993-03-31,1993-03-30 19:00:00,1993,Q1,15189000000.0,6233000000.0,8956000000.0,0.5896372375,0,0.0,0.0,3471000000.0,3021000000.0,6492000000.0,12725000000.0,0.0,0.0,397000000.0,2861000000.0,0.1883599974,2464000000.0,0.1622226611,-382000000.0,2082000000.0,0.1370728817,864000000.0,1218000000.0,0.0801896109,0.46,0.46,2647826087,2647826087,,,5.736403940792505,0.4599999999924466,0.4275205254445399,0.2949589490920368,0.6193760262624076,4.49991789811987,-2.5621018061976666,4.49991789811987,7.549967159153531,13795173913.27,32146173913.27,2.8315217391769294,0.9082345061077096,12.186549393348056,17.663474920960308,1.1577989016592531,1.1577989016592531,2.1164114762834947,11.23599228006641,28.397680135397525,41.160273896632525,0.088291746639625,0.0566140017451126,1.677801091061687,0.3890813546126898,6.41419084236281,0.9859512195121952,0.0,0.929392446633826,0.0421161779947636,0.4770114942528735,0.0,0.0,0.3639353834176722,0.3100706713780918,0.0231088287576535,0.8841309823677582,0.0,6.82452564247332,0.0352533812106622,0.0372693614026498,-11.47460180605132,-216000000.0,-6784000000.0,-24306000000.0,29225000000.0,4362000000.0,2323000000.0,7902000000.0,27.120284416353943,32.416171987806834,115.78854484197016,3.318549268079528,2.776391982182628,0.7772789624641476,0.1022240872849349,0.1325615763525031,1993-04-20,0.46,bmo,,2025-04-24,1993-03-31,0.0,5.638387096774193,37614794.22580645
1992-12-31,MO,USD,764180,1992-12-31,1992-12-30 19:00:00,1992,Q4,14920000000.0,6261000000.0,8659000000.0,0.5803619303,0,0.0,0.0,3592000000.0,2648000000.0,6240000000.0,12501000000.0,0.0,0.0,377000000.0,2796000000.0,0.1873994638,2419000000.0,0.1621313673,-323000000.0,2096000000.0,0.1404825737,900000000.0,1196000000.0,0.0801608579,0.44,0.44,2658594690,2689583333,,,5.611987436866505,0.4498617275128914,0.8297616813490288,0.631536655931559,0.3840374780858379,4.725428831726132,-2.241785866201365,4.725428831726132,6.561737321456849,16695974653.2,33119974653.2,3.4899612569398,1.119033153699732,7.568438192747053,9.943999197855868,1.3289799134920004,1.3289799134920004,2.219837443243968,11.845484496852649,15.013587784768813,19.72601230089339,0.071634033043454,0.1005631617725412,1.3886014486985592,0.3488023353461031,5.874105865522175,1.0484807358817765,0.0,1.8444816053511703,0.0349185963748609,0.4874581939799331,0.0,0.0,0.3703563002359339,0.2388939256572982,0.0353217158176943,1.3978779840848807,0.0,6.915942849191981,0.034844804783995,0.0379791051411514,-11.068723679727205,643000000.0,-5960000000.0,-23545000000.0,29696000000.0,4562000000.0,2332000000.0,7938000000.0,25.01541554959785,34.51365596550072,111.90704360325826,3.597781528816012,2.6076634735526865,0.8042389210019267,0.0952001910371726,0.1982250254174697,1992-12-30,,bmo,,2025-04-24,1992-12-31,,6.441875,29889976.78125
1992-09-30,MO,USD,764180,1992-09-30,1992-09-29 20:00:00,1992,Q3,15005000000.0,6174000000.0,8831000000.0,0.5885371543,0,0.0,0.0,3496000000.0,2733000000.0,6229000000.0,12403000000.0,0.0,0.0,391000000.0,2993000000.0,0.1994668444,2602000000.0,0.1734088637,-355000000.0,2247000000.0,0.1497500833,956000000.0,1291000000.0,0.0860379873,0.48,0.48,2689583333,2689583333,,,5.578931061884298,0.4800000000594888,0.5610534470098905,0.5242447715599374,0.1539271882452582,4.898900078066479,-2.085081332558957,4.898900078066479,6.791014718115076,18558124997.7,36409124997.7,3.5937499995546087,1.2367960678240586,12.298293570377734,13.16179077851064,1.408479432126594,1.408479432126594,2.426466177787404,12.164759437921816,24.127982105831677,25.8220744664539,0.0695652173999259,0.0759775031246286,1.3862325440194292,0.3590736626889732,5.964249916471768,1.0055229306487696,0.0,1.168861347792409,0.025810797160778,0.3710302091402014,0.0,0.0,0.3692767413057581,0.0656063618290258,0.0065978007330889,0.2531969309462916,0.0,7.273796866126737,0.0373162363801172,0.0402393791104323,-10.967776918477805,79000000.0,-5608000000.0,-23308000000.0,29326000000.0,4903000000.0,2148500000.0,7795500000.0,29.85204931689437,32.988338192419825,117.94460641399417,3.01486839461523,2.7282368537339816,0.7630700778642937,0.0979811778992106,0.036808675449953,1993-01-27,0.44,bmo,,2025-04-24,1992-09-30,0.0227272727272727,6.6078125,18980554.265625
1992-06-30,MO,USD,764180,1992-06-30,1992-06-29 20:00:00,1992,Q2,15155000000.0,6166000000.0,8989000000.0,0.5931375784,0,0.0,0.0,3640000000.0,2607000000.0,6247000000.0,12413000000.0,0.0,0.0,381000000.0,3129000000.0,0.2064665127,2742000000.0,0.180930386,-389000000.0,2353000000.0,0.1552622897,1000000000.0,1353000000.0,0.0892774662,0.49,0.49,2761224490,2761224490,,,5.488507021028196,0.4899999999637842,0.9521138210678408,0.7203325941817936,0.2444567627313779,4.593614190347848,-2.0751662969641416,4.593614190347848,6.396799703887893,16539734695.1,33527734695.1,3.056122449205469,1.0913714744374794,6.291264623469,8.315603164957265,1.3039841292257963,1.3039841292257963,2.212321655895744,10.715159698018535,12.753037160555344,16.85657852946204,0.0818030050023012,0.1202558587949571,1.392541784925891,0.3596912800879729,5.429210610418664,1.0359326077232742,0.0,1.943089430894309,0.0290814821922445,0.3555062823355506,0.0,0.0,0.3749847269172809,0.2434385697984024,0.0422302870339821,1.6797900262467191,0.0,7.116501699911403,0.0408001017757394,0.0440831487032451,-10.276328528434862,482000000.0,-5730000000.0,-22526000000.0,29049000000.0,4721000000.0,2067500000.0,7622000000.0,28.67766413724843,29.68861498540383,109.47129419396693,3.1383309173741973,3.031465093411996,0.8221333333333334,0.1066698202459791,0.2317812268860472,1992-06-29,,bmo,,2025-04-24,1992-06-30,,6.1906349206349205,21983071.126984127
1992-03-31,MO,USD,764180,1992-03-31,1992-03-30 19:00:00,1992,Q1,14051000000.0,5939000000.0,8112000000.0,0.5773254573,0,0.0,0.0,3226000000.0,2590000000.0,5816000000.0,11755000000.0,0.0,0.0,393000000.0,2689000000.0,0.1913742794,2296000000.0,0.1634047399,-384000000.0,1912000000.0,0.1360757241,813000000.0,1099000000.0,0.0782150737,0.4,0.4,2747500000,2747500000,,,5.11410373066424,0.4,0.1958143767060964,0.0840764331210191,0.0393084622383985,4.547770700636943,-2.111010009099181,4.547770700636943,6.390536851683349,16952075000.0,34402075000.0,3.85625,1.2064675112091665,31.50943308550186,73.38560606060607,1.3567086834733892,1.3567086834733892,2.4483720019927406,12.793631461509856,63.94437732342008,148.9267316017316,0.0648298217179902,0.0136266504248005,1.405202080832333,0.3667697192513369,6.489401264410562,1.0973132372214942,0.0,0.4895359417652411,0.0286100669092131,0.4413102820746132,0.0,0.0,0.3821649398395721,0.570631970260223,0.0218489787203757,0.7811704834605598,0.0,6.39765084274943,0.0345593962676294,0.0371572505663184,-10.168243858052776,1188000000.0,-5800000000.0,-21981000000.0,29455000000.0,4367000000.0,2460500000.0,7594500000.0,29.547363176998083,31.838693382724365,117.35308974574843,3.0459570778235423,2.826749167063303,0.7669163223140496,0.0879551820728291,0.1117379435850773,1992-03-30,,bmo,,2025-04-24,1992-03-31,,6.255555555555556,20485849.063492063
1991-12-31,MO,USD,764180,1991-12-31,1991-12-30 19:00:00,1991,Q4,13696000000.0,5901000000.0,7795000000.0,0.5691442757,0,0.0,0.0,3833000000.0,2270000000.0,6103000000.0,12004000000.0,0.0,0.0,363000000.0,2055000000.0,0.1500438084,1692000000.0,0.1235397196,-414000000.0,1278000000.0,0.0933119159,577000000.0,701000000.0,0.0511828271,0.25,0.25,2758536585,2758536585,,,4.964951371127094,0.2541202476022264,0.7928116711926806,0.5488417330524547,0.0456763925790021,4.535738285305359,-2.21566755113382,4.535738285305359,6.12643678242172,18013243900.05,34787243900.05,6.424124072771041,1.3152193268143983,8.236508413374485,11.897783289332892,1.439677421679188,1.439677421679188,2.539956476347109,16.928099221435524,15.906375811636948,22.977043527113608,0.0389158112713976,0.0840492699927189,1.350703324808184,0.3566604761100793,8.162530413625305,0.996203132415757,0.0,3.119828815977176,0.026813604627796,0.6890156918687589,0.0,0.0,0.3930440655073443,0.3077274805669867,0.0491384345794392,1.8539944903581267,0.0,5.09254514586917,0.024795867029369,0.0243741307371349,-10.12593059373907,-48000000.0,-6112000000.0,-22278000000.0,28522000000.0,4262000000.0,2333500000.0,7347000000.0,27.080169392523363,43.00965937976614,113.54855109303509,3.3234651783547684,2.092553191489362,0.792612491605104,0.0560262148337595,0.2439699381402259,1991-12-30,,bmo,,2025-04-24,1991-12-31,,5.76625,21924777.234375
1991-09-30,MO,USD,764180,1991-09-30,1991-09-29 20:00:00,1991,Q3,13770000000.0,5899000000.0,7871000000.0,0.5716049383,0,0.0,0.0,3130000000.0,2357000000.0,5487000000.0,11386000000.0,0.0,0.0,377000000.0,2762000000.0,0.2005809731,2384000000.0,0.1731299927,-388000000.0,1996000000.0,0.1449527959,865000000.0,1131000000.0,0.0821350763,0.41,0.41,2758536585,2758536585,,,4.991777188990952,0.4100000000543766,0.5194783378230962,0.3762864721984464,0.0464014146834307,4.758682582417155,-1.857144120493874,4.758682582417155,6.340318303228159,16192609753.95,33554609753.95,3.579268292208223,1.1759338964379085,11.299797455652476,15.59981671864162,1.2335346807305554,1.2335346807305554,2.436790831804648,12.148663922501813,23.415638348883466,32.32621363578998,0.0698466780331135,0.0641033172399397,1.332368401005561,0.3756120608195172,6.286024619840696,1.0656872678149274,0.0,1.2670203359858532,0.0245791139320771,0.3519009725906277,0.0,0.0,0.3919336826733098,0.2756454989532449,0.0286855482933914,1.0477453580901857,0.0,6.6256204863107255,0.036338669699651,0.0399449035812672,-9.563857207280794,778000000.0,-5123000000.0,-20815000000.0,28693000000.0,4365000000.0,2010000000.0,7050000000.0,28.77777777777778,28.179352432615698,110.5967113070012,3.1274131274131274,3.1938278289117488,0.8137674161953373,0.0861582996876666,0.1431918656246496,1991-09-29,,bmo,,2025-04-24,1991-09-30,,5.72140625,20033878.65625
1991-06-30,MO,USD,764180,1991-06-30,1991-06-29 20:00:00,1991,Q2,14770000000.0,6166000000.0,8604000000.0,0.5825321598,0,0.0,0.0,3521000000.0,2617000000.0,6138000000.0,12304000000.0,0.0,0.0,376000000.0,2844000000.0,0.1925524712,2466000000.0,0.1669600542,-419000000.0,2047000000.0,0.13859174,894000000.0,1153000000.0,0.0780636425,0.41,0.41,2812195122,2812195122,,,5.25212489149606,0.4099999999928881,0.7663052905331084,0.6258456201105664,0.0412489158709237,4.426435385872916,-2.0279531656196363,4.426435385872916,6.175602775261481,14904634146.6,32155634146.6,3.231707317129228,1.009115378916723,6.916303548306264,8.46854212875,1.1973517148618251,1.1973517148618251,2.1770910051861883,11.306481767440223,14.921407956658932,18.270246674204543,0.0773584905646958,0.1180840792661446,1.395163881748072,0.3830561559839428,6.065752461322082,1.0766710934041612,0.0,1.869037294015612,0.026703104288594,0.3451864700780572,0.0,0.0,0.4003484935374299,0.1832946635730858,0.0267433987813134,1.050531914893617,0.0,6.390138217125615,0.0382193910188145,0.0424099753558686,-9.282161751790422,866000000.0,-5703000000.0,-20729000000.0,28397000000.0,4382000000.0,2108500000.0,7155500000.0,26.366283006093436,31.71748297113201,99.998378203049,3.413450427547955,2.8375517717441325,0.9000145964092833,0.0926253213367609,0.1404596704225419,1991-06-29,,bmo,,2025-04-24,1991-06-30,,5.47171875,23863224.015625
1991-03-31,MO,USD,764180,1991-03-31,1991-03-30 19:00:00,1991,Q1,14222000000.0,6146000000.0,8076000000.0,0.5678526227,0,0.0,0.0,3346000000.0,2650000000.0,5996000000.0,12142000000.0,0.0,0.0,381000000.0,2461000000.0,0.1730417663,2080000000.0,0.1462522852,-430000000.0,1650000000.0,0.1160174378,708000000.0,942000000.0,0.0662354099,0.34,0.34,2770588235,2770588235,,,5.133205945343228,0.3400000000360934,0.1746921443922178,0.0804883227261664,0.0415074310022831,4.3633333337965325,-2.346433121268199,4.3633333337965325,6.771847134476841,15044294116.05,33691294116.05,3.992647058399682,1.057818458448179,31.083252305888426,67.46320231412555,1.2444614207999003,1.2444614207999003,2.368956132474336,13.6900829402885,69.61011181002065,151.08203639484304,0.0626151012957814,0.0148228955296807,1.5519894118620234,0.4031890660592255,7.57700121901666,1.0532418748979258,0.0,0.5138004246284501,0.0265216830329265,0.4235668789808917,0.0,0.0,0.3994928439420638,0.5392561983471075,0.0183518492476444,0.6850393700787402,0.0,5.777499459721908,0.0318635534262882,0.0337102776982536,-9.843487262191452,652000000.0,-6501000000.0,-21547000000.0,28647000000.0,4269000000.0,2253000000.0,7306500000.0,28.07832934889608,29.93166287015945,109.24178327367392,3.2053189091728647,3.006849315068493,0.8238605898123325,0.0779220779220779,0.0942038216660513,1991-03-30,,bmo,,2025-04-24,1991-03-31,,4.898524590163935,31195499.49180328
1990-12-31,MO,USD,764180,1990-12-31,1990-12-30 19:00:00,1990,Q4,14223000000.0,6554000000.0,7669000000.0,0.5391970752,0,0.0,0.0,3283000000.0,2320000000.0,5603000000.0,12157000000.0,0.0,0.0,417000000.0,2483000000.0,0.1745763904,2066000000.0,0.1452576812,-443000000.0,1623000000.0,0.1141109471,743000000.0,880000000.0,0.0618716164,0.32,0.32,2750000000,2755882353,,,5.172,0.32,0.8290909090909091,0.6170909090909091,0.053090909090909,4.344363636363636,-2.578181818181818,4.344363636363636,6.815272727272728,11577500000.0,30173500000.0,3.2890625,0.8139984532095901,5.077850877192982,6.822333529758398,0.9690717334895792,0.9690717334895792,2.121458201504605,12.1520338300443,13.233991228070176,17.78049499116087,0.0760095011876484,0.1465774130857266,1.5687620323093665,0.4024565698211256,7.489327426500202,1.02341939755048,0.0,2.590909090909091,0.0342906499676095,0.4511363636363636,0.0,0.0,0.4087912559857415,0.2557017543859649,0.0409899458623356,1.3980815347721822,0.0,5.59280056696269,0.030189111349713,0.0319628069155891,-10.117727272727272,283000000.0,-7090000000.0,-22255000000.0,28924000000.0,4166500000.0,2341500000.0,7008500000.0,25.95022147226323,33.80836130607263,98.2255111382362,3.4681784930504755,2.6620633631194157,0.9162589123444708,0.0736586590775927,0.212,1990-12-30,,bmo,,2025-04-24,1990-12-31,,3.958125,24597505.109375
1990-09-30,MO,USD,764180,1990-09-30,1990-09-29 20:00:00,1990,Q3,12818000000.0,5696000000.0,7122000000.0,0.5556249025,0,0.0,0.0,3000000000.0,2036000000.0,5036000000.0,10732000000.0,0.0,0.0,324000000.0,2410000000.0,0.1880168513,2086000000.0,0.162739897,-407000000.0,1679000000.0,0.1309876736,742000000.0,937000000.0,0.0731003277,0.34,0.34,2755882353,2755882353,,,4.6511419422699865,0.3399999999927428,0.4299893276322307,0.3320170757666592,0.7289861259182714,4.11664887931448,-2.755197438575129,4.11664887931448,7.834151547324778,10720382353.17,30301382353.17,2.860294117708112,0.8363537488820408,9.04673616301266,11.71626486685246,0.9449433541798148,0.9449433541798148,2.3639711618949915,12.573187698410788,25.57078679592405,33.116264866852454,0.0874035989698567,0.0853514333590383,1.9030409872190392,0.4500448168761595,8.124896265560166,1.05394746632934,0.0,1.264674493062967,0.0296631211018297,0.3393810032017075,0.0,0.0,0.3947637212598753,0.2278481012658227,0.0210641285691995,0.8333333333333334,0.0,5.611805763395911,0.0302466899794978,0.032271396590322,-10.164802561149097,725000000.0,-7593000000.0,-22464000000.0,29052000000.0,3858000000.0,2000500000.0,6426000000.0,29.714464034950858,35.09304775280899,108.45505617977528,3.02882797731569,2.564610535794687,0.8298368298368298,0.0825914499779638,0.0979722518655715,1990-09-29,,bmo,,2025-04-24,1990-09-30,,3.772857142857143,26773073.52380952
1990-06-30,MO,USD,764180,1990-06-30,1990-06-29 20:00:00,1990,Q2,12740000000.0,5655000000.0,7085000000.0,0.556122449,0,0.0,0.0,3049000000.0,1972000000.0,5021000000.0,10676000000.0,0.0,0.0,314000000.0,2378000000.0,0.1866562009,2064000000.0,0.1620094192,-395000000.0,1669000000.0,0.1310047096,721000000.0,948000000.0,0.074411303,0.34,0.34,2788235294,2788235294,,,4.56919831242908,0.340000000014346,0.7510126582595364,0.6846624472862727,0.0333544303811541,3.767257384125201,-1.81907173003456,3.767257384125201,5.720105485473423,10567411764.26,26423411764.26,2.786764705764768,0.8294671714489796,5.046519467172875,5.535574522922996,1.0060369158663367,1.0060369158663367,2.0740511588901103,11.111611339049622,12.618630259914042,13.841493852414878,0.0897097625367667,0.180649722239122,1.5183739527798934,0.4068518660238259,6.667788057190917,1.109425185513346,0.0,2.2088607594936707,0.0300925152813204,0.3354430379746835,0.0,0.0,0.3973368026325859,0.0883476599808978,0.0145211930926216,0.589171974522293,0.0,5.3683814124719005,0.0373947208493927,0.0401269841269841,-8.247869198660247,988000000.0,-5072000000.0,-18680000000.0,25098000000.0,3523500000.0,1761500000.0,6112000000.0,24.612244897959183,28.3289124668435,95.2997347480106,3.656716417910448,3.176966292134832,0.9443887775551102,0.0902513328255902,0.0663502109732637,1990-06-29,,bmo,,2025-04-24,1990-06-30,,3.533809523809524,24140448.95238095
1990-03-31,MO,USD,764180,1990-03-31,1990-03-30 19:00:00,1990,Q1,11388000000.0,5167000000.0,6221000000.0,0.5462767826,0,0.0,0.0,2615000000.0,1876000000.0,4491000000.0,9658000000.0,0.0,0.0,312000000.0,2042000000.0,0.179311556,1730000000.0,0.1519142957,-390000000.0,1340000000.0,0.1176677204,565000000.0,775000000.0,0.068054092,0.28,0.28,2767857143,2767857143,,,4.114374193336032,0.2799999999855483,-0.0628645161257876,-0.1773935483779409,0.0411870967720677,3.574245161105845,-2.086451612795538,3.574245161105845,6.23876129000058,8940178571.89,26094178571.89,2.88392857157742,0.7850525616341762,-51.38033662005747,-18.208102997739307,0.903687311421207,0.903687311421207,2.2913750063127853,12.778735833442704,-149.9665435166092,-53.144966541527495,0.0866873064970738,-0.0549206032129848,1.74547659961589,0.4370870984888754,8.400587659157688,1.0563566206336312,0.0,-0.224516129032258,0.0355697593110573,0.4103225806451613,0.0,0.0,0.3965879464398714,-1.8218390804597704,0.0278363189322093,1.016025641025641,0.0,4.745286557606887,0.0312743319317518,0.0325097529258777,-8.56610322536433,555000000.0,-5775000000.0,-19211000000.0,24713000000.0,3259500000.0,1830000000.0,5993500000.0,28.158587987355112,30.35997677569189,108.62008902651442,3.196182991860792,2.9644291451520366,0.8285760102629891,0.0783382189426867,0.1145290322521533,1990-03-30,,bmo,,2025-04-24,1990-03-31,,3.1533333333333333,26879367.253968254
1989-12-31,MO,USD,764180,1989-12-31,1989-12-30 19:00:00,1989,Q4,11147000000.0,5178000000.0,5969000000.0,0.5354803983,0,0.0,0.0,2417000000.0,1708000000.0,4125000000.0,9303000000.0,0.0,0.0,280000000.0,2124000000.0,0.1905445411,1844000000.0,0.1654256751,-391000000.0,1453000000.0,0.1303489728,590000000.0,863000000.0,0.0774199336,0.31,0.31,2770370370,2770370370,,,4.023649733158242,0.3115106952288116,0.4616711230563731,0.336778074911334,0.0425935828933948,3.454772727734595,-2.205842246284204,3.454772727734595,5.928810161220429,9640888887.6,25947888887.6,2.79284150857474,0.8648864167578721,7.537833375762315,10.333214241800643,1.0073021510395987,1.0073021510395987,2.3277912341975417,12.21652019190207,20.28763791055512,27.81124210889603,0.089514567594486,0.0967753088825672,1.7161216173858531,0.426313330564784,7.677495291902072,1.0123030433844162,0.0,1.482039397450753,0.0331919601740852,0.3707995365005794,0.0,0.0,0.4070286544850498,0.2705238467552776,0.0310397416345204,1.2357142857142858,0.0,4.920820025277107,0.0355294859511386,0.0377746651492602,-8.571597594728823,114000000.0,-6111000000.0,-19577000000.0,24253000000.0,3142000000.0,1730000000.0,5569000000.0,23.866511168924376,33.31981460023175,99.95944380069524,3.770974289580514,2.701095461658842,0.9003651538862807,0.0901682164873054,0.1248930481450391,1989-12-30,,bmo,,2025-04-24,1989-12-31,,,
1989-09-30,MO,USD,764180,1989-09-30,1989-09-29 20:00:00,1989,Q3,11247000000.0,5169000000.0,6078000000.0,0.5404107762,0,0.0,0.0,2637000000.0,1722000000.0,4359000000.0,9528000000.0,0.0,0.0,309000000.0,2028000000.0,0.1803147506,1719000000.0,0.1528407575,-433000000.0,1286000000.0,0.1143416022,538000000.0,748000000.0,0.066506624,0.27,0.27,2770370370,2770370370,,,4.05974598984756,0.2700000000360962,0.4313502674373463,0.334973262076868,0.0501737967981515,3.2165374335850987,-2.169745989594886,3.2165374335850987,6.342112300313117,9280740739.5,26711740739.5,3.101851851437166,0.8251747790077354,7.766310242259415,10.000798210668105,1.041492620300752,1.041492620300752,2.375010290699742,13.17146979265286,22.352921120920502,28.78420338308189,0.0805970149361481,0.0999920185304083,1.97172034564022,0.4607678590160495,8.59516765285996,1.0315485447678294,0.0,1.5975935828877006,0.0280150051917092,0.3475935828877005,0.0,0.0,0.3913248714990034,0.2234309623430962,0.0237396639103761,0.8640776699029126,0.0,4.420459807717047,0.0323828802391626,0.0322274881516587,-8.624298129495227,284000000.0,-6011000000.0,-19935000000.0,24098000000.0,3247000000.0,1512000000.0,5327000000.0,26.63110162710056,26.865931514799765,93.79570516540916,3.3795072115384617,3.3499675955930006,0.9595322071653982,0.0839411962742677,0.0963770053604782,1989-09-29,,bmo,,2025-04-24,1989-09-30,,,
1989-06-30,MO,USD,764180,1989-06-30,1989-06-29 20:00:00,1989,Q2,11595000000.0,5264000000.0,6331000000.0,0.5460112117,0,0.0,0.0,2784000000.0,1791000000.0,4575000000.0,9839000000.0,0.0,0.0,303000000.0,2059000000.0,0.1775765416,1756000000.0,0.1514445882,-456000000.0,1300000000.0,0.1121172919,555000000.0,745000000.0,0.0642518327,0.27,0.27,2759259259,2759259259,,,4.20221476549551,0.2700000000253691,,,0.0645100671201553,3.049731543910713,-2.372738255256499,3.049731543910713,6.593073826122839,7781111110.379999,25795111110.38,2.611111110865772,0.6710746968848641,0.0,0.0,0.9246715520356508,0.9246715520356508,2.2246753868374296,12.527980141029625,0.0,0.0,0.0957446808600599,,2.1618538324420675,0.4819200508622745,8.748907236522584,1.1344180225281602,0.0,0.0,0.0332446808510638,0.3472222221895973,0.0,0.0,0.3963548703276908,0.0,,0.0,,4.304314013986246,0.0326728271728271,0.0326940799578707,-8.751624161896126,1074000000.0,-6547000000.0,-20270000000.0,24823000000.0,,,,24.57438551099612,25.321048632218844,90.05129179331307,3.662349968414403,3.554355165428764,0.9994304157964686,0.0885323826500297,,1989-06-29,,bmo,,2025-04-24,1989-06-30,,,
1989-03-31,MO,USD,764180,1989-03-31,1989-03-30 19:00:00,1989,Q1,10770000000.0,0.0,10770000000.0,1.0,0,0.0,0.0,0.0,0.0,0.0,0.0,0.0,0.0,0.0,10770000000.0,1.0,10770000000.0,1.0,-10770000000.0,0.0,0.0,0.0,0.0,0.0,0.21,0.21,2774450000,2774450000,,,3.881850456847303,0.0,,,,,,,,6797402500.000001,,0.0,0.6311422934076139,0.0,0.0,0.0,0.0,,,0.0,0.0,0.0,,0.0,0.0,,0.0,0.0,0.0,0.0382652693877551,0.0,0.0,0.0,0.0,0.0,,0.0,,,0.0,0.0,,,,,,,,,,0.0,0.0,0.0,0.0,0.0,0.0,,1989-03-30,,bmo,,2025-04-24,1989-03-31,,,
1988-12-31,MO,USD,764180,1988-12-31,1988-12-30 19:00:00,1988,Q4,9140000000.0,0.0,9140000000.0,1.0,0,0.0,0.0,0.0,-27220000000.0,-27220000000.0,-27220000000.0,0.0,0.0,0.0,-18080000000.0,-1.9781181619,-18080000000.0,-1.9781181619,18080000000.0,0.0,0.0,0.0,0.0,0.0,0.11,0.1,2775147000,2842354000,,,3.2935192261887387,0.0,,,0.0605373336979987,2.767060627779357,-2.663642682711943,2.767060627779357,5.924731194419611,5744554290.0,22018554290.0,0.0,0.628507033916849,0.0,0.0,0.7480862469071493,0.7480862469071493,2.4090321980306344,-1.2178403921460177,0.0,0.0,0.0,,2.1411642140903764,0.4448593073593073,-0.9001106194690266,1.0228384991843391,0.0,0.0,0.0452898115942029,0.0,0.0,0.0,0.4077651515151515,0.0,,0.0,,0.0,,0.0,-8.920068018018505,182000000.0,-7392000000.0,-21130000000.0,23901000000.0,,,,21.87964989059081,0.0,0.0,4.113411341134113,0.0,0.0,0.0,,1988-12-30,,bmo,,2025-04-24,1988-12-31,,,
1988-09-30,MO,USD,764180,1988-09-30,1988-09-29 20:00:00,1988,Q3,7547000000.0,0.0,7547000000.0,1.0,0,0.0,0.0,0.0,0.0,0.0,0.0,0.0,0.0,0.0,7547000000.0,1.0,7547000000.0,1.0,-7547000000.0,0.0,0.0,0.0,0.0,0.0,0.23,0.23,2842354000,2842354000,,,2.6551935473202843,0.0,,,,,,,,5599437380.0,,0.0,0.7419421465482974,0.0,0.0,0.0,0.0,,,0.0,0.0,0.0,,0.0,0.0,,0.0,0.0,0.0,0.0475887868020304,0.0,0.0,0.0,0.0,0.0,,0.0,,,0.0,0.0,,,,,,,,,,0.0,0.0,0.0,0.0,0.0,0.0,,1988-09-29,,bmo,,2025-04-24,1988-09-30,,,
1988-06-30,MO,USD,764180,1988-06-30,1988-06-29 20:00:00,1988,Q2,7819000000.0,0.0,7819000000.0,1.0,0,0.0,0.0,0.0,0.0,0.0,0.0,0.0,0.0,0.0,7819000000.0,1.0,7819000000.0,1.0,-7819000000.0,0.0,0.0,0.0,0.0,0.0,0.22,0.22,2842354000,2842354000,,,2.7508888759106007,0.0,,,,,,,,4860425340.0,,0.0,0.6216172579613761,0.0,0.0,0.0,0.0,,,0.0,0.0,0.0,,0.0,0.0,,0.0,0.0,0.0,0.0438596081871345,0.0,0.0,0.0,0.0,0.0,,0.0,,,0.0,0.0,,,,,,,,,,0.0,0.0,0.0,0.0,0.0,0.0,,1988-06-29,,bmo,,2025-04-24,1988-06-30,,,
1988-03-31,MO,USD,764180,1988-03-31,1988-03-30 19:00:00,1988,Q1,7236000000.0,0.0,7236000000.0,1.0,0,0.0,0.0,0.0,0.0,0.0,0.0,0.0,0.0,0.0,7236000000.0,1.0,7236000000.0,1.0,-7236000000.0,0.0,0.0,0.0,0.0,0.0,0.18,0.18,2842354000,2842354000,,,2.5457771973512098,0.0,,,,,,,,5173084280.0,,0.0,0.7149093808734107,0.0,0.0,0.0,0.0,,,0.0,0.0,0.0,,0.0,0.0,,0.0,0.0,0.0,0.0412087527472527,0.0,0.0,0.0,0.0,0.0,,0.0,,,0.0,0.0,,,,,,,,,,0.0,0.0,0.0,0.0,0.0,0.0,,1988-03-30,,bmo,,2025-04-24,1988-03-31,,,
1987-12-31,MO,USD,764180,1987-12-31,1987-12-30 19:00:00,1987,Q4,7064000000.0,0.0,7064000000.0,1.0,0,0.0,0.0,0.0,-23684000000.0,-23684000000.0,-23684000000.0,0.0,0.0,0.0,-16620000000.0,-2.3527746319,-16620000000.0,-2.3527746319,16620000000.0,0.0,0.0,0.0,0.0,0.0,0.17,0.17,2842354000,2862138000,,,2.485263974860274,0.0,,,0.0664941805278301,2.400475099160766,0.9748961600138476,2.400475099160766,2.2439147270185207,4945695960.0,11134695960.0,0.0,0.7001268346545866,0.0,0.0,0.7248565088670673,0.7248565088670673,1.5762593374858438,-0.6699576389891697,0.0,0.0,0.0,,0.934779422541404,0.3331418124836772,-0.3723826714801444,1.269706336939722,0.0,0.0,0.043103408045977,0.0,0.0,0.0,0.2116479498563593,0.0,,0.0,,0.0,,0.0,-2.988280136816174,1396000000.0,2771000000.0,-5750000000.0,12030000000.0,,,,26.538788221970552,0.0,0.0,3.391262602016323,0.0,0.0,0.0,,1987-12-30,,bmo,,2025-04-24,1987-12-31,,,
1987-09-30,MO,USD,764180,1987-09-30,1987-09-29 20:00:00,1987,Q3,6967000000.0,0.0,6967000000.0,1.0,0,0.0,0.0,0.0,0.0,0.0,0.0,0.0,0.0,0.0,6967000000.0,1.0,6967000000.0,1.0,-6967000000.0,0.0,0.0,0.0,0.0,0.0,0.18,0.18,2862138000,2862138000,,,2.4341942981086166,0.0,,,,,,,,6926373960.0,,0.0,0.9941687900100472,0.0,0.0,0.0,0.0,,,0.0,0.0,0.0,,0.0,0.0,,0.0,0.0,0.0,0.0258264214876033,0.0,0.0,0.0,0.0,0.0,,0.0,,,0.0,0.0,,,,,,,,,,0.0,0.0,0.0,0.0,0.0,0.0,,1987-09-29,,bmo,,2025-04-24,1987-09-30,,,
1987-06-30,MO,USD,764180,1987-06-30,1987-06-29 20:00:00,1987,Q2,7110000000.0,0.0,7110000000.0,1.0,0,0.0,0.0,0.0,0.0,0.0,0.0,0.0,0.0,0.0,7110000000.0,1.0,7110000000.0,1.0,-7110000000.0,0.0,0.0,0.0,0.0,0.0,0.17,0.17,2860541000,2860541000,,,2.485543818459515,0.0,,,,,,,,5206184620.0,,0.0,0.7322341237693389,0.0,0.0,0.0,0.0,,,0.0,0.0,0.0,,0.0,0.0,,0.0,0.0,0.0,0.0343406263736263,0.0,0.0,0.0,0.0,0.0,,0.0,,,0.0,0.0,,,,,,,,,,0.0,0.0,0.0,0.0,0.0,0.0,,1987-06-29,,bmo,,2025-04-24,1987-06-30,,,
1987-03-31,MO,USD,764180,1987-03-31,1987-03-30 19:00:00,1987,Q1,6554000000.0,0.0,6554000000.0,1.0,0,0.0,0.0,0.0,0.0,0.0,0.0,0.0,0.0,0.0,6554000000.0,1.0,6554000000.0,1.0,-6554000000.0,0.0,0.0,0.0,0.0,0.0,0.14,0.14,2857153000,2857153000,,,2.2938918566839086,0.0,,,,,,,,4942874690.0,,0.0,0.7541767912725054,0.0,0.0,0.0,0.0,,,0.0,0.0,0.0,,0.0,0.0,,0.0,0.0,0.0,0.0361271329479768,0.0,0.0,0.0,0.0,0.0,,0.0,,,0.0,0.0,,,,,,,,,,0.0,0.0,0.0,0.0,0.0,0.0,,1987-03-30,,bmo,,2025-04-24,1987-03-31,,,
1986-12-31,MO,USD,764180,1986-12-31,1986-12-30 19:00:00,1986,Q4,1825000000.0,0.0,1825000000.0,1.0,0,0.0,0.0,0.0,-17077000000.0,-17077000000.0,-17077000000.0,0.0,0.0,0.0,-15252000000.0,-8.357260274,-15252000000.0,-8.357260274,15252000000.0,0.0,0.0,0.0,0.0,0.0,0.13,0.13,2857153000,2874787000,,,0.6387477324455498,0.0,,,0.0255499092978219,1.9792429736874435,0.5834479287598529,1.9792429736874435,2.419191411870488,4171443380.0,11010443380.0,0.0,2.2857224,0.0,0.0,0.7376557701149424,0.7376557701149424,6.0331196602739725,-0.7219016115919223,0.0,0.0,0.0,,1.2222811671087532,0.3917923137966217,-0.4484002098085497,1.3195002231146808,0.0,0.0,0.0428081780821917,0.0,0.0,0.0,0.2260514680875184,0.0,,0.0,,0.0,,0.0,-3.005614330069128,1432000000.0,1667000000.0,-6073000000.0,11657000000.0,,,,92.613698630137,0.0,0.0,0.9717784877529286,0.0,0.0,0.0,,1986-12-30,,bmo,,2025-04-24,1986-12-31,,,
1986-09-30,MO,USD,764180,1986-09-30,1986-09-29 20:00:00,1986,Q3,6398000000.0,0.0,6398000000.0,1.0,0,0.0,0.0,0.0,0.0,0.0,0.0,0.0,0.0,0.0,6398000000.0,1.0,6398000000.0,1.0,-6398000000.0,0.0,0.0,0.0,0.0,0.0,0.15,0.15,2874787000,2874787000,,,2.22555618903244,0.0,,,,,,,,3880962450.000001,,0.0,0.6065899421694281,0.0,0.0,0.0,0.0,,,0.0,0.0,0.0,,0.0,0.0,,0.0,0.0,0.0,0.0354937925925925,0.0,0.0,0.0,0.0,0.0,,0.0,,,0.0,0.0,,,,,,,,,,0.0,0.0,0.0,0.0,0.0,0.0,,1986-09-29,,bmo,,2025-04-24,1986-09-30,,,
1986-06-30,MO,USD,764180,1986-06-30,1986-06-29 20:00:00,1986,Q2,6534000000.0,0.0,6534000000.0,1.0,0,0.0,0.0,0.0,0.0,0.0,0.0,0.0,0.0,0.0,6534000000.0,1.0,6534000000.0,1.0,-6534000000.0,0.0,0.0,0.0,0.0,0.0,0.13,0.13,2874787000,2874787000,,,2.2728640417533543,0.0,,,,,,,,4369676240.0,,0.0,0.6687597551270279,0.0,0.0,0.0,0.0,,,0.0,0.0,0.0,,0.0,0.0,,0.0,0.0,0.0,0.0315240921052631,0.0,0.0,0.0,0.0,0.0,,0.0,,,0.0,0.0,,,,,,,,,,0.0,0.0,0.0,0.0,0.0,0.0,,1986-06-29,,bmo,,2025-04-24,1986-06-30,,,
1986-03-31,MO,USD,764180,1986-03-31,1986-03-30 19:00:00,1986,Q1,5924000000.0,0.0,5924000000.0,1.0,0,0.0,0.0,0.0,0.0,0.0,0.0,0.0,0.0,0.0,5924000000.0,1.0,5924000000.0,1.0,-5924000000.0,0.0,0.0,0.0,0.0,0.0,0.11,0.11,2867291000,2867291000,,,2.0660616588968472,0.0,,,,,,,,3440749200.0,,0.0,0.5808151924375422,0.0,0.0,0.0,0.0,,,0.0,0.0,0.0,,0.0,0.0,,0.0,0.0,0.0,0.0399305166666666,0.0,0.0,0.0,0.0,0.0,,0.0,,,0.0,0.0,,,,,,,,,,0.0,0.0,0.0,0.0,0.0,0.0,,1986-03-30,,bmo,,2025-04-24,1986-03-31,,,
1985-12-31,MO,USD,764180,1985-12-31,1985-12-30 19:00:00,1985,Q4,1480600000.0,0.0,1480600000.0,1.0,0,0.0,0.0,0.0,-9558000000.0,-9558000000.0,-9558000000.0,0.0,0.0,0.0,-8077400000.0,-5.4554910172,-8077400000.0,-5.4554910172,8077400000.0,0.0,0.0,0.0,0.0,0.0,0.1,0.1,2862198000,2862198000,,,0.5172947503981206,0.0,,,0.0545035668391914,1.6550217699823702,0.0978269148395743,1.6550217699823702,2.798199146250539,2574718832.88,10427718832.88,0.0,1.738969899284074,0.0,0.0,0.5435336358201394,0.5435336358201394,7.04290073813319,-1.2909746741377175,0.0,0.0,0.0,,1.690732531137851,0.4595214871765448,-0.9722187832718449,1.4855054197126292,0.0,0.0,0.0463189003512828,0.0,0.0,0.0,0.2557232199208216,0.0,,0.0,,0.0,,0.0,-3.240429208601222,1926000000.0,280000000.0,-6799000000.0,12067000000.0,,,,109.232743482372,0.0,0.0,0.8239287701725098,0.0,0.0,0.0,,1985-12-30,,bmo,,2025-04-24,1985-12-31,,,
1985-09-30,MO,USD,764180,1985-09-30,1985-09-29 20:00:00,1985,Q3,3634800000.0,0.0,3634800000.0,1.0,0,0.0,0.0,0.0,0.0,0.0,0.0,0.0,0.0,0.0,3634800000.0,1.0,3634800000.0,1.0,-3634800000.0,0.0,0.0,0.0,0.0,0.0,0.14,0.14,2862198000,2862198000,,,1.26993310735316,0.0,,,,,,,,2185059197.16,,0.0,0.6011497736216572,0.0,0.0,0.0,0.0,,,0.0,0.0,0.0,,0.0,0.0,,0.0,0.0,0.0,0.0545789080715726,0.0,0.0,0.0,0.0,0.0,,0.0,,,0.0,0.0,,,,,,,,,,0.0,0.0,0.0,0.0,0.0,0.0,,1985-09-29,,bmo,,2025-04-24,1985-09-30,,,
