date,symbol,reportedCurrency,cik,fillingDate,acceptedDate,calendarYear,period,revenue,costOfRevenue,grossProfit,grossProfitRatio,researchAndDevelopmentExpenses,generalAndAdministrativeExpenses,sellingAndMarketingExpenses,sellingGeneralAndAdministrativeExpenses,otherExpenses,operatingExpenses,costAndExpenses,interestIncome,interestExpense,depreciationAndAmortization,ebitda,ebitdaratio,operatingIncome,operatingIncomeRatio,totalOtherIncomeExpensesNet,incomeBeforeTax,incomeBeforeTaxRatio,incomeTaxExpense,netIncome,netIncomeRatio,eps,epsdiluted,weightedAverageShsOut,weightedAverageShsOutDil,link,finalLink,revenuePerShare,netIncomePerShare,operatingCashFlowPerShare,freeCashFlowPerShare,cashPerShare,bookValuePerShare,tangibleBookValuePerShare,shareholdersEquityPerShare,interestDebtPerShare,marketCap,enterpriseValue,peRatio,priceToSalesRatio,pocfratio,pfcfRatio,pbRatio,ptbRatio,evToSales,enterpriseValueOverEBITDA,evToOperatingCashFlow,evToFreeCashFlow,earningsYield,freeCashFlowYield,debtToEquity,debtToAssets,netDebtToEBITDA,currentRatio,interestCoverage,incomeQuality,dividendYield,payoutRatio,salesGeneralAndAdministrativeToRevenue,researchAndDdevelopementToRevenue,intangiblesToTotalAssets,capexToOperatingCashFlow,capexToRevenue,capexToDepreciation,stockBasedCompensationToRevenue,grahamNumber,roic,returnOnTangibleAssets,grahamNetNet,workingCapital,tangibleAssetValue,netCurrentAssetValue,investedCapital,averageReceivables,averagePayables,averageInventory,daysSalesOutstanding,daysPayablesOutstanding,daysOfInventoryOnHand,receivablesTurnover,payablesTurnover,inventoryTurnover,roe,capexPerShare,report_date,epsEstimated,time,revenueEstimated,updatedFromDate,fiscalDateEnding,surprise(%),QuarterAvgPrice,QuarterAvgVolume
2025-03-31,MOH,USD,1179929,2025-04-24,2025-04-24 10:04:48,2025,Q1,11147000000.0,9867000000.0,1280000000.0,0.114829102,0,774000000.0,0.0,774000000.0,73000000.0,847000000.0,10714000000.0,0.0,43000000.0,48000000.0,481000000.0,0.0431506235,433000000.0,0.0388445322,-43000000.0,390000000.0,0.034986992,92000000.0,298000000.0,0.0267336503,5.47,5.45,54600000,54800000,https://www.sec.gov/Archives/edgar/data/1179929/000117992925000070/0001179929-25-000070-index.htm,https://www.sec.gov/Archives/edgar/data/1179929/000117992925000070/moh-20250331.htm,204.1575091575092,5.457875457875458,3.47985347985348,3.076923076923077,170.21978021978023,78.93772893772893,39.1025641025641,78.93772893772893,69.76190476190476,17984694000.0,16894694000.0,15.087830536912753,1.6134111420113035,94.65628421052632,107.05175,4.17278283062645,4.17278283062645,1.51562698483897,35.12410395010395,88.91944210526316,100.56365476190476,0.0165696452772563,0.0093412765321445,0.8737819025522042,0.2298303429757109,-2.266112266112266,1.6256284488044144,10.069767441860463,0.6375838926174496,0.0,0.0,0.0694357226159504,0.0,0.1327352618088612,0.1157894736842105,0.0019736251906342,0.4583333333333333,0.0024221763703238,98.4567245192895,0.0401963807868315,0.0209696713813243,-2.999084249084249,5102000000.0,2135000000.0,1181000000.0,7564000000.0,3395000000.0,1225000000.0,0.0,28.186059029335247,10.206749771967164,0.0,3.193067888857061,8.817694369973191,0.0,0.0691415313225058,0.4029304029304029,2025-04-23,5.86,amc,10813784340.0,2025-05-11,2025-03-31,0.0375426621160409,302.11025,722145.0333333333
2024-12-31,MOH,USD,1179929,2025-02-11,2025-02-11 16:08:09,2024,Q4,10499000000.0,9386000000.0,1113000000.0,0.1060100962,0,665000000.0,0.0,665000000.0,68000000.0,733000000.0,10119000000.0,0.0,34000000.0,48000000.0,428000000.0,0.0407657872,380000000.0,0.0361939232,-34000000.0,346000000.0,0.0329555196,95000000.0,251000000.0,0.0239070388,4.37,4.35,57400000,57700000,https://www.sec.gov/Archives/edgar/data/1179929/000117992925000023/0001179929-25-000023-index.htm,https://www.sec.gov/Archives/edgar/data/1179929/000117992925000023/moh-20241231.htm,182.90940766550523,4.372822299651568,-3.902439024390244,-4.094076655052265,156.56794425087108,78.32752613240419,44.56445993031359,78.32752613240419,54.91289198606272,16706270000.0,15162270000.0,16.63971115537849,1.5912248785598628,-74.5815625,-71.09051063829787,3.715807384341637,3.715807384341637,1.444163253643204,35.42586448598131,-67.68870535714285,-64.52029787234042,0.0150242992600981,-0.0140665750044743,0.6935053380782918,0.1994881637875879,-3.607476635514019,1.6176545086119554,11.176470588235292,-0.8924302788844621,0.0,0.0,0.0633393656538718,0.0,0.1239923224568138,-0.0491071428571428,0.0010477188303647,0.2291666666666666,0.0017144489951423,87.78683239152187,0.0356432298790267,0.0183318726263511,5.701219512195122,4877000000.0,2558000000.0,1639000000.0,7103000000.0,3279000000.0,1273000000.0,0.0,28.2798361748738,12.7626251864479,0.0,3.18247953925432,7.0518407212622085,0.0,0.0558274021352313,0.1916376306620209,2025-02-05,5.74,amc,10283596457.0,2025-05-05,2024-12-31,-0.1202090592334495,308.80875,722850.625
2024-09-30,MOH,USD,1179929,2024-10-24,2024-10-24 10:34:12,2024,Q3,10340000000.0,9151000000.0,1189000000.0,0.1149903288,0,676000000.0,0.0,676000000.0,46000000.0,722000000.0,9873000000.0,0.0,29000000.0,47000000.0,514000000.0,0.0497098646,467000000.0,0.0451644101,-29000000.0,438000000.0,0.0423597679,112000000.0,326000000.0,0.0315280464,5.66,5.65,57600000,57700000,https://www.sec.gov/Archives/edgar/data/1179929/000117992924000151/0001179929-24-000151-index.htm,https://www.sec.gov/Archives/edgar/data/1179929/000117992924000151/moh-20240930.htm,179.51388888888889,5.659722222222222,15.15625,14.54861111111111,159.96527777777777,82.8125,49.427083333333336,82.8125,44.40972222222222,19846656000.0,17643656000.0,15.219828220858895,1.9194058027079304,22.733855670103093,23.683360381861576,4.160724528301887,4.160724528301887,1.7063497098646034,34.326178988326845,20.21037342497136,21.054482100238666,0.0164259409746407,0.0422237378427882,0.530188679245283,0.1604899098870415,-4.285992217898833,1.5450401823197792,16.103448275862068,2.677914110429448,0.0,0.0,0.0653771760154738,0.0,0.122033252950882,0.0400916380297823,0.003384912959381,0.7446808510638298,0.0029013539651837,102.69203619013015,0.0468379564594858,0.0235634260932417,11.63628472222222,4544000000.0,2847000000.0,1893000000.0,6773000000.0,3245000000.0,1094000000.0,-3792500000.0,28.366537717601545,11.94951371434816,0.0,3.1727523780300704,7.531687242798354,0.0,0.0683438155136268,0.6076388888888888,2024-10-23,5.81,amc,9910621767.0,2025-04-25,2024-09-30,0.0344234079173838,329.961875,610937.078125
2024-06-30,MOH,USD,1179929,2024-07-25,2024-07-25 11:38:07,2024,Q2,9859000000.0,8666000000.0,1193000000.0,0.1210061872,0,691000000.0,0.0,691000000.0,-1078000000.0,1078000000.0,-9446000000.0,0.0,28000000.0,46000000.0,480000000.0,0.0486864794,434000000.0,0.0440206918,-28000000.0,406000000.0,0.0411806471,105000000.0,301000000.0,0.0305304798,5.2,5.17,57900000,58200000,https://www.sec.gov/Archives/edgar/data/1179929/000117992924000123/0001179929-24-000123-index.htm,https://www.sec.gov/Archives/edgar/data/1179929/000117992924000123/moh-20240630.htm,170.27633851468048,5.198618307426598,-3.7823834196891193,-4.248704663212435,150.27633851468048,83.64421416234887,50.60449050086356,83.64421416234887,41.6580310880829,16916064000.000002,14946064000.000002,14.04988704318937,1.7157991682726446,-77.24230136986301,-68.76448780487806,3.492889531282263,3.492889531282263,1.5159817425702409,31.137633333333337,-68.24686757990868,-60.756357723577246,0.017793737361126,-0.0145423900027807,0.4922568655791864,0.1569970365492262,-4.104166666666667,1.5736345074017355,15.5,-0.7275747508305648,0.0,0.0,0.0700882442438381,0.0,0.1259795851168916,-0.1232876712328767,0.0027386144639415,0.5869565217391305,0.0032457652905974,98.9129552623452,0.0437826399087842,0.0226793248945147,-51.990500863557855,4495000000.0,2930000000.0,1989000000.0,6713000000.0,3290500000.0,1043500000.0,-7724000000.0,29.49487777665077,10.105008077544426,-78.77336718209092,3.051377282575054,8.906474820143885,-1.1425181278839815,0.0621515589510633,0.466321243523316,2024-07-24,5.5,amc,9746082786.0,2025-04-25,2024-06-30,0.0654545454545455,339.4838095238095,478854.50793650793
2024-03-31,MOH,USD,1179929,2024-04-25,2024-04-25 09:40:50,2024,Q1,9931000000.0,8711000000.0,1220000000.0,0.1228476488,0,711000000.0,0.0,711000000.0,-1091000000.0,1091000000.0,-9505000000.0,0.0,27000000.0,45000000.0,471000000.0,0.047427248,426000000.0,0.0428959823,-27000000.0,399000000.0,0.0401772228,98000000.0,301000000.0,0.030309133,5.2,5.16,57900000,58300000,https://www.sec.gov/Archives/edgar/data/1179929/000117992924000089/0001179929-24-000089-index.htm,https://www.sec.gov/Archives/edgar/data/1179929/000117992924000089/moh-20240331.htm,171.51986183074266,5.198618307426598,3.696027633851468,3.229706390328152,154.3523316062176,77.59930915371329,44.31778929188256,77.59930915371329,41.60621761658031,23403180000.0,21272180000.0,19.43785714285714,2.3565783908971905,109.36065420560747,125.15069518716578,5.208809258847095,5.208809258847095,2.14199778471453,45.163864118895965,99.40271028037384,113.75497326203208,0.0128615000183735,0.0079903671210493,0.5301580235922546,0.1535486366273448,-4.524416135881104,1.487902278599953,15.77777777777778,0.7109634551495017,0.0,0.0,0.0715939985902728,0.0,0.124218397473087,0.1261682242990654,0.0027187594401369,0.6,0.0036250125868492,95.27175214736202,0.0459163339123634,0.0221551597232445,-60.483592400690846,4154000000.0,2566000000.0,1648000000.0,6376000000.0,3227000000.0,1183000000.0,-3931500000.0,30.35948041486255,11.509585581448745,-81.2386637584663,2.9644776119402985,7.819569120287253,-1.107846877782017,0.0669931003783663,0.466321243523316,2024-04-24,5.59,amc,9447066660.0,2025-04-25,2024-03-31,0.0250447227191414,387.4860655737705,385548.8032786885
2023-12-31,MOH,USD,1179929,2023-12-31,2023-12-30 19:00:00,2023,Q4,9048000000.0,8006000000.0,1042000000.0,0.1151635721,0,645000000.0,0.0,645000000.0,-1278000000.0,726000000.0,8732000000.0,0.0,27000000.0,43000000.0,359000000.0,0.0396772767,316000000.0,0.0349248453,-27000000.0,289000000.0,0.0319407604,73000000.0,216000000.0,0.023872679,3.72,3.71,58000000,58200000,,,156.0,3.724137931034482,-11.89655172413793,-11.810344827586206,157.01724137931035,72.67241379310344,47.689655172413794,72.67241379310344,41.58620689655172,20955980000.0,18492980000.0,24.25460648148148,2.3160897435897434,-30.370985507246377,-30.592671532846715,4.97176275207592,4.97176275207592,2.043874889478338,51.5124791086351,-26.801420289855077,-26.997051094890512,0.0103073203925562,-0.0326875669856527,0.5658362989323843,0.1601531023368251,-6.860724233983287,1.5355044074436828,11.703703703703704,-3.1944444444444446,0.0,0.0,0.0712864721485411,0.0,0.0973005640612409,-0.0072463768115942,0.000552608311229,0.1162790697674418,0.0029840848806366,78.0349094111182,0.0350207489317686,0.0160678419995536,13.06896551724138,4374000000.0,2766000000.0,1865000000.0,6093000000.0,2782000000.0,1171000000.0,0.0,30.875331564986737,14.074444166874844,0.0,2.9149484536082477,6.394568690095847,0.0,0.0512455516014234,0.0862068965517241,2024-02-07,4.35,amc,8368440000.0,2025-04-25,2023-12-31,0.0068965517241379,352.69126984126984,378172.68253968254
2023-09-30,MOH,USD,1179929,2023-10-26,2023-10-26 09:51:34,2023,Q3,8548000000.0,7482000000.0,1066000000.0,0.1247075339,0,608000000.0,0.0,608000000.0,7581000000.0,8189000000.0,8189000000.0,0.0,27000000.0,42000000.0,401000000.0,0.0469115583,359000000.0,0.0419981282,-27000000.0,332000000.0,0.0388394946,87000000.0,245000000.0,0.0286616752,4.24,4.22,57800000,58100000,https://www.sec.gov/Archives/edgar/data/1179929/000117992923000132/0001179929-23-000132-index.htm,https://www.sec.gov/Archives/edgar/data/1179929/000117992923000132/moh-20230930.htm,147.8892733564014,4.238754325259516,16.418685121107266,15.96885813148789,167.40484429065745,67.11072664359861,41.66089965397923,67.11072664359861,41.60899653979239,18952042000.0,15765042000.0,19.33881836734694,2.2171317267197006,19.97053951527924,20.533089924160347,4.88580613560196,4.88580613560196,1.844295975666823,39.31431920199501,16.61226765015806,17.080218851570965,0.0129273668768779,0.0487018760300341,0.6130445991234854,0.1599193006052454,-7.947630922693267,1.468205369759774,13.296296296296296,3.873469387755102,0.0,0.0,0.0711277491810949,0.0,0.0989240080699394,0.0273972602739726,0.0030416471689284,0.6190476190476191,0.0038605521759475,80.00301471642746,0.0415372685473786,0.0182849466378087,9.16955017301038,3976000000.0,2408000000.0,1477000000.0,5737000000.0,2422500000.0,973500000.0,0.0,25.900795507721107,13.111467522052928,0.0,3.4747967479674795,6.864220183486238,0.0,0.0631606084042279,0.4498269896193771,2023-10-25,4.88,amc,8243450000.0,2025-04-25,2023-09-30,0.0348360655737704,314.7577777777778,417719.1904761905
2023-06-30,MOH,USD,1179929,2023-07-27,2023-07-27 09:43:06,2023,Q2,8327000000.0,7207000000.0,1120000000.0,0.1345022217,0,618000000.0,0.0,618000000.0,7266000000.0,677000000.0,7884000000.0,0.0,27000000.0,42000000.0,485000000.0,0.0582442656,443000000.0,0.0532004323,-27000000.0,416000000.0,0.0499579681,107000000.0,309000000.0,0.0371082022,5.36,5.34,57700000,57900000,https://www.sec.gov/Archives/edgar/data/1179929/000117992923000098/0001179929-23-000098-index.htm,https://www.sec.gov/Archives/edgar/data/1179929/000117992923000098/moh-20230630.htm,144.315424610052,5.355285961871751,8.440207972270365,7.902946273830156,152.44367417677643,62.75563258232235,39.39341421143848,62.75563258232235,41.73310225303293,17381548000.0,14852548000.0,14.062741100323624,2.087372162843762,35.6910636550308,38.117429824561405,4.800206572769953,4.800206572769953,1.7836613426203916,30.62381030927835,30.49804517453799,32.57137719298245,0.0177774729845696,0.0262347174141221,0.6575531621099144,0.1742917795183368,-5.214432989690722,1.517977975321746,16.40740740740741,1.5760517799352751,0.0,0.0,0.0742164044673952,0.0,0.0986750603908937,0.0636550308008213,0.0037228293503062,0.7380952380952381,0.0036027380809415,86.95788095061354,0.0537320849871878,0.0250954275968488,9.44107452339688,3904000000.0,2273000000.0,1401000000.0,5537000000.0,2460500000.0,822000000.0,0.0,25.777590969136543,10.702095185236576,0.0,3.491404612159329,8.409568261376895,0.0,0.0853355426677713,0.537261698440208,2023-07-26,5.1,amc,8251880000.0,2025-04-25,2023-06-30,0.1078431372549021,287.4509677419355,501066.0806451613
2023-03-31,MOH,USD,1179929,2023-04-27,2023-04-27 10:51:51,2023,Q1,8149000000.0,7043000000.0,1106000000.0,0.1357221745,0,591000000.0,0.0,591000000.0,60000000.0,651000000.0,7694000000.0,0.0,28000000.0,44000000.0,499000000.0,0.0612345073,455000000.0,0.0558350718,-28000000.0,427000000.0,0.0523990674,106000000.0,321000000.0,0.0393913364,5.53,5.53,58000000,58000000,https://www.sec.gov/Archives/edgar/data/1179929/000117992923000069/0001179929-23-000069-index.htm,https://www.sec.gov/Archives/edgar/data/1179929/000117992923000069/moh-20230331.htm,140.5,5.5344827586206895,15.79310344827586,15.241379310344827,144.20689655172413,56.689655172413794,33.08620689655172,56.689655172413794,41.53448275862069,15514420000.0,13341420000.0,12.082881619937696,1.9038434163701068,16.937139737991266,17.55024886877828,4.718497566909976,4.718497566909976,1.6371849306663395,26.736312625250505,14.564868995633187,15.09210407239819,0.0206904286463818,0.0569792489825594,0.7241484184914841,0.17807194675043,-4.354709418837675,1.4655897031783556,16.25,2.853582554517134,0.0,0.0,0.0725242361025892,0.0,0.1023857602273577,0.0349344978165938,0.0039268621916799,0.7272727272727273,0.0030678610872499,84.01980826410649,0.0594144832947488,0.0267455424095984,3.155172413793104,3545000000.0,1919000000.0,1076000000.0,5188000000.0,2419000000.0,838000000.0,0.0,28.00834458215732,10.056793979838137,0.0,3.213328075709779,8.949174078780178,0.0,0.0976277372262773,0.5517241379310345,2023-04-26,5.12,amc,8329710000.0,2025-04-25,2023-03-31,0.1347656249999999,287.39129032258063,524733.6290322581
2022-12-31,MOH,USD,1179929,2023-02-13,2023-02-13 16:22:24,2022,Q4,8223000000.0,7219000000.0,1004000000.0,0.1220965584,0,629000000.0,0.0,629000000.0,62000000.0,691000000.0,7910000000.0,0.0,27000000.0,47000000.0,152000000.0,0.0184847379,313000000.0,0.0380639669,-27000000.0,78000000.0,0.0094855892,22000000.0,56000000.0,0.0068101666,0.97,0.96,58000000,58400000,https://www.sec.gov/Archives/edgar/data/1179929/000117992923000025/0001179929-23-000025-index.htm,https://www.sec.gov/Archives/edgar/data/1179929/000117992923000025/moh-20221231.htm,141.77586206896552,0.9655172413793104,-3.655172413793104,-3.827586206896552,129.39655172413794,51.10344827586207,27.13793103448276,51.10344827586207,41.689655172413794,19152760000.0,17537760000.0,85.50339285714286,2.329169402894321,-90.3432075471698,-86.27369369369369,6.461794871794872,6.461794871794872,2.1327690623859907,115.38,-82.72528301886793,-78.99891891891892,0.0029238605819735,-0.0115910187356809,0.8066801619433198,0.1941692382653889,-10.625,1.4710430342815464,11.592592592592592,-3.7857142857142856,0.0,0.0,0.0764927641979812,0.0,0.1128796491797953,-0.0471698113207547,0.0012161011796181,0.2127659574468085,0.0027970327131217,33.31933911553941,0.0411646727821851,0.005126327352618,-2.043103448275862,3229000000.0,1574000000.0,734000000.0,4878000000.0,2261000000.0,853500000.0,0.0,25.19518423932871,11.083252528050975,0.0,3.5721112076455257,8.120359955005624,0.0,0.0188933873144399,0.1724137931034483,2023-02-08,4.06,amc,7871363463.0,2025-04-25,2022-12-31,0.0098522167487684,339.68555555555554,518183.9682539682
2022-09-30,MOH,USD,1179929,2022-10-27,2022-10-27 10:50:08,2022,Q3,7927000000.0,6971000000.0,956000000.0,0.1206004794,0,560000000.0,0.0,560000000.0,61000000.0,621000000.0,7592000000.0,0.0,28000000.0,45000000.0,380000000.0,0.047937429,335000000.0,0.0422606282,-28000000.0,307000000.0,0.0387283966,77000000.0,230000000.0,0.0290147597,3.99,3.99,57600000,57600000,https://www.sec.gov/Archives/edgar/data/1179929/000117992922000172/0001179929-22-000172-index.htm,https://www.sec.gov/Archives/edgar/data/1179929/000117992922000172/moh-20220930.htm,137.62152777777777,3.9930555555555554,4.409722222222222,3.8715277777777777,136.82291666666666,52.795138888888886,30.86805555555556,52.795138888888886,42.013888888888886,18998784000.0,17148784000.0,20.650852173913044,2.3967180522265674,74.7983622047244,85.19634080717489,6.247544886550477,6.247544886550477,2.1633384634792483,45.12837894736842,67.51489763779527,76.90037668161435,0.0121060379443231,0.011737593311235,0.7865833607365998,0.1869772531853357,-4.868421052631579,1.4487710577188622,11.964285714285714,1.1043478260869566,0.0,0.0,0.0706446322694588,0.0,0.0987258657078089,0.1220472440944882,0.0039106850006307,0.6888888888888889,0.0029014759682099,68.87171596198696,0.0452129704012012,0.0199479618386817,-3.576388888888889,3250000000.0,1778000000.0,740000000.0,4925000000.0,2230000000.0,766500000.0,0.0,25.204995584710485,10.560895136996129,0.0,3.570720720720721,8.52200488997555,0.0,0.0756330154554422,0.5381944444444444,2022-10-26,4.21,amc,7814719788.0,2025-04-25,2022-09-30,0.0356294536817103,322.0059375,403571.28125
2022-06-30,MOH,USD,1179929,2022-07-28,2022-07-28 10:33:37,2022,Q2,8054000000.0,7087000000.0,967000000.0,0.1200645642,0,551000000.0,0.0,551000000.0,55000000.0,606000000.0,7693000000.0,0.0,27000000.0,44000000.0,405000000.0,0.0502855724,361000000.0,0.0448224485,-27000000.0,334000000.0,0.041470077,86000000.0,248000000.0,0.030792153,4.29,4.25,57800000,58400000,https://www.sec.gov/Archives/edgar/data/1179929/000117992922000112/0001179929-22-000112-index.htm,https://www.sec.gov/Archives/edgar/data/1179929/000117992922000112/moh-20220630.htm,139.3425605536332,4.290657439446367,6.366782006920415,5.899653979238754,136.31487889273356,48.96193771626297,26.71280276816609,48.96193771626297,41.83391003460208,16161458000.0,14240458000.0,16.29179233870968,2.0066374472311894,43.91700543478261,47.39430498533724,5.710762544169612,5.710762544169612,1.7681224236404272,35.16162469135802,38.69689673913044,41.760873900293255,0.0153451501714758,0.0210995814857793,0.8448763250883392,0.190184537066497,-4.74320987654321,1.4300346020761243,13.37037037037037,1.4838709677419355,0.0,0.0,0.0684132108269183,0.0,0.1022908049634107,0.0733695652173913,0.0033523714924261,0.6136363636363636,0.0028557238639185,68.75154763363405,0.0501305225718378,0.0219741272372851,-3.166089965397924,3107000000.0,1544000000.0,590000000.0,4794000000.0,2198000000.0,762000000.0,0.0,25.031040476781723,9.080005644137152,0.0,3.5955357142857145,9.911888111888112,0.0,0.0876325088339222,0.4671280276816609,2022-07-27,4.29,amc,7687172702.0,2025-04-25,2022-06-30,0.0606060606060605,302.09693548387094,420713.9516129032
2022-03-31,MOH,USD,1179929,2022-04-28,2022-04-28 12:03:20,2022,Q1,7770000000.0,6771000000.0,999000000.0,0.1285714286,0,571000000.0,0.0,571000000.0,56000000.0,627000000.0,7398000000.0,0.0,28000000.0,40000000.0,412000000.0,0.053024453,372000000.0,0.0478764479,-28000000.0,344000000.0,0.0442728443,86000000.0,258000000.0,0.0332046332,4.45,4.4,58000000,58700000,https://www.sec.gov/Archives/edgar/data/1179929/000117992922000080/0001179929-22-000080-index.htm,https://www.sec.gov/Archives/edgar/data/1179929/000117992922000080/moh-20220331.htm,133.9655172413793,4.448275862068965,6.258620689655173,5.862068965517241,134.3448275862069,48.172413793103445,25.67241379310345,48.172413793103445,41.706896551724135,19348220000.0,16935220000.0,18.74827519379845,2.490118404118404,53.30088154269972,56.90652941176471,6.924917680744453,6.924917680744453,2.179564993564993,41.10490291262136,46.65349862258953,49.80947058823529,0.0133345599750261,0.0175726759360809,0.8557623478883322,0.1934466019417475,-5.856796116504855,1.4409884959522794,13.285714285714286,1.4069767441860466,0.0,0.0,0.0734877734877735,0.0,0.1055825242718446,0.0633608815426997,0.0029601029601029,0.575,0.0043758043758043,69.43625978984505,0.0524534686971235,0.023337856173677,-2.706896551724138,3105000000.0,1489000000.0,580000000.0,4803000000.0,2166500000.0,825500000.0,0.0,24.972972972972972,10.753212228622065,0.0,3.603896103896104,8.369592088998765,0.0,0.0923407301360057,0.396551724137931,2022-04-27,4.66,amc,7521154514.0,2025-04-25,2022-03-31,0.0515021459227468,307.8225806451613,624877.1451612903
2021-12-31,MOH,USD,1179929,2022-02-14,2022-02-14 17:12:03,2021,Q4,7409000000.0,6573000000.0,836000000.0,0.1128357403,0,579000000.0,0.0,579000000.0,-25000000.0,645000000.0,7218000000.0,0.0,30000000.0,35000000.0,201000000.0,0.0271291672,191000000.0,0.0257794574,-55000000.0,136000000.0,0.0183560534,33000000.0,103000000.0,0.0139020111,1.78,1.74,58000000,58700000,https://www.sec.gov/Archives/edgar/data/1179929/000117992922000025/0001179929-22-000025-index.htm,https://www.sec.gov/Archives/edgar/data/1179929/000117992922000025/moh-20211231.htm,127.74137931034484,1.7758620689655171,10.29310344827586,9.93103448275862,131.72413793103448,45.3448275862069,23.75862068965517,45.3448275862069,41.75862068965517,18448640000.0,16402640000.0,44.77825242718446,2.490031043325685,30.902244556113903,32.028888888888886,7.014692015209125,7.014692015209125,2.213880415710622,81.60517412935323,27.475108877721944,28.47680555555555,0.0055830673697356,0.0312218136404634,0.9095057034220532,0.1959210418543697,-10.17910447761194,1.428125443451114,6.366666666666666,5.796116504854369,0.0,0.0,0.0781481981374004,0.0,0.102547301171267,0.0351758793969849,0.0028343906060197,0.6,0.0031043325684977,42.56569728100124,0.028022939125282,0.0094003833166012,-5.280172413793103,3017000000.0,1378000000.0,485000000.0,4665000000.0,2044500000.0,819500000.0,0.0,26.44486435416385,11.528982199908718,0.0,3.4033073036288477,7.806413301662708,0.0,0.0391634980988593,0.3620689655172414,2022-02-09,2.82,amc,7190262487.0,2025-04-25,2021-12-31,0.0212765957446808,297.414375,228791.5625
2021-09-30,MOH,USD,1179929,2021-10-28,2021-10-28 10:43:57,2021,Q3,7040000000.0,6253000000.0,787000000.0,0.1117897727,0,532000000.0,0.0,532000000.0,34000000.0,566000000.0,6819000000.0,0.0,30000000.0,32000000.0,253000000.0,0.0359375,221000000.0,0.0313920455,-30000000.0,191000000.0,0.0271306818,48000000.0,143000000.0,0.0203125,2.49,2.46,57800000,58500000,https://www.sec.gov/Archives/edgar/data/1179929/000117992921000171/0001179929-21-000171-index.htm,https://www.sec.gov/Archives/edgar/data/1179929/000117992921000171/moh-20210930.htm,121.79930795847751,2.4740484429065743,7.975778546712803,7.508650519031142,125.55363321799308,43.56401384083045,27.73356401384083,43.56401384083045,41.1764705882353,15681718000.0,13674718000.0,27.41559090909091,2.227516761363636,34.01674186550976,36.132990783410136,6.227846703733122,6.227846703733122,1.942431534090909,54.05026877470356,29.66316268980477,31.5085668202765,0.0091188988349363,0.0276755391214151,0.9332803812549644,0.2129973715217982,-7.932806324110672,1.542998352553542,7.366666666666666,3.223776223776224,0.0,0.0,0.0755681818181818,0.0,0.0829330191244448,0.0585683297180043,0.0038352272727272,0.84375,0.0019886363636363,49.24467802430541,0.0333388541173268,0.0141332279106542,3.0449826989619377,3296000000.0,1603000000.0,851000000.0,4596000000.0,1884500000.0,724000000.0,0.0,24.443181818181817,11.471293778986087,0.0,3.6820083682008367,7.845671267252196,0.0,0.0567911040508339,0.4671280276816609,2021-10-27,2.79,amc,6556930000.0,2025-04-25,2021-09-30,0.014336917562724,264.10203125,275057.078125
2021-06-30,MOH,USD,1179929,2021-07-29,2021-07-29 09:54:26,2021,Q2,6800000000.0,6004000000.0,796000000.0,0.1170588235,0,484000000.0,0.0,484000000.0,39000000.0,523000000.0,6527000000.0,0.0,30000000.0,31000000.0,304000000.0,0.0447058824,273000000.0,0.0401470588,-30000000.0,243000000.0,0.0357352941,58000000.0,185000000.0,0.0272058824,3.2,3.16,57700000,58400000,https://www.sec.gov/Archives/edgar/data/1179929/000117992921000134/0001179929-21-000134-index.htm,https://www.sec.gov/Archives/edgar/data/1179929/000117992921000134/moh-20210630.htm,117.85095320623915,3.2062391681109186,8.54419410745234,8.31889081455806,118.70017331022532,41.074523396880416,24.974003466204508,41.074523396880416,41.28249566724437,14601562000.0,12345562000.0,19.731840540540546,2.1472885294117647,29.617772819472616,30.41992083333333,6.160996624472574,6.160996624472574,1.815523823529412,40.610401315789474,25.041707910750507,25.719920833333333,0.0126698773733933,0.0328731953471827,0.9924050632911392,0.2233618233618233,-7.421052631578948,1.5549325389872086,9.1,2.6648648648648647,0.0,0.0,0.0711764705882353,0.0,0.0882241215574548,0.0263691683569979,0.0019117647058823,0.4193548387096774,0.0016176470588235,54.43465604601303,0.043093407873282,0.0192688261639412,1.4168110918544194,3167000000.0,1441000000.0,714000000.0,4479000000.0,1816500000.0,673000000.0,0.0,24.57794117647059,9.758494337108594,0.0,3.66182014001077,9.22273425499232,0.0,0.0780590717299578,0.2253032928942807,2021-07-28,3.38,amc,6800000000.0,2025-04-25,2021-06-30,0.0059171597633136,251.2415873015873,314472.3968253968
2021-03-31,MOH,USD,1179929,2021-04-29,2021-04-29 11:07:35,2021,Q1,6522000000.0,5661000000.0,861000000.0,0.1320147194,0,473000000.0,0.0,473000000.0,53000000.0,526000000.0,6187000000.0,0.0,30000000.0,33000000.0,368000000.0,0.0564244097,335000000.0,0.0513646121,-30000000.0,305000000.0,0.0467647961,77000000.0,228000000.0,0.0349586017,3.95,3.89,57700000,58600000,https://www.sec.gov/Archives/edgar/data/1179929/000117992921000086/0001179929-21-000086-index.htm,https://www.sec.gov/Archives/edgar/data/1179929/000117992921000086/moh-20210331.htm,113.03292894280764,3.951473136915078,9.844020797227037,9.566724436741769,110.38128249566724,37.50433275563258,21.507798960138647,37.50433275563258,41.26516464471404,13487952000.0,11407952000.0,14.789421052631578,2.068069917203312,23.74639436619718,24.43469565217391,6.232879852125693,6.232879852125693,1.749149340693039,30.99986956521739,20.084422535211267,20.666579710144926,0.016903974747241,0.0409254125459521,1.0864140480591498,0.2362814070351759,-5.652173913043479,1.560773999624272,11.166666666666666,2.491228070175439,0.0,0.0,0.072523765716038,0.0,0.0927638190954773,0.028169014084507,0.0024532352039251,0.4848484848484848,0.0036798528058877,57.74461599613113,0.0541228073283329,0.0252575606513791,-1.4731369150779896,2985000000.0,1241000000.0,522000000.0,4286000000.0,1724000000.0,668000000.0,0.0,24.50781968721251,11.049284578696344,0.0,3.672297297297298,8.145323741007195,0.0,0.1053604436229205,0.2772963604852686,2021-04-28,3.68,amc,5175065217.0,2025-04-25,2021-03-31,0.2065217391304348,222.98704918032783,359394.4426229508
2020-12-31,MOH,USD,1179929,2021-02-16,2021-02-16 09:05:18,2020,Q4,5235000000.0,4648000000.0,587000000.0,0.1121298949,0,450000000.0,0.0,450000000.0,-10000000.0,496000000.0,5144000000.0,0.0,30000000.0,24000000.0,105000000.0,0.0200573066,91000000.0,0.017382999,-40000000.0,51000000.0,0.0097421203,17000000.0,34000000.0,0.0064947469,0.57,0.56,59300000,59400000,https://www.sec.gov/Archives/edgar/data/1179929/000117992921000024/0001179929-21-000024-index.htm,https://www.sec.gov/Archives/edgar/data/1179929/000117992921000024/moh-20201231.htm,88.27993254637437,0.5733558178752108,21.90556492411467,21.736930860033727,101.66947723440136,35.345699831365934,19.477234401349072,35.345699831365934,40.16863406408095,12611924000.0,10809924000.0,92.73473529411764,2.409154536771729,9.708948421862972,9.784269976726144,6.0171393129771,6.0171393129771,2.064932951289398,102.95165714285714,8.321727482678984,8.386287044220326,0.0026958614720481,0.1022048658079449,1.1221374045801529,0.2467477968946705,-17.16190476190476,1.5863041289023163,3.033333333333333,38.20588235294117,0.0,0.0,0.0859598853868194,0.0,0.0987201007133865,0.0076982294072363,0.0019102196752626,0.4166666666666667,0.0026743075453677,21.35362754408842,0.0132837019195679,0.0039576300779885,-2.5801011804384486,2911000000.0,1155000000.0,440000000.0,4243000000.0,1723500000.0,603500000.0,0.0,28.74498567335244,12.411790017211704,0.0,3.1309808612440198,7.251170046801872,0.0,0.0162213740458015,0.1686340640809443,2021-02-10,-0.5,amc,12088112359.0,2025-04-25,2020-12-31,0.02,206.43859375,311521.015625
2020-09-30,MOH,USD,1179929,2020-10-29,2020-10-29 09:32:08,2020,Q3,5021000000.0,4338000000.0,683000000.0,0.1360286795,0,368000000.0,0.0,368000000.0,26000000.0,394000000.0,4732000000.0,0.0,27000000.0,23000000.0,312000000.0,0.0621390161,289000000.0,0.0575582553,-27000000.0,262000000.0,0.0521808405,77000000.0,185000000.0,0.03684525,3.14,3.1,58700000,59600000,https://www.sec.gov/Archives/edgar/data/1179929/000117992920000139/0001179929-20-000139-index.htm,https://www.sec.gov/Archives/edgar/data/1179929/000117992920000139/moh-20200930.htm,85.5366269165247,3.151618398637138,-2.6916524701873934,-3.0153321976149914,84.58262350936968,37.49574105621806,32.981260647359456,37.49574105621806,35.195911413969334,10744448000.0,9587448000.0,14.519524324324324,2.139902011551484,-68.00283544303798,-60.70309604519774,4.88162108132667,4.88162108132667,1.909469826727744,30.729,-60.68005063291139,-54.16637288135593,0.0172181949226242,-0.0164736243313756,0.926397092230804,0.258723512244639,-3.7083333333333335,1.9552868391451068,10.703703703703704,-0.8540540540540541,0.0,0.0,0.0732921728739295,0.0,0.0336251744702448,-0.120253164556962,0.003784106751643,0.8260869565217391,0.0029874526986656,51.564290125284295,0.0471826324846666,0.0242909663865546,10.498296422487224,3397000000.0,1936000000.0,1273000000.0,4057000000.0,1677500000.0,721000000.0,0.0,31.816371240788687,11.742738589211616,0.0,2.828732394366197,7.664310954063604,0.0,0.0840527033166742,0.3236797274275979,2020-10-28,2.24,amc,3233687499.0,2025-04-25,2020-09-30,0.4999999999999998,181.9459375,382756.796875
2020-06-30,MOH,USD,1179929,2020-07-31,2020-07-31 10:00:34,2020,Q2,4618000000.0,3826000000.0,792000000.0,0.1715028151,0,345000000.0,0.0,345000000.0,-5000000.0,368000000.0,4194000000.0,0.0,24000000.0,21000000.0,440000000.0,0.0952793417,424000000.0,0.0918146384,-29000000.0,395000000.0,0.0855348636,119000000.0,276000000.0,0.0597661325,4.72,4.65,58600000,59400000,https://www.sec.gov/Archives/edgar/data/1179929/000117992920000111/0001179929-20-000111-index.htm,https://www.sec.gov/Archives/edgar/data/1179929/000117992920000111/moh-20200630.htm,78.80546075085324,4.709897610921502,10.46075085324232,10.051194539249147,88.89078498293516,34.06143344709898,31.262798634812288,34.06143344709898,35.23890784982935,10429628000.0,9167628000.0,9.447126811594202,2.2584729320051973,17.014075040783034,17.7073480475382,5.225264529058116,5.225264529058116,1.9851944564746644,20.83551818181818,14.955347471451876,15.564733446519524,0.0264630723166732,0.0564737304149294,1.0225450901803608,0.2591416962925343,-2.868181818181818,1.88069241011984,17.666666666666668,2.221014492753623,0.0,0.0,0.0747076656561282,0.0,0.020822752666328,0.0391517128874388,0.0051970550021654,1.1428571428571428,0.0034647033347769,60.07979644093093,0.0718911165103713,0.0357883817427385,8.771331058020477,3307000000.0,1832000000.0,1182000000.0,3870000000.0,1591500000.0,809500000.0,0.0,30.792550887830227,20.606377417668583,0.0,2.9227848101265823,4.367579908675799,0.0,0.1382765531062124,0.409556313993174,2020-07-30,4.57,amc,4542379958.0,2025-04-25,2020-06-30,0.048140043763676,170.2968253968254,721241.6031746032
2020-03-31,MOH,USD,1179929,2020-05-01,2020-05-01 13:47:59,2020,Q1,4549000000.0,3934000000.0,615000000.0,0.1351945483,0,317000000.0,0.0,317000000.0,24000000.0,341000000.0,4275000000.0,0.0,21000000.0,20000000.0,294000000.0,0.0646295889,274000000.0,0.0602330182,-21000000.0,253000000.0,0.055616619,75000000.0,178000000.0,0.039129479,2.95,2.92,60200000,61000000,https://www.sec.gov/Archives/edgar/data/1179929/000117992920000070/0001179929-20-000070-index.htm,https://www.sec.gov/Archives/edgar/data/1179929/000117992920000070/moh-3312020x10q.htm,75.56478405315615,2.956810631229236,2.259136212624585,1.910299003322259,72.67441860465117,27.358803986710964,24.56810631229236,27.358803986710964,31.09634551495017,8410542000.000001,7896542000.000001,11.812558988764046,1.848877115849637,61.84222058823529,73.13514782608696,5.106582877959927,5.106582877959927,1.735885249505386,26.858986394557828,58.062808823529416,68.66558260869566,0.0211639154765531,0.0136733161786719,1.1238615664845173,0.2596437087950624,-1.748299319727891,1.7714285714285714,13.047619047619047,0.7640449438202247,0.0,0.0,0.0696856451967465,0.0,0.0235657174919343,0.1544117647058823,0.0046163992086172,1.05,0.0026379424049241,42.66301742641435,0.0537725811875347,0.025571038643873,1.5822259136212624,2754000000.0,1479000000.0,842000000.0,3307000000.0,1504500000.0,599000000.0,0.0,31.7146625632007,16.997966446365023,0.0,2.8378041172801,5.294751009421265,0.0,0.1080752884031572,0.3488372093023256,2020-04-30,2.95,amc,4415231788.0,2025-04-25,2020-03-31,0.0237288135593219,133.81951612903225,788304.9677419355
2019-12-31,MOH,USD,1179929,2020-02-14,2020-02-14 15:08:03,2019,Q4,4274000000.0,3667000000.0,607000000.0,0.1420215255,0,343000000.0,0.0,343000000.0,21000000.0,364000000.0,4031000000.0,0.0,20000000.0,21000000.0,263000000.0,0.061534862,242000000.0,0.0566214319,-20000000.0,222000000.0,0.0519419747,54000000.0,168000000.0,0.0393074403,2.71,2.67,62000000,63000000,https://www.sec.gov/Archives/edgar/data/1179929/000117992920000026/0001179929-20-000026-index.htm,https://www.sec.gov/Archives/edgar/data/1179929/000117992920000026/moh-12312019x10k.htm,68.93548387096774,2.7096774193548385,0.4677419354838709,0.032258064516129,70.93548387096774,31.61290322580645,28.83870967741936,31.61290322580645,24.29032258064516,8412780000.0,7446780000.0,12.519017857142858,1.9683621899859616,290.0958620689655,4206.39,4.292234693877551,4.292234693877551,1.7423444080486663,28.314752851711027,256.7855172413793,3723.39,0.019969617653142,0.0002377335434897,0.7581632653061224,0.2189479888021217,-3.673003802281369,1.825328846742123,12.1,0.1726190476190476,0.0,0.0,0.0802526906878802,0.0,0.025342566671578,0.9310344827586208,0.0063172671970051,1.2857142857142858,0.0023397285914833,43.90179182792421,0.05179161061514,0.0253968253968253,10.088709677419354,2698000000.0,1788000000.0,1140000000.0,3255000000.0,1343000000.0,466500000.0,0.0,29.60692559663079,11.167166621216252,0.0,3.0398293029871977,8.05934065934066,0.0,0.0857142857142857,0.4354838709677419,2020-02-10,2.65,amc,4120604395.0,2025-04-25,2019-12-31,0.030188679245283,125.9584375,573878.734375
2019-09-30,MOH,USD,1179929,2019-10-30,2019-10-30 12:30:19,2019,Q3,4243000000.0,3642000000.0,601000000.0,0.1416450625,0,323000000.0,0.0,323000000.0,-2000000.0,344000000.0,3986000000.0,0.0,22000000.0,21000000.0,276000000.0,0.0650483149,257000000.0,0.0605703512,-24000000.0,233000000.0,0.054913976,58000000.0,175000000.0,0.0412444025,2.81,2.75,62200000,63600000,https://www.sec.gov/Archives/edgar/data/1179929/000117992919000160/0001179929-19-000160-index.htm,https://www.sec.gov/Archives/edgar/data/1179929/000117992919000160/moh-09302019x10q.htm,68.21543408360128,2.813504823151125,3.890675241157557,3.729903536977492,71.31832797427653,29.437299035369776,26.607717041800644,29.437299035369776,24.260450160771704,6824584000.0,5632584000.0,9.749405714285714,1.608433655432477,28.20076033057851,29.416310344827583,3.727244128891316,3.727244128891316,1.3275003535234504,20.40791304347826,23.27514049586777,24.278379310344828,0.0256425886178556,0.0339947460533858,0.8121245221190606,0.2219071780331293,-4.318840579710145,1.776602176541717,11.681818181818182,1.3828571428571428,0.0,0.0,0.0761253829837379,0.0,0.0262647366064766,0.0413223140495867,0.0023568230025925,0.4761904761904761,0.0023568230025925,43.16821299720993,0.0566390114650708,0.0268199233716475,8.456591639871382,2569000000.0,1655000000.0,1007000000.0,3124000000.0,1259500000.0,425500000.0,0.0,27.15060098986566,11.812191103789129,0.0,3.31484375,7.619246861924686,0.0,0.0955761878754778,0.1607717041800643,2019-10-29,2.72,amc,4082914285.0,2025-04-25,2019-09-30,0.0294117647058822,129.53171875,544423.78125
2019-06-30,MOH,USD,1179929,2019-07-31,2019-07-31 11:02:22,2019,Q2,4193000000.0,3576000000.0,617000000.0,0.1471500119,0,328000000.0,0.0,328000000.0,14000000.0,350000000.0,3926000000.0,0.0,22000000.0,22000000.0,301000000.0,0.0717863105,265000000.0,0.0632005724,-8000000.0,257000000.0,0.0612926306,61000000.0,196000000.0,0.0467445743,3.15,3.06,62100000,64000000,https://www.sec.gov/Archives/edgar/data/1179929/000117992919000134/0001179929-19-000134-index.htm,https://www.sec.gov/Archives/edgar/data/1179929/000117992919000134/moh-06302019x10q.htm,67.52012882447666,3.156199677938808,-1.497584541062802,-1.7230273752012883,69.61352657004831,27.954911433172303,25.056360708534623,27.954911433172303,25.120772946859905,8713251000.0,7998251000.0,11.11384056122449,2.0780469830670163,-93.69087096774194,-81.4322523364486,5.019153801843318,5.019153801843318,1.907524683997138,26.57226245847176,-86.00269892473118,-74.7500093457944,0.0224944742209308,-0.0122801466410183,0.8859447004608295,0.2298953662182361,-2.3754152823920265,1.7305194805194806,12.045454545454543,-0.4744897959183674,0.0,0.0,0.0782256141187693,0.0,0.0269058295964125,-0.1505376344086021,0.003338898163606,0.6363636363636364,0.0023849272597185,44.55562652908376,0.0600241067167137,0.0301075268817204,4.802737520128824,2475000000.0,1556000000.0,909000000.0,3028000000.0,1299000000.0,408500000.0,0.0,26.59432387312187,9.38758389261745,0.0,3.384180790960452,9.587131367292224,0.0,0.1129032258064516,0.2254428341384863,2019-07-30,2.66,amc,3557215434.0,2025-04-25,2019-06-30,0.1691729323308269,136.98285714285714,775066.1587301587
2019-03-31,MOH,USD,1179929,2019-04-30,2019-04-30 11:05:04,2019,Q1,4119000000.0,3509000000.0,610000000.0,0.1480941976,0,302000000.0,0.0,302000000.0,3000000.0,327000000.0,3836000000.0,0.0,23000000.0,25000000.0,308000000.0,0.0747754309,280000000.0,0.0679776645,-20000000.0,260000000.0,0.063122117,62000000.0,198000000.0,0.0480699199,3.19,2.99,62100000,66200000,https://www.sec.gov/Archives/edgar/data/1179929/000117992919000082/0001179929-19-000082-index.htm,https://www.sec.gov/Archives/edgar/data/1179929/000117992919000082/moh-03312019x10q.htm,66.32850241545894,3.188405797101449,4.009661835748792,3.9130434782608696,76.19967793880838,29.54911433172303,26.570048309178745,29.54911433172303,25.37842190016103,8985870000.0,7314870000.0,11.345795454545454,2.1815659140568098,36.0878313253012,36.97888888888889,4.896931880108991,4.896931880108991,1.7758849235251275,23.74957792207792,29.37698795180723,30.102345679012345,0.0220345943130715,0.0270424566569514,0.8463215258855585,0.2049082992479219,-5.425324675324675,1.5682665424044735,12.173913043478262,1.2575757575757576,0.0,0.0,0.0733187666909444,0.0,0.0244095527114395,0.0240963855421686,0.0014566642388929,0.24,0.0021849963583394,46.0415873670292,0.0611852996358017,0.0267784690289423,0.1167471819645732,2439000000.0,1650000000.0,987000000.0,3000000000.0,1344500000.0,417000000.0,0.0,29.694100509832484,11.387859789113708,0.0,3.0309050772626933,7.903153153153153,0.0,0.1079019073569482,0.0966183574879227,2019-04-29,2.44,amc,3282763157.0,2025-04-25,2019-03-31,0.2459016393442623,135.2311475409836,901292.737704918
2018-12-31,MOH,USD,1179929,2019-02-19,2019-02-19 16:13:06,2018,Q4,4664000000.0,3974000000.0,690000000.0,0.147941681,0,335000000.0,0.0,335000000.0,8000000.0,358000000.0,4332000000.0,0.0,24000000.0,23000000.0,303000000.0,0.0649656947,272000000.0,0.0583190395,-16000000.0,256000000.0,0.0548885077,55000000.0,201000000.0,0.0430960549,3.24,3.01,62000000,66600000,https://www.sec.gov/Archives/edgar/data/1179929/000117992919000032/0001179929-19-000032-index.htm,https://www.sec.gov/Archives/edgar/data/1179929/000117992919000032/moh-12312018x10k.htm,75.2258064516129,3.2419354838709675,-1.9838709677419355,-2.0806451612903225,72.69354838709677,26.56451612903226,23.5,26.56451612903226,23.90322580645161,7205640000.0,5837640000.0,8.96223880597015,1.5449485420240137,-58.58243902439024,-55.85767441860465,4.375009107468124,4.375009107468124,1.25163807890223,19.266138613861383,-47.46048780487805,-45.25302325581395,0.0278948157276799,-0.017902642929705,0.8852459016393442,0.2038020687727145,-4.514851485148514,1.5219029674988225,11.333333333333334,-0.6119402985074627,0.0,0.0,0.0718267581475128,0.0,0.0265585686329326,-0.048780487804878,0.0012864493996569,0.2608695652173913,0.0015008576329331,44.01942829749016,0.0678191489361702,0.0288627225732337,-0.0403225806451612,2216000000.0,1457000000.0,955000000.0,2647000000.0,1338000000.0,607000000.0,0.0,25.66466552315609,8.83241066935078,0.0,3.506766917293233,10.189743589743587,0.0,0.122040072859745,0.0967741935483871,2019-02-11,1.52,amc,3865985584.0,2025-04-25,2018-12-31,1.019736842105263,131.0614285714286,919969.238095238
2018-09-30,MOH,USD,1179929,2018-11-01,2018-11-01 06:08:26,2018,Q3,4697000000.0,4098000000.0,599000000.0,0.1275282095,0,311000000.0,0.0,311000000.0,-10000000.0,336000000.0,4434000000.0,0.0,26000000.0,31000000.0,310000000.0,0.0659995742,295000000.0,0.0628060464,-36000000.0,259000000.0,0.0551415797,62000000.0,197000000.0,0.0419416649,3.22,2.9,61300000,67900000,https://www.sec.gov/Archives/edgar/data/1179929/000117992918000189/0001179929-18-000189-index.htm,https://www.sec.gov/Archives/edgar/data/1179929/000117992918000189/moh-09302018x10q.htm,76.6231647634584,3.2137030995106035,-8.238172920065253,-8.401305057096248,75.46492659053834,25.464926590538337,22.28384991843393,25.464926590538337,25.106035889070142,9080982000.0,7779982000.0,11.524088832487308,1.9333578880136253,-17.982142574257423,-17.632974757281552,5.817413196668801,5.817413196668801,1.6563725782414307,25.09671612903226,-15.40590495049505,-15.106761165048544,0.0216936890745956,-0.0567119282914557,0.9692504804612428,0.1879269655943361,-4.196774193548387,1.4005371187416076,11.346153846153848,-2.563451776649746,0.0,0.0,0.0662124760485416,0.0,0.0242205937150664,-0.0198019801980198,0.0021290185224611,0.3225806451612903,0.0014903129657228,42.910675292268685,0.0715961197773578,0.0250763747454175,-13.939641109298533,2088000000.0,1366000000.0,811000000.0,2547000000.0,1247000000.0,789000000.0,40000000.0,25.79093038109432,18.09663250366032,0.0,3.489598811292719,4.973300970873787,0.0,0.1262011531069827,0.1631321370309951,2018-10-31,1.64,amc,3270169206.0,2025-04-25,2018-09-30,0.5548780487804877,127.64015873015872,1039279.5238095238
2018-06-30,MOH,USD,1179929,2018-08-01,2018-08-01 06:03:25,2018,Q2,4883000000.0,4173000000.0,710000000.0,0.1454024165,0,335000000.0,0.0,335000000.0,-5000000.0,360000000.0,4533000000.0,0.0,32000000.0,36000000.0,373000000.0,0.0763874667,342000000.0,0.0700389105,-37000000.0,305000000.0,0.0624616015,103000000.0,202000000.0,0.0413680115,3.29,3.02,61200000,66700000,https://www.sec.gov/Archives/edgar/data/1179929/000117992918000145/0001179929-18-000145-index.htm,https://www.sec.gov/Archives/edgar/data/1179929/000117992918000145/moh-06302018x10q.htm,79.7875816993464,3.3006535947712417,-1.30718954248366,-1.4705882352941178,90.98039215686276,27.091503267973856,23.80718954248366,27.091503267973856,28.31699346405229,5993928000.0,4302928000.0,7.418227722772277,1.2275093180421872,-74.9241,-66.5992,3.615155609167672,3.615155609167672,0.8812058160966619,11.536,-53.7866,-47.81031111111111,0.0337007718477766,-0.0150151953777222,1.025934861278649,0.1941116056145155,-4.533512064343164,1.3792096219931271,10.6875,-0.396039603960396,0.0,0.0,0.0686053655539627,0.0,0.0229373502225265,-0.125,0.0020479213598197,0.2777777777777778,0.0014335449518738,44.85468227628953,0.0660942276138858,0.0235926185470684,-10.392156862745098,2207000000.0,1457000000.0,922000000.0,2684000000.0,1049000000.0,733500000.0,78500000.0,21.159123489658,16.261682242990656,1.725377426312006,4.253484320557491,5.5344827586206895,52.1625,0.1218335343787696,0.1633986928104575,2018-07-31,1.09,amc,1701000000.0,2025-04-25,2018-06-30,1.0642201834862384,87.15734375,1125684.078125
2018-03-31,MOH,USD,1179929,2018-04-30,2018-04-30 06:10:12,2018,Q1,4646000000.0,4021000000.0,625000000.0,0.134524322,0,352000000.0,0.0,352000000.0,-10000000.0,378000000.0,4399000000.0,0.0,33000000.0,37000000.0,249000000.0,0.0535944899,222000000.0,0.0477830392,-43000000.0,179000000.0,0.0385277658,72000000.0,107000000.0,0.0230305639,1.79,1.64,59800000,65200000,https://www.sec.gov/Archives/edgar/data/1179929/000117992918000102/0001179929-18-000102-index.htm,https://www.sec.gov/Archives/edgar/data/1179929/000117992918000102/moh-03312018x10q.htm,77.6923076923077,1.7892976588628762,6.588628762541806,6.521739130434782,103.22742474916387,25.96989966555184,21.789297658862875,25.96989966555184,35.36789297658863,4854564000.0,3207564000.0,11.34243925233645,1.044891089108911,12.32122842639594,12.4476,3.125926593689633,3.125926593689633,0.6903925957813173,12.88178313253012,8.14102538071066,8.224523076923077,0.0220411142998629,0.0803367717471641,1.340631036703155,0.2279645242527099,-6.614457831325301,1.3648626144879268,6.727272727272728,3.682242990654206,0.0,0.0,0.0757640981489453,0.0,0.0273732617978758,0.0101522842639593,0.0008609556607834,0.1081081081081081,0.0012914334911752,32.33461481339624,0.0359241772102125,0.0120454801305865,-10.96989966555184,2191000000.0,1303000000.0,616000000.0,2759000000.0,910500000.0,539500000.0,123000000.0,18.402927249246662,15.958716737130068,1.7234518776423775,4.890526315789474,5.639551192145863,52.22077922077922,0.0688989053444945,0.0668896321070234,2018-04-30,0.77,bmo,3788389284.0,2025-04-25,2018-03-31,0.7272727272727273,80.43098360655738,1284402.5901639345
2017-12-31,MOH,USD,1179929,2018-03-01,2018-03-01 14:43:41,2017,Q4,4949000000.0,4481000000.0,468000000.0,0.0945645585,0,367000000.0,0.0,367000000.0,-14000000.0,395000000.0,4876000000.0,0.0,33000000.0,39000000.0,-244000000.0,-0.0493028895,-269000000.0,-0.054354415,-47000000.0,-316000000.0,-0.0638512831,-54000000.0,-262000000.0,-0.0529399879,-4.59,-4.37,57095648,60000000,https://www.sec.gov/Archives/edgar/data/1179929/000117992918000040/0001179929-18-000040-index.htm,https://www.sec.gov/Archives/edgar/data/1179929/000117992918000040/moh-12312017x10k.htm,86.67911081419025,-4.588791075635046,-2.6797138724128327,-2.697228342167165,100.00762229723708,23.4168460615422,18.950656274187484,23.4168460615422,38.56686239903959,4378094288.64,3361094288.6400003,-4.177570886106871,0.8846422082521722,-28.61499535058824,-28.429183692467536,3.274565660912492,3.274565660912492,0.6791461484421096,-13.774976592786889,-21.967936527058825,-21.82528758857143,-0.0598433890927888,-0.0351751218331659,1.6222887060583395,0.2560500531224177,4.168032786885246,1.3516285765700915,-8.151515151515152,0.583969465648855,0.0,0.0,0.0741563952313598,0.0,0.0301027033408098,-0.0065359477124183,0.0002020610224287,0.0256410256410256,0.0016164881794301,,-0.062526393487418,-0.0318889970788704,-12.0193048689105,1954000000.0,1082000000.0,377000000.0,2551000000.0,936500000.0,425500000.0,247500000.0,15.839563548191554,7.351037714795805,3.394331622405713,5.6819747416762345,12.243169398907105,26.514792899408285,-0.1959611069558713,0.0175144697543322,2018-02-12,0.23,amc,259315789.0,2025-04-25,2017-12-31,0.4782608695652174,72.18031746031745,1235300.4603174604
2017-09-30,MOH,USD,1179929,2017-11-07,2017-11-07 16:03:09,2017,Q3,5031000000.0,4449000000.0,582000000.0,0.1156827668,0,383000000.0,0.0,383000000.0,4606000000.0,416000000.0,4865000000.0,0.0,32000000.0,43000000.0,-38000000.0,-0.0075531703,-81000000.0,-0.0161001789,-32000000.0,-113000000.0,-0.0224607434,-16000000.0,-97000000.0,-0.0192804611,-1.72,-1.72,56500000,56500000,https://www.sec.gov/Archives/edgar/data/1179929/000117992917000221/0001179929-17-000221-index.htm,https://www.sec.gov/Archives/edgar/data/1179929/000117992917000221/moh-9302017x10q.htm,89.04424778761062,-1.7168141592920354,5.04424778761062,4.601769911504425,101.2566371681416,25.292035398230087,15.893805309734514,25.292035398230087,41.2212389380531,3884940000.000001,2247940000.0000005,-10.012731958762886,0.7722003577817532,13.631368421052631,14.942076923076923,2.718642407277817,2.718642407277817,0.4468177300735441,-59.156315789473695,7.887508771929826,8.64592307692308,-0.0249682105772547,0.0669251005163528,1.6074177746675995,0.2565333928970292,43.078947368421055,1.2928547467292857,-2.53125,-2.938144329896907,0.0,0.0,0.0761280063605645,0.0,0.0593031047576502,0.087719298245614,0.0049691910157026,0.5813953488372093,0.0005963029218843,,-0.0184236813596522,-0.0115160869049032,-15.743362831858407,1746000000.0,898000000.0,183000000.0,2674000000.0,1004000000.0,430000000.0,325500000.0,17.924865831842578,9.8111935266352,6.594740391099123,5.020958083832335,9.17319587628866,13.64723926380368,-0.0678796361091672,0.4424778761061947,2017-11-02,0.23,amc,618888888.0,2025-04-25,2017-09-30,3.913043478260869,65.09904761904761,1034040.4761904762
2017-06-30,MOH,USD,1179929,2017-08-02,2017-08-02 16:23:44,2017,Q2,4999000000.0,4729000000.0,270000000.0,0.0540108022,0,405000000.0,0.0,405000000.0,4757000000.0,442000000.0,5171000000.0,0.0,27000000.0,47000000.0,-240000000.0,-0.0480096019,-287000000.0,-0.0574114823,-27000000.0,-314000000.0,-0.0628125625,-84000000.0,-230000000.0,-0.0460092018,-4.11,-4.11,56000000,56000000,https://www.sec.gov/Archives/edgar/data/1179929/000117992917000172/0001179929-17-000172-index.htm,https://www.sec.gov/Archives/edgar/data/1179929/000117992917000172/moh-6302017x10q.htm,89.26785714285714,-4.107142857142857,-0.8392857142857143,-1.4464285714285714,92.33928571428572,27.160714285714285,15.178571428571429,27.160714285714285,35.982142857142854,3874080000.000001,2883080000.0000005,-4.210956521739131,0.7749709941988399,-82.4272340425532,-47.82814814814815,2.547061143984221,2.547061143984221,0.5767313462692539,-12.012833333333337,-61.34212765957448,-35.59358024691359,-0.0593689340436955,-0.0209081898153884,1.307034845496384,0.2316206454619596,4.129166666666666,1.2375280510961506,-10.62962962962963,0.2043478260869565,0.0,0.0,0.0810162032406481,0.0,0.0781777933123616,-0.723404255319149,0.0068013602720544,0.723404255319149,0.0058011602320464,,-0.059001664309937,-0.0290697674418604,-17.392857142857142,1376000000.0,850000000.0,107000000.0,2496000000.0,1006000000.0,406500000.0,162500000.0,18.111622324464893,7.136815394375132,6.185240008458448,4.969184890656064,12.610666666666669,14.55076923076923,-0.1512163050624589,0.6071428571428571,2017-08-02,0.86,amc,1043820448.0,2025-04-25,2017-06-30,-1.0116279069767442,61.36238095238095,1413512.5396825396
2017-03-31,MOH,USD,1179929,2017-05-04,2017-05-04 16:23:55,2017,Q1,4904000000.0,4344000000.0,560000000.0,0.1141924959,0,439000000.0,0.0,439000000.0,75000000.0,478000000.0,4822000000.0,0.0,26000000.0,49000000.0,206000000.0,0.0420065253,82000000.0,0.016721044,49000000.0,131000000.0,0.0267128874,54000000.0,77000000.0,0.0157014682,1.38,1.37,56000000,56000000,https://www.sec.gov/Archives/edgar/data/1179929/000117992917000099/0001179929-17-000099-index.htm,https://www.sec.gov/Archives/edgar/data/1179929/000117992917000099/moh-3312017x10q.htm,87.57142857142857,1.375,12.839285714285714,12.375,93.82142857142856,30.839285714285715,17.428571428571427,30.839285714285715,30.0,2553600000.0,1009600000.0,8.290909090909091,0.5207177814029363,3.551599443671767,3.684848484848485,1.4786334684423856,1.4786334684423856,0.2058727569331158,4.900970873786408,1.404172461752434,1.4568542568542568,0.0301535087719298,0.2713815789473684,0.9577301679212508,0.2057725802438417,-7.495145631067961,1.4477611940298507,3.1538461538461537,9.337662337662335,0.0,0.0,0.0895187601957585,0.0,0.0934312017914904,0.0361613351877607,0.0053017944535073,0.5306122448979592,0.0012234910277324,30.88835382123357,0.0133255386459615,0.010566762728146,-5.401785714285714,1980000000.0,976000000.0,91000000.0,3178000000.0,990000000.0,411500000.0,0.0,18.462479608482877,9.074585635359115,0.0,4.8747514910536776,9.917808219178085,0.0,0.0445859872611464,0.4642857142857143,2017-05-02,0.57,amc,1929387755.0,2025-04-25,2017-03-31,1.5789473684210529,52.336451612903225,1317902.0967741937
2016-12-31,MOH,USD,1179929,2017-03-01,2017-03-01 16:18:02,2016,Q4,4463000000.0,4141000000.0,322000000.0,0.0721487788,0,359000000.0,0.0,359000000.0,16083000000.0,396000000.0,4537000000.0,0.0,25000000.0,47000000.0,41000000.0,0.0091866458,-74000000.0,-0.0165807753,-25000000.0,-99000000.0,-0.0221823885,-8000000.0,-91000000.0,-0.0203898723,-1.65,-1.6,55219344,57000000,https://www.sec.gov/Archives/edgar/data/1179929/000117992917000046/0001179929-17-000046-index.htm,https://www.sec.gov/Archives/edgar/data/1179929/000117992917000046/moh-12312016x10k.htm,80.82312604075847,-1.647973217501461,0.7243838318687741,0.1267671705770354,82.88761996158448,29.06590125373456,15.302608448227852,29.06590125373456,30.24302498052132,2996201605.44,1822201605.44,-8.231323091868132,0.671342506260363,74.905040136,428.02880077714286,1.8667922775327104,1.8667922775327104,0.4082907473537979,44.44394159609756,45.555040136,260.31451506285714,-0.0303717880114533,0.0023362913854964,1.0249221183800623,0.220125786163522,-28.634146341463413,1.296248382923674,-2.96,-0.4395604395604395,0.0,0.0,0.0804391664799462,0.0,0.1016994513582229,0.825,0.0073941295092986,0.7021276595744681,0.0004481290611696,,-0.0205685521681893,-0.013555787278415,-10.150428444061196,1374000000.0,845000000.0,144000000.0,2588000000.0,1013500000.0,384000000.0,0.0,19.641496751064302,8.367544071480319,0.0,4.582135523613963,10.755844155844157,0.0,-0.0566978193146417,0.5976166612917386,2017-02-15,0.75,amc,2201785714.0,2025-04-25,2016-12-31,-0.16,54.69920634920635,942501.3650793652
2016-09-30,MOH,USD,1179929,2016-10-27,2016-10-27 16:26:48,2016,Q3,4546000000.0,4049000000.0,497000000.0,0.1093268808,0,343000000.0,0.0,343000000.0,3966000000.0,379000000.0,4428000000.0,0.0,26000000.0,46000000.0,164000000.0,0.0360756709,118000000.0,0.0259568852,-26000000.0,92000000.0,0.0202375715,50000000.0,42000000.0,0.0092388913,0.77,0.76,56000000,56000000,https://www.sec.gov/Archives/edgar/data/1179929/000117992916000397/0001179929-16-000397-index.htm,https://www.sec.gov/Archives/edgar/data/1179929/000117992916000397/moh-09302016x10q.htm,81.17857142857143,0.75,6.339285714285714,5.607142857142857,81.73214285714286,30.196428571428573,16.482142857142858,30.196428571428573,29.660714285714285,3265920000.0,2058920000.0,19.44,0.7184161900571931,9.199774647887324,10.401019108280256,1.9313542282672973,1.9313542282672973,0.4529080510338759,12.55439024390244,5.799774647887324,6.557070063694267,0.0128600823045267,0.0961444248481285,0.9668835008870492,0.2159841479524438,-7.359756097560975,1.3103965702036442,4.538461538461538,8.452380952380953,0.0,0.0,0.0754509458864936,0.0,0.101453104359313,0.1154929577464788,0.0090189177298724,0.8913043478260869,0.0017597888253409,22.57354053184518,0.0159802922626494,0.0061746545133784,-9.147321428571429,1448000000.0,923000000.0,234000000.0,2666000000.0,1044000000.0,460000000.0,0.0,20.846898372195337,8.513213139046679,0.0,4.31718898385565,10.571801566579634,0.0,0.0248373743347131,0.7321428571428571,2016-10-27,0.76,amc,4056611764.0,2025-04-25,2016-09-30,0.1184210526315789,55.1153125,840969.03125
2016-06-30,MOH,USD,1179929,2016-07-27,2016-07-27 16:29:33,2016,Q2,4359000000.0,3869000000.0,490000000.0,0.1124111035,0,351000000.0,0.0,351000000.0,3787000000.0,385000000.0,4254000000.0,0.0,25000000.0,45000000.0,139000000.0,0.0318880477,105000000.0,0.0240880936,-25000000.0,80000000.0,0.0183528332,47000000.0,33000000.0,0.0075705437,0.58,0.58,55000000,55000000,https://www.sec.gov/Archives/edgar/data/1179929/000117992916000328/0001179929-16-000328-index.htm,https://www.sec.gov/Archives/edgar/data/1179929/000117992916000328/moh-06302016x10q.htm,79.25454545454545,0.6,2.527272727272728,1.509090909090909,78.41818181818182,29.83636363636364,16.072727272727274,29.83636363636364,30.036363636363635,2744500000.0,2026500000.0,20.791666666666668,0.6296168846065612,19.744604316546763,33.066265060240966,1.6724558196221817,1.6724558196221817,0.4649002064693737,14.579136690647482,14.579136690647482,24.41566265060241,0.0120240480961923,0.0302423027873929,0.991468616697136,0.22590946959178,-5.16546762589928,1.5208447613823368,4.2,4.212121212121212,0.0,0.0,0.0805230557467309,0.0,0.105109691752291,0.4028776978417266,0.0128469832530396,1.2444444444444445,0.0020646937370956,20.069651444180817,0.0121766938431262,0.0051202482544608,-8.577272727272728,1899000000.0,884000000.0,-16000000.0,3104000000.0,949000000.0,569000000.0,0.0,21.36958017894012,12.491599896614112,0.0,4.211594202898551,7.204841713221602,0.0,0.0201096892138939,1.018181818181818,2016-07-27,0.49,amc,3182074626.0,2025-04-25,2016-06-30,0.3673469387755103,53.44828125,1218605.21875
2016-03-31,MOH,USD,1179929,2016-05-03,2016-05-02 20:22:12,2016,Q1,4343000000.0,3882000000.0,461000000.0,0.1061478241,0,340000000.0,0.0,340000000.0,3787000000.0,372000000.0,4254000000.0,0.0,25000000.0,44000000.0,121000000.0,0.0278609256,89000000.0,0.0204927469,-25000000.0,64000000.0,0.0147363574,40000000.0,24000000.0,0.005526134,0.44,0.43,55000000,57000000,https://www.sec.gov/Archives/edgar/data/1179929/000117992916000293/0001179929-16-000293-index.htm,https://www.sec.gov/Archives/edgar/data/1179929/000117992916000293/moh-03312016x10q.htm,78.96363636363637,0.4363636363636363,2.527272727272728,1.690909090909091,76.83636363636364,28.90909090909091,14.945454545454544,28.90909090909091,29.87272727272727,3546949999.9999995,3008949999.9999995,36.94739583333333,0.8167050425972828,25.51762589928057,38.13924731182795,2.2307861635220125,2.2307861635220125,0.6928275385678102,24.86735537190082,21.64712230215827,32.354301075268815,0.0067663767462185,0.026219709891597,1.0176100628930818,0.2252540721147153,-4.446280991735537,1.316883710303861,3.56,5.791666666666667,0.0,0.0,0.0782868984572875,0.0,0.1069191145760824,0.3309352517985611,0.0105917568501036,1.0454545454545454,0.0016117890858853,16.847394776160545,0.0102345906163753,0.0037412314886983,-13.086363636363636,1387000000.0,822000000.0,171000000.0,2574000000.0,730000000.0,481500000.0,0.0,17.883951185816258,13.93353941267388,0.0,5.032444959443801,6.4592346089850246,0.0,0.0150943396226415,0.8363636363636363,2016-04-28,0.81,amc,6885000000.0,2025-04-25,2016-03-31,-0.4691358024691358,59.38016393442623,882135.475409836
2015-12-31,MOH,USD,1179929,2016-02-26,2016-02-26 16:59:25,2015,Q4,3765000000.0,3344000000.0,421000000.0,0.1118193891,0,317000000.0,0.0,317000000.0,2000000.0,345000000.0,3689000000.0,0.0,22000000.0,33000000.0,110624000.0,0.0293822045,76000000.0,0.020185923,-19991000.0,56000000.0,0.014873838,26000000.0,29605000.0,0.0078632138,0.54,0.51,56000000,57700000,https://www.sec.gov/Archives/edgar/data/1179929/000117992916000231/0001179929-16-000231-index.htm,https://www.sec.gov/Archives/edgar/data/1179929/000117992916000231/moh-12312015x10k.htm,67.23214285714286,0.5286607142857143,3.9107142857142856,3.357142857142857,73.75,27.803571428571427,16.357142857142858,27.803571428571427,29.125,3367280000.0,2647280000.0,28.4350616449924,0.8943638778220452,15.37570776255708,17.911063829787235,2.16267180475273,2.16267180475273,0.703128818061089,23.93043100954585,12.088036529680366,14.08127659574468,0.0087919626523484,0.0558314128911168,1.03339755940912,0.2446776155717761,-6.508533410471507,1.3882783882783882,3.4545454545454546,7.3,0.0,0.0,0.0841965471447543,0.0,0.0974756690997566,0.1415525114155251,0.0082337317397078,0.9393939393939394,0.0018592297476759,18.18570203347275,0.0127112974443602,0.0049882055602358,-7.879464285714286,1484000000.0,916000000.0,287000000.0,2518000000.0,608445500.0,318065500.0,0.0,14.270916334661354,9.74282296650718,0.0,6.306532663316583,9.23756906077348,0.0,0.019014129736673,0.5535714285714286,2016-02-08,0.61,amc,3367460557.0,2025-04-25,2015-12-31,0.1475409836065573,63.00734375,990883.90625
2015-09-30,MOH,USD,1179929,2015-10-29,2015-10-29 16:23:20,2015,Q3,3611363000.0,3184976000.0,426387000.0,0.1180681643,0,287691000.0,0.0,287691000.0,40000.0,313534000.0,3498510000.0,0.0,15269000.0,30507000.0,144000000.0,0.0398741417,112853000.0,0.0312494202,-15000000.0,97624000.0,0.0270324528,51329000.0,46000000.0,0.012737573,0.84,0.77,55000000,60000000,https://www.sec.gov/Archives/edgar/data/1179929/000117992915000166/0001179929-15-000166-index.htm,https://www.sec.gov/Archives/edgar/data/1179929/000117992915000166/moh-09302015x10q.htm,65.66114545454545,0.8363636363636363,4.692290909090909,4.065,65.9214,27.60016363636364,20.006636363636364,27.60016363636364,17.136727272727274,3786749999.999999,2549790999.9999995,20.58016304347826,1.0485653200744427,14.673003301353088,16.937269372693724,2.494550427566635,2.494550427566635,0.7060467197565018,17.70688194444444,9.880000464979307,11.40463379179246,0.0121476199907572,0.0590413943355119,0.6108336643590387,0.1567618157876095,-8.589993055555556,1.2717191939230854,7.39098827690091,5.574116071621417,0.0,0.0,0.0796627201419519,0.0,0.0706072377304531,0.133685425998543,0.0095534566865751,1.1309207722817711,0.0019341727763174,22.79001749715566,0.0213670769061164,0.0083676117399047,-5.571395454545455,1049154000.0,1100365000.0,513302000.0,1841660000.0,625507500.0,336658500.0,0.0,15.448513483690231,7.746303268847237,0.0,5.825803246054548,11.618445195909985,0.0,0.0303028506418604,0.6272909090909091,2015-10-29,0.69,amc,3231826480.0,2025-04-25,2015-09-30,0.1159420289855073,74.1671875,933477.578125
2015-06-30,MOH,USD,1179929,2015-07-30,2015-07-30 16:21:16,2015,Q2,3524890000.0,3097614000.0,427276000.0,0.1212168323,0,286496000.0,0.0,286496000.0,32000.0,311648000.0,3409262000.0,0.0,14946000.0,29502000.0,145000000.0,0.0411360355,115628000.0,0.0328032932,-15000000.0,100714000.0,0.0285722391,61783000.0,39000000.0,0.0110641751,0.78,0.72,50000000,54000000,https://www.sec.gov/Archives/edgar/data/1179929/000117992915000109/0001179929-15-000109-index.htm,https://www.sec.gov/Archives/edgar/data/1179929/000117992915000109/moh-06302015x10q.htm,70.4978,0.78,1.88154,1.06382,69.61008,29.26214,22.21198,29.26214,18.69766,3515000000.0,2421055000.0,22.53205128205128,0.9971942386854624,37.36301115044059,66.08260795999323,2.402421695747474,2.402421695747474,0.6868455469532383,16.69693103448276,25.734823601943088,45.51625274952529,0.0110953058321479,0.0151325746799431,0.628755791613327,0.1603750872317172,-7.544448275862069,1.2855982350206523,7.73638431687408,2.4157614975733765,0.0,0.0,0.0812779973275761,0.0,0.0614536661204823,0.4346014434984109,0.0115992272099271,1.385872144261406,0.0010116627752922,22.661653889334733,0.0182931974694494,0.0072441545709407,-6.3841,1067713000.0,1110599000.0,533175000.0,1783465000.0,561277000.0,413415000.0,0.0,16.11430711312977,11.59819783872361,0.0,5.585098966288717,7.759826246411447,0.0,0.0266556034521056,0.81772,2015-07-30,0.63,amc,3080929250.0,2025-04-25,2015-06-30,0.1428571428571428,66.87650793650793,978705.507936508
2015-03-31,MOH,USD,1179929,2015-05-07,2015-05-07 16:25:09,2015,Q1,3171123000.0,2807811000.0,363312000.0,0.1145688767,0,256090000.0,0.0,256090000.0,10000.0,281082000.0,3088893000.0,0.0,14876000.0,32574000.0,115000000.0,0.0362647554,82230000.0,0.0259308769,-15000000.0,67364000.0,0.0212429477,39223000.0,28000000.0,0.0088296796,0.58,0.56,49000000,50000000,https://www.sec.gov/Archives/edgar/data/1179929/000117992915000068/0001179929-15-000068-index.htm,https://www.sec.gov/Archives/edgar/data/1179929/000117992915000068/moh-03312015x10q.htm,64.71679591836735,0.5714285714285714,11.298632653061224,10.78895918367347,62.73244897959184,21.26516326530612,13.984591836734694,21.26516326530612,18.928408163265303,3297210000.0000005,2339802000.0000005,29.439375000000005,1.039760993187587,5.955587907512739,6.236931557015015,3.1643302786103176,3.1643302786103176,0.7378464979125693,20.34610434782609,4.22626902659343,4.425919165284239,0.008492028108613,0.1603352531382593,0.8758369777915974,0.1765286745745329,-8.325286956521738,1.18990725805105,5.527695617101371,19.665151138422196,0.0,0.0,0.0807568801336308,0.0,0.0690062979359505,0.0451093052617889,0.0078754434943078,0.7666850862651194,0.0017895868435251,16.535091229942072,0.0170289396909123,0.0058175278373901,-13.986397959183671,682374000.0,685245000.0,147774000.0,1383849000.0,543943000.0,334822000.0,0.0,13.947330330611583,13.707461079111097,0.0,6.45284781148892,6.565767320481522,0.0,0.0268715816708941,0.5096734693877552,2015-05-07,0.49,amc,2772094499.0,2025-04-25,2015-03-31,0.142857142857143,57.777868852459015,714572.6393442623
2014-12-31,MOH,USD,1179929,2015-02-26,2015-02-26 16:30:59,2014,Q4,2800968000.0,2474954000.0,326014000.0,0.1163933326,0,204488000.0,0.0,204488000.0,8000.0,229570000.0,2704524000.0,0.0,14577000.0,34940000.0,131392000.0,0.046909497,96444000.0,0.0344323819,-14569000.0,81875000.0,0.0292309659,47942000.0,33792000.0,0.0120644006,0.68,0.68,48893069,49727000,https://www.sec.gov/Archives/edgar/data/1179929/000117992915000007/0001179929-15-000007-index.htm,https://www.sec.gov/Archives/edgar/data/1179929/000117992915000007/moh-12312014x10k.htm,57.28762905024432,0.6911409058817723,4.480369190978787,3.5975651272780604,52.32899166137433,20.666364797022663,13.278057877692234,20.666364797022663,18.81587756334134,2617245983.57,1983571983.57,19.36291121840968,0.9344076703375404,11.94767612182106,14.879508252433258,2.590199124313914,2.590199124313914,0.708173739782104,15.096596319182296,9.054966851715749,11.276959018795198,0.0129112816342569,0.0672065220862705,0.8960326273056741,0.2022214702666724,-4.82277459814905,1.4922922990123566,6.616176167935789,6.482569839015151,0.0,0.0,0.0730061892888458,0.0,0.0806834159181544,0.1970382408392259,0.015410029675455,1.2353463079564968,0.0020035930435478,17.926958106708785,0.0173577386006145,0.0082099564186203,-9.42681671301918,1070624000.0,649205000.0,-221376000.0,1772639000.0,511069500.0,425722000.0,0.0,19.165174325447488,8.800163558595433,0.0,4.696017811875477,10.2270826446281,0.0,0.0334427903828225,0.8828040637007262,2015-02-09,0.61,amc,2474027391.0,2025-04-25,2014-12-31,0.1311475409836064,48.43328125,607430.9375
2014-09-30,MOH,USD,1179929,2014-10-30,2014-10-30 16:31:31,2014,Q3,2484351000.0,2241451000.0,242900000.0,0.0977720137,0,178879000.0,0.0,178879000.0,-863000.0,203121000.0,2444572000.0,0.0,14419000.0,33810000.0,72726000.0,0.0292736413,39779000.0,0.0160118276,-15282000.0,24497000.0,0.0098605229,8427000.0,16122000.0,0.0064894212,0.34,0.33,46991000,48644000,https://www.sec.gov/Archives/edgar/data/1179929/000117992914000020/0001179929-14-000020-index.htm,https://www.sec.gov/Archives/edgar/data/1179929/000117992914000020/moh-20140930x10q.htm,52.86865570002767,0.3430869741014237,12.89051094890511,12.16481879508842,51.95205464876253,20.52075929433296,13.675405928794875,20.52075929433296,19.646868549296677,1987719300.0,1297930299.9999998,30.82308801637513,0.8000960009274051,3.2814835787089462,3.4772404515452986,2.061327234206272,2.061327234206272,0.5224424004498558,17.846853944944034,2.14272556781975,2.27054984194515,0.0081108031702464,0.2875843686782133,0.942461352434068,0.2240571084824488,-9.484764733382834,1.5430823114624297,2.7587904847770304,37.57213745192904,0.0,0.0,0.0720023056323361,0.0,0.0793044618775486,0.0562966166890635,0.0137263212806885,1.0086069210292812,0.0022778584829599,12.586068380654783,0.0122397023806785,0.0043170784609328,-7.050451150220255,1051447000.0,642621000.0,-104329000.0,1701664000.0,449598500.0,542401000.0,0.0,15.421118030423235,24.470737928243803,0.0,5.836152723975353,3.6778621169459376,0.0,0.0167190194661155,0.7256921538166883,2014-10-30,0.42,amc,3159303636.0,2025-04-25,2014-09-30,-0.2142857142857142,44.25640625,714775.6875
2014-06-30,MOH,USD,1179929,2014-07-30,2014-07-30 16:33:16,2014,Q2,2312039000.0,2063471000.0,248568000.0,0.1075102972,0,193239000.0,0.0,193239000.0,9000.0,216141000.0,2279612000.0,0.0,13993000.0,32660000.0,65096000.0,0.0281552344,32427000.0,0.0140252824,-13984000.0,18443000.0,0.0079769416,10702000.0,7811000.0,0.0033784032,0.17,0.16,46279000,48003000,https://www.sec.gov/Archives/edgar/data/1179929/000117992914000017/0001179929-14-000017-index.htm,https://www.sec.gov/Archives/edgar/data/1179929/000117992914000017/moh-20140630x10q.htm,49.958706972925086,0.1687806564532509,0.5307590915966205,0.101147388664405,38.20793448432335,19.816115300676337,12.918148620324551,19.816115300676337,17.82039369908598,2065431770.0,1848797770.0,66.10650908974523,0.8933377724164687,84.08711354476246,441.23729331339456,2.2522073233231925,2.2522073233231925,0.7996395259768542,28.40109638073,75.26758824247852,394.95786584063234,0.0037817758559993,0.0022663542160969,0.8840295724426707,0.234852314392492,-3.3279156937446235,1.454284533543928,2.3173729722003857,3.144667776213033,0.0,0.0,0.0835794724915972,0.0,0.0924763378291433,0.8094288156984082,0.0085993359108561,0.6087568891610533,0.002102040666269,8.674847626790507,0.0067830276166616,0.0024932983230964,-8.893850342487953,740909000.0,597839000.0,-163114000.0,1377770000.0,405873000.0,440886000.0,0.0,18.43232748236513,20.733133637448745,0.0,4.882725748341126,4.340877822609486,0.0,0.0085173432780485,0.4296117029322154,2014-07-30,0.43,amc,5919615875.0,2025-04-25,2014-06-30,0.6511627906976744,40.53460317460317,652704.4920634921
2014-03-31,MOH,USD,1179929,2014-05-01,2014-05-01 16:25:08,2014,Q1,2069243000.0,1836198000.0,233045000.0,0.112623312,0,188087000.0,0.0,188087000.0,44000.0,208778000.0,2044976000.0,0.0,13822000.0,32994000.0,57305000.0,0.0276937025,24267000.0,0.0117274771,-13778000.0,10489000.0,0.0050690035,5655000.0,4498000.0,0.0021737418,0.1,0.09,46021000,47520000,https://www.sec.gov/Archives/edgar/data/1179929/000117992914000014/0001179929-14-000014-index.htm,https://www.sec.gov/Archives/edgar/data/1179929/000117992914000014/moh-20140331x10q.htm,44.963016883596616,0.0977379891788531,4.582625323222008,4.196106125464462,38.66862953868886,19.5067469198844,12.459420699245996,19.5067469198844,17.668303600530194,1728548760.0,1444470760.0,96.0731858603824,0.8353531992134322,8.196175194526239,8.951155875697145,1.925487635342869,1.925487635342869,0.6980672448813406,25.20671424832039,6.8491764226138825,7.480079954844156,0.0026021828854859,0.1117174154809494,0.8903566813705832,0.2426888146614478,-4.957298665037955,1.4661395268724324,1.7556793517580669,46.88683859493108,0.0,0.0,0.0908965259275976,0.0,0.0984748355918859,0.0843444904384604,0.0085963804154466,0.539128326362369,0.0027043706321587,6.549609143745257,0.005821096116246,0.0015149086137609,-7.877229960235544,725287000.0,573395000.0,-114530000.0,1359976000.0,318583500.0,334728500.0,0.0,14.71111899375762,19.92010665516464,0.0,6.117821495304998,4.518048098736756,0.0,0.005010470970904,0.3865191977575454,2014-05-01,0.01656,amc,413522799.0,2025-04-25,2014-03-31,5.03864734299517,36.84934426229509,598406.262295082
2013-12-31,MOH,USD,1179929,2014-02-26,2014-02-26 16:57:40,2013,Q4,1705622000.0,1501007000.0,204615000.0,0.1199650333,0,187006000.0,0.0,187006000.0,4000.0,207300000.0,1708307000.0,0.0,13835000.0,25831000.0,23150000.0,0.0135727611,-2685000.0,-0.0015742058,-13831000.0,-16516000.0,-0.009683271,-7475000.0,-9126000.0,-0.0053505407,-0.2,-0.2,45725000,45725000,https://www.sec.gov/Archives/edgar/data/1179929/000117992914000004/0001179929-14-000004-index.htm,https://www.sec.gov/Archives/edgar/data/1179929/000117992914000004/moh-12312013x10k.htm,37.30173865500274,-0.1995844723892837,1.7324002186987424,0.997069436850738,35.84356478950246,19.528419901585565,12.319912520503006,19.528419901585565,17.467402952433023,1588943750.0,1437910750.0,-43.527935294762216,0.931591964690887,20.0588753250688,34.85213638656752,1.7794578452903174,1.7794578452903174,0.8430418639065397,62.11277537796976,18.152230035094806,31.53935535522362,-0.0057434380543678,0.0286926456647694,0.8789668252071535,0.2613647905367312,-6.524103671706263,1.576276530631171,-0.1940730032526201,-8.680035064650449,0.0298758215953207,-5.201731317115932,0.1096409403724858,0.0,0.1097622094636018,0.4244577978640139,0.0197130431009918,1.3016530525337773,0.0047138228751739,,-0.0007772692306746,-0.0034137225211421,-5.3986167304538,745688000.0,563328000.0,-70336000.0,1367380000.0,296451000.0,272885000.0,0.0,15.773805684964197,15.77199173621442,0.0,5.705661765935739,5.706317978429382,0.0,-0.0102202059047838,0.7353307818480044,2014-02-10,-0.23652,amc,425903999.0,2025-04-25,2013-12-31,-2.860307796380856,33.693125,545704.125
2013-09-30,MOH,USD,1179929,2013-10-30,2013-10-30 16:39:47,2013,Q3,1687079000.0,1467049000.0,220030000.0,0.1304206857,0,176233000.0,0.0,176233000.0,24000.0,195104000.0,1662153000.0,0.0,13532000.0,24128000.0,49078000.0,0.0290905168,24926000.0,0.014774649,-13508000.0,11418000.0,0.0067679107,3865000.0,7569000.0,0.0044864526,0.17,0.16,45699000,47062000,https://www.sec.gov/Archives/edgar/data/1179929/000117992913000005/0001179929-13-000005-index.htm,https://www.sec.gov/Archives/edgar/data/1179929/000117992913000005/moh-20130930x10q.htm,36.917197312851485,0.1656272566139303,4.890522768550734,4.251624762029803,34.83023698549202,19.53758287927526,12.197859909407208,19.53758287927526,17.14945622442504,1626884400.0,1540509400.0,53.73511692429647,0.964320224482671,7.279385391870851,8.373269512854165,1.8221291866028708,1.8221291866028708,0.9131222663550432,31.38900118179225,6.89290623378018,7.928713554131604,0.0046524510284811,0.1194276618547697,0.8626115531423042,0.2633038023757412,-1.7599535433391744,1.880757156330648,1.8420041383387529,29.527282335843573,0.0,0.0,0.1044604313135306,0.0,0.1146702330819202,0.1306400229090974,0.0173062435131964,1.2100878647214854,0.0050406649599692,8.53281991466697,0.0087717237670428,0.0029227910511389,-4.8148920107661,920777000.0,557430000.0,-66003000.0,1523472000.0,253871500.0,231477000.0,0.0,15.68215240661522,17.344635387093412,0.0,5.739008119959043,5.188924297997716,0.0,0.0084773668082361,0.6388980065209304,2013-10-30,0.32,amc,3265344312.0,2025-04-25,2013-09-30,1.2187499999999998,36.91109375,565211.8125
2013-06-30,MOH,USD,1179929,2013-07-25,2013-07-25 16:32:02,2013,Q2,1605834000.0,1380894000.0,224940000.0,0.1400767452,0,161479000.0,0.0,161479000.0,-3502000.0,178494000.0,1559388000.0,0.0,11667000.0,22108000.0,65052000.0,0.0405097912,46446000.0,0.0289232885,-15169000.0,31277000.0,0.0194771066,15481000.0,24571000.0,0.0153010834,0.54,0.53,45446000,46507000,https://www.sec.gov/Archives/edgar/data/1179929/000144530513001699/0001445305-13-001699-index.htm,https://www.sec.gov/Archives/edgar/data/1179929/000144530513001699/moh-20130630x10q.htm,35.33499097830392,0.5406636447652159,-2.901289442415174,-3.4307529815605333,32.15275271751089,19.284139418210625,14.396162478545966,19.284139418210625,17.012674382783963,1721948940.0,1740769940.0,17.520134915143867,1.0723081837848745,-13.059710432909624,-11.044222712521004,1.9648271140489304,1.9648271140489304,1.0840285733145518,26.75966826538769,-13.202453811849647,-11.1649366958708,0.0142692965100347,-0.0905450773702964,0.8688981009531177,0.2951611602858388,0.2893223882432515,2.467340442531312,3.980971972229365,-5.3661633633144765,0.0,0.0,0.1005577164264799,0.0,0.0861031909566047,-0.1824924915814701,0.0149841141736941,1.0883842952777276,0.0048130753240995,15.316339146161276,0.0125253226994751,0.0104212569721394,-1.803965145447344,1037643000.0,654248000.0,41273000.0,1509080000.0,182013500.0,170106500.0,0.0,11.981213500274624,11.746325206713912,0.0,7.511759973055909,7.661970736904015,0.0,0.02803670068132,0.5294635391453594,2013-07-25,0.31,amc,1440874539.0,2025-04-25,2013-06-30,0.0967741935483871,35.32421875,664718.265625
2013-03-31,MOH,USD,1179929,2013-05-03,2013-05-02 19:17:30,2013,Q1,1590587000.0,1365524000.0,225063000.0,0.1414968185,0,141407000.0,0.0,141407000.0,131000.0,157972000.0,1523496000.0,0.0,13037000.0,21799000.0,89803000.0,0.0564590305,67091000.0,0.0421800254,-12906000.0,54185000.0,0.0340660398,24270000.0,29915000.0,0.018807522,0.65,0.64,45981000,46443000,https://www.sec.gov/Archives/edgar/data/1179929/000144530513001088/0001445305-13-001088-index.htm,https://www.sec.gov/Archives/edgar/data/1179929/000144530513001088/moh-20130331x10q.htm,34.592266370892325,0.6505948109001544,0.437224070811857,0.1943628890193775,32.8713381614145,16.619886474848308,11.749352993627802,16.619886474848308,14.271307714055803,1414375560.0,888036560.0,11.819952866454956,0.8892160944355763,70.35294269797056,158.26066465256798,1.850794832236106,1.850794832236106,0.558307442472496,9.888718194269678,44.172132908873856,99.36629293946514,0.0211506765572221,0.0063186894999797,0.8416289474338491,0.2585003993024365,-5.861040277050878,2.150609056019207,5.146199278975224,0.6720374394116664,0.3278591720009641,15.501119839545378,0.0889023989256796,0.0,0.0900096419380496,0.5554615996816554,0.0070206785293731,0.5122712051011514,0.0027794770106885,15.597700718741669,0.0219665844336805,0.0132125397005569,-2.1692601291837934,923992000.0,540247000.0,3148000.0,1385679000.0,149966500.0,172010000.0,0.0,8.50163493100346,10.544479628333152,0.0,10.586199093516848,8.535271836285675,0.0,0.0391455628704041,0.2428611817924795,2013-04-25,0.25,amc,620725781.0,2025-04-25,2013-03-31,1.56,30.4735,709262.5
2012-12-31,MOH,USD,1179929,2013-02-28,2013-02-28 16:36:36,2012,Q4,1578569000.0,1354759000.0,223810000.0,0.1417803086,0,153419000.0,0.0,153419000.0,361000.0,169677000.0,1524436000.0,0.0,4348000.0,20475000.0,59909000.0,0.0379514611,54133000.0,0.0342924509,-3987000.0,50146000.0,0.0317667457,24503000.0,25643000.0,0.0162444594,0.55,0.54,46617000,47143000,https://www.sec.gov/Archives/edgar/data/1179929/000144530513000387/0001445305-13-000387-index.htm,https://www.sec.gov/Archives/edgar/data/1179929/000144530513000387/moh-12312012x10k.htm,33.862517965549046,0.5500782976167492,1.7219683806336743,1.1728768475019842,24.424887916425337,16.781731986185296,11.873672694510589,16.781731986185296,5.733680846043289,1261456020.0,728625020.0,12.298249229809306,0.7991136402653289,15.714574265319596,23.071475967517745,1.6124676536531368,1.6124676536531368,0.4615731209722223,12.162196331102171,9.07683804018786,13.326231253200673,0.0203280967338044,0.0433435642092381,0.3361041730047014,0.1358982893516819,-8.894005908961926,1.6293064198822034,12.450091996320149,3.1304059587411768,0.0,0.0,0.09718865630834,0.0,0.1182532553382171,0.3188743413102787,0.0162153190642917,1.2501587301587302,0.0028950270783222,14.41192206631303,0.0249849445521922,0.0150308641794395,2.11014222279426,521089000.0,553515000.0,196618000.0,971331000.0,170060500.0,92017000.0,0.0,8.533919011459112,12.2258350009116,0.0,10.546151173821835,7.361460382320658,0.0,0.0327783984435917,0.5490915331316901,2013-02-07,0.22,amc,641007074.0,2025-04-25,2012-12-31,1.4545454545454548,26.29564516129032,419696.8870967742
2012-09-30,MOH,USD,1179929,2012-10-26,2012-10-26 16:02:15,2012,Q3,1540190000.0,1351575000.0,188615000.0,0.1224621638,0,127500000.0,0.0,127500000.0,-184000.0,181428000.0,1533003000.0,0.0,4315000.0,20279000.0,22463000.0,0.0145845642,7187000.0,0.0046663074,-4499000.0,2872000.0,0.001864705,-492000.0,3364000.0,0.0021841461,0.07,0.07,46546000,46880000,https://www.sec.gov/Archives/edgar/data/1179929/000119312512437608/0001193125-12-437608-index.htm,https://www.sec.gov/Archives/edgar/data/1179929/000119312512437608/d406541d10q.htm,33.08963176212779,0.0722725905555794,0.6024362995746143,0.188931379710394,23.03903665191423,16.220534524986036,11.147681863103166,16.220534524986036,5.714970137068706,1165046380.0,711260380.0,86.58192479191439,0.7564302975606906,41.54796119967192,132.48196270184218,1.5431057442308025,1.5431057442308025,0.4618004142346074,31.663641543872146,25.365014799757496,80.88018876506709,0.0028874386957882,0.0075481973515938,0.3466141104448868,0.1372232858100947,-20.201486889551703,1.5798679225325023,1.66558516801854,8.335612366230677,0.0,0.0,0.0827819944292587,0.0,0.1238136887691937,0.6863877893085125,0.012496510170823,0.9491099166625572,0.0036592887890455,5.135830130770634,0.0078216134221819,0.0020132308285246,1.3564699437115972,482413000.0,518880000.0,162283000.0,929506000.0,191417500.0,0.0,0.0,11.128178990903718,0.0,0.0,8.087576599331019,0.0,0.0,0.0044556232375851,0.4135049198642203,2012-10-23,-0.11,amc,2420298571.0,2025-04-25,2012-09-30,-1.6363636363636362,24.696349206349204,668389.8571428572
2012-06-30,MOH,USD,1179929,2012-08-06,2012-08-06 16:03:31,2012,Q2,1535316000.0,1408190000.0,127126000.0,0.0828011953,0,131485000.0,0.0,131485000.0,-1086000.0,187501000.0,1595691000.0,0.0,3808000.0,19671000.0,-30845000.0,-0.0200903267,-59267000.0,-0.0386024766,4943000.0,-63075000.0,-0.0410827478,-25769000.0,-37306000.0,-0.0242985809,-0.8,-0.8,46355000,46355000,https://www.sec.gov/Archives/edgar/data/1179929/000119312512337707/0001193125-12-337707-index.htm,https://www.sec.gov/Archives/edgar/data/1179929/000119312512337707/d355754d10q.htm,33.12082838960198,-0.8047891273864739,3.99974112824938,3.5726890303095677,23.12591953403085,16.093409556682126,10.88383130190918,16.093409556682126,5.916859022759142,1087488300.0,630864300.0,-7.28762330456227,0.7083156171107446,5.86537959527097,6.566482501268024,1.4577395745365345,1.4577395745365345,0.4109019250760104,-20.452724914897065,3.402573243872972,3.809290993406275,-0.0343047368877439,0.1522885349663072,0.3625527807938231,0.1410547659726264,14.803825579510455,1.5743374496189992,-15.563813025210084,-4.969924408942261,0.0,0.0,0.0856403502601418,0.0,0.1259421278477659,0.1067699344149119,0.0128937625869853,1.0063545320522598,0.0033517529941718,,-0.0324724414970081,-0.0222592420664233,0.967339014130083,481930000.0,504520000.0,149578000.0,929909000.0,214982500.0,290241000.0,0.0,11.278225459775054,0.0,0.0,7.979978793737915,0.0,0.0,-0.0500073725553276,0.4270520979398123,2012-07-26,-0.016,amc,38410599.0,2025-04-25,2012-06-30,49.0,25.422698412698413,1174964.349206349
2012-03-31,MOH,USD,1179929,2012-05-09,2012-05-09 16:24:06,2012,Q1,1373580000.0,1161482000.0,212098000.0,0.154412557,0,120223000.0,0.0,120223000.0,0.0,178678000.0,1340160000.0,0.0,4298000.0,18339000.0,48445000.0,0.0352691507,33420000.0,0.0243305814,-4298000.0,29122000.0,0.0212015318,11033000.0,18089000.0,0.0131692366,0.39,0.39,45998000,46887000,https://www.sec.gov/Archives/edgar/data/1179929/000119312512222126/0001193125-12-222126-index.htm,https://www.sec.gov/Archives/edgar/data/1179929/000119312512222126/d335934d10q.htm,29.861733118831253,0.3932562285316753,1.0995043262750557,0.8059046045480238,19.037871211791817,16.855341536588547,11.481673116222444,16.855341536588547,5.077742510543937,1546912740.0,1258457740.0,21.379190944773068,1.126190494911108,30.586509935739,41.72950472079849,1.99521320449058,1.99521320449058,0.9161881652324584,25.977040767881103,24.883000296589223,33.94814513083356,0.011693613694073,0.0239638597843599,0.295710630043131,0.1317629154875506,-5.9542780472701,1.7014178321936522,7.775709632387157,2.7958980595942284,0.0,0.0,0.0875252988540893,0.0,0.142055995273574,0.2670291646070192,0.0098319719273722,0.7364087463874802,0.0033969626814601,12.212310632066004,0.0195094541043332,0.0121172862744887,1.9389701726162007,474923000.0,528134000.0,187321000.0,920665000.0,208573000.0,363848000.0,0.0,15.566046389726116,44.97993081253089,0.0,5.781814967441038,2.000892361864795,0.0,0.0233312524506263,0.2935997217270316,2012-04-30,0.38,amc,1338360000.0,2025-04-25,2012-03-31,0.0263157894736842,31.45741935483871,782984.6774193548
2011-12-31,MOH,USD,1179929,2012-02-29,2012-02-29 16:54:06,2011,Q4,1306408000.0,1076912000.0,229496000.0,0.1756694693,0,124965000.0,0.0,124965000.0,4016763000.0,181024000.0,1257936000.0,0.0,3853000.0,21969000.0,5866000.0,0.0044901746,-16103000.0,-0.0123261646,-3853000.0,-19956000.0,-0.0152754729,13004000.0,-32960000.0,-0.0252294842,-0.72,-0.72,45945000,45998000,https://www.sec.gov/Archives/edgar/data/1179929/000119312512089404/0001193125-12-089404-index.htm,https://www.sec.gov/Archives/edgar/data/1179929/000119312512089404/d267577d10k.htm,28.43417129176189,-0.7173794754597889,1.5286102949178366,1.2095331374469471,18.08124931983894,16.43428011753183,10.867841984982045,16.43428011753183,5.340733485689412,1025951850.0,773651849.9999999,-7.781794978762136,0.785322693982278,14.608039782435355,18.46166864608076,1.358745247148289,1.358745247148289,0.5921977284278723,131.88746164336854,11.015660240346278,13.9216125026992,-0.0321262640152167,0.0541662847042968,0.3198723832000349,0.1461898645761331,-43.01056938288442,1.741480208828348,-4.179340773423307,-2.1308252427184464,0.0,0.0,0.0956554154597951,0.0,0.1547986679143368,0.2087367581729126,0.0112216091756939,0.6673039282625518,0.0033136661747325,,-0.0252934171392521,-0.0236036196036081,1.4877081292850147,446248000.0,499323000.0,151009000.0,892932000.0,182698500.0,324978500.0,0.0,12.371272986693285,12.303010830968548,0.0,7.274918280180647,7.315282513891342,0.0,-0.0436514085393067,0.3190771574708891,2012-02-23,0.39,amc,1119239926.0,2025-04-25,2011-12-31,0.846153846153846,19.84952380952381,350801.14285714284
2011-09-30,MOH,USD,1179929,2011-10-28,2011-10-28 16:30:38,2011,Q3,1176722000.0,993742000.0,182980000.0,0.1554997697,0,99610000.0,0.0,99610000.0,0.0,149414000.0,1143156000.0,0.0,4380000.0,17812000.0,46996000.0,0.0399380652,33566000.0,0.0285250042,-4380000.0,29186000.0,0.0248027996,10236000.0,18950000.0,0.0161040586,0.41,0.41,45834000,46296000,https://www.sec.gov/Archives/edgar/data/1179929/000095012311093007/0000950123-11-093007-index.htm,https://www.sec.gov/Archives/edgar/data/1179929/000095012311093007/c23602e10vq.htm,25.67356111183837,0.4134485316577213,0.878496312780905,0.5500283632238077,17.72470218615002,17.057642797922938,10.578195226251257,17.057642797922938,4.280337740541956,707676960.0,411989960.0,9.33610765171504,0.6013968974830078,17.57548640258289,28.07127965093217,0.905166099613722,0.905166099613722,0.3501166460727342,8.766489914035237,10.231962250093131,16.34232288774296,0.0267777546410441,0.0356235986543916,0.245331406206032,0.1185222306810092,-6.291748233892246,1.711647398270146,7.663470319634703,2.124802110817942,0.0,0.0,0.0846504102073387,0.0,0.1835124920904848,0.3738979262386688,0.0127940159187981,0.845216707837413,0.0036958601946763,12.5968365388982,0.0214959299076764,0.0143416646169564,2.515054326482524,430151000.0,484841000.0,198111000.0,854787000.0,179247000.0,488680500.0,0.0,14.212192854387018,45.53180805480698,0.0,6.332590679151868,1.97664015212544,0.0,0.0242383157248471,0.3284679495570973,2011-10-25,0.39,amc,1119320926.0,2025-04-25,2011-09-30,0.0512820512820511,20.25921875,580922.4375
2011-06-30,MOH,USD,1179929,2011-07-27,2011-07-27 16:00:56,2011,Q2,1167104000.0,988574000.0,178530000.0,0.152968373,0,96921000.0,0.0,96921000.0,0.0,147120000.0,1135694000.0,0.0,3683000.0,16508000.0,43900000.0,0.0376144714,31410000.0,0.0269127687,-3683000.0,27727000.0,0.0237570945,10287000.0,17440000.0,0.0149429699,0.38,0.38,45897000,46471000,https://www.sec.gov/Archives/edgar/data/1179929/000095012311068901/0000950123-11-068901-index.htm,https://www.sec.gov/Archives/edgar/data/1179929/000095012311068901/c19277e10vq.htm,25.42876440725973,0.3799812623918774,0.7079329803690873,0.360960411355862,17.774865459616098,16.686428306861014,10.068980543390635,16.686428306861014,4.237379349412816,1244726640.0,976313640.0,17.84298509174312,1.0665087601447687,38.30871106733966,75.13289310074244,1.625272916484409,1.625272916484409,0.8365266848541347,22.239490660592256,30.04781607780377,58.93122713828696,0.0140111084952757,0.0133097496812633,0.2491326709816584,0.1192186305978239,-6.114191343963554,1.6887628896459064,8.528373608471355,1.8630733944954128,0.0,0.0,0.0830440132156174,0.0,0.1897756902714973,0.4901206450818663,0.0136448851173502,0.964683789677732,0.0036929014038166,11.944116840067483,0.0199239505171742,0.0134495257191331,2.413109789310848,419334000.0,462136000.0,193592000.0,840891000.0,171546000.0,469848500.0,0.0,13.315574276157053,43.20932980232132,0.0,6.759002513406767,2.082883497886721,0.0,0.0227718751672962,0.3469725690132252,2011-07-21,0.37,amc,1136390736.0,2025-04-25,2011-06-30,0.027027027027027,26.840322222222223,497927.8888888889
2011-03-31,MOH,USD,1179929,2011-05-09,2011-05-09 16:31:29,2011,Q1,1119706000.0,944753000.0,174953000.0,0.1562490511,0,94436000.0,0.0,94436000.0,0.0,143653000.0,1088406000.0,0.0,3603000.0,18094000.0,43967000.0,0.0392665575,31300000.0,0.0279537664,-3603000.0,27697000.0,0.0247359575,10309000.0,17388000.0,0.0155290764,0.38,0.38,45588000,46257000,https://www.sec.gov/Archives/edgar/data/1179929/000095012311047430/0000950123-11-047430-index.htm,https://www.sec.gov/Archives/edgar/data/1179929/000095012311047430/c16281e10vq.htm,24.561419671843467,0.3814161621479336,1.8076248135474249,1.4798850574712643,17.577125559357725,16.243419320873915,9.431714486268316,16.243419320873915,4.236027024655611,1215681519.6,941398519.6,17.47874280538302,1.085714928382986,14.752342300317938,18.01944,1.6416925201045232,1.6416925201045232,0.8407550907113116,21.411479509632223,11.423907477610852,13.953880080041502,0.0143030882016872,0.055495620285647,0.2559185960932066,0.1197034527279089,-6.238383332954261,1.6486451830715243,8.687205106855398,4.739245456636761,0.0,0.0,0.08433999639191,0.0,0.1961476899909926,0.1813096133776666,0.0133436812877666,0.8257433403338124,0.0036295241786683,11.806727310917482,0.0203193407897381,0.0136631301360498,1.896782047907344,399629000.0,429973000.0,173078000.0,817918000.0,169304000.0,478682500.0,0.0,13.697899269986944,44.30481829642245,0.0,6.570350549824549,2.0313817652484847,0.0,0.0234812729151052,0.3277397560761604,2011-04-18,0.31,amc,938132054.0,2025-04-25,2011-03-31,0.1935483870967742,22.39537741935484,431146.9516129032
2010-12-31,MOH,USD,1179929,2011-03-08,2011-03-08 15:18:37,2010,Q4,1080752000.0,899279000.0,181473000.0,0.1679136379,0,100374000.0,0.0,100374000.0,0.0,148041000.0,1047320000.0,0.0,3453000.0,20280000.0,53712000.0,0.0496987283,33432000.0,0.0309340163,-3453000.0,29979000.0,0.0277390188,12351000.0,17628000.0,0.016310865,0.38,0.38,45395000,46257000,https://www.sec.gov/Archives/edgar/data/1179929/000095012311023069/0000950123-11-023069-index.htm,https://www.sec.gov/Archives/edgar/data/1179929/000095012311023069/a58840e10vk.htm,23.807732129089107,0.3883247053640268,3.3744685538054853,3.008348937107611,16.549421742482654,15.84000440577156,8.8408194735103,15.84000440577156,4.2320960458200245,842835346.5,575612346.5,11.95307673162015,0.7798600849223504,5.502110837293713,6.171724220878123,1.1721398254936677,1.1721398254936677,0.5326035450316077,10.716643329237414,3.7576531915865887,4.214964020532498,0.020915117137888,0.1620292748365412,0.2623755835768235,0.1250074542112649,-4.97510798331844,1.6938243968681703,9.682015638575152,8.68981166326299,0.0,0.0,0.0928742209128458,0.0,0.2105254788254018,0.1084969709630248,0.0153781811183324,0.8195266272189349,0.0020939123869305,11.764308882646397,0.0208319512230577,0.0147949703143805,1.921940742372508,392391000.0,401329000.0,167782000.0,810656000.0,196868500.0,246143000.0,0.0,14.006080951041495,49.26806919765724,0.0,6.425780367441584,1.826740959523529,0.0,0.0245154417521837,0.3661196166978742,2011-02-17,0.35,amc,969905641.0,2025-04-25,2010-12-31,0.1142857142857144,17.5656234375,261977.84375
2010-09-30,MOH,USD,1179929,2010-11-04,2010-11-04 06:01:09,2010,Q3,1039146000.0,873542000.0,165604000.0,0.159365479,0,88660000.0,0.0,88660000.0,0.0,135651000.0,1009193000.0,0.0,4600000.0,16573000.0,46526000.0,0.0447733042,29953000.0,0.028824631,-4600000.0,25353000.0,0.0243979191,9180000.0,16173000.0,0.0155637418,0.38,0.38,42177000,42546000,https://www.sec.gov/Archives/edgar/data/1179929/000095012310100382/0000950123-10-100382-index.htm,https://www.sec.gov/Archives/edgar/data/1179929/000095012310100382/c07310e10vq.htm,24.637740948858383,0.3834554377978519,-0.3992934537781255,-0.7405932143111175,14.742940465182446,16.54294994902435,8.753609787324846,16.54294994902435,4.562534082556844,758903414.1,520282414.1,11.731024146726028,0.7303145218285015,-45.06284746155217,-24.29579376680753,1.0876717910315137,1.0876717910315137,0.5006826895354455,11.18261647465933,-30.893795742533104,-16.656499362914587,0.0213110123100182,-0.0411593879005584,0.26920651482231,0.1312212263261214,-5.128766711086274,1.730841993620696,6.511521739130435,-1.0413034069127558,0.0,0.0,0.0853200608961589,0.0,0.2295124455963617,-0.854759218573719,0.0138527213692782,0.8685814276232426,0.0026560271607647,11.946898869219131,0.0207386372893261,0.014664080754448,1.3579735400810868,372793000.0,369201000.0,149182000.0,793150000.0,191042000.0,0.0,0.0,19.534531240075985,0.0,0.0,4.607225988374928,0.0,0.0,0.0231793869279322,0.3412997605329919,2010-10-26,0.33,amc,902416263.0,2025-04-25,2010-09-30,0.1515151515151514,18.3484375,575921.625
2010-06-30,MOH,USD,1179929,2010-08-04,2010-08-04 16:54:23,2010,Q2,999338000.0,853867000.0,145471000.0,0.1455673656,0,78079000.0,0.0,78079000.0,0.0,124293000.0,978160000.0,0.0,4099000.0,13851000.0,35029000.0,0.0350522046,21178000.0,0.0211920291,-4099000.0,17079000.0,0.0170903138,6500000.0,10579000.0,0.0105860079,0.27,0.27,38611000,38926000,https://www.sec.gov/Archives/edgar/data/1179929/000095012310072546/0000950123-10-072546-index.htm,https://www.sec.gov/Archives/edgar/data/1179929/000095012310072546/a56891e10vq.htm,25.88220973297765,0.2739892776669861,1.3412499028774183,1.0421900494677685,16.47709202040869,14.70705239439538,6.25793167750123,14.70705239439538,7.6606407500453235,741331200.0,572032200.0,17.518933736648076,0.7418222863535661,14.315005696410296,18.4227435387674,1.3054961310477693,1.3054961310477693,0.572411136172146,16.33024636729567,11.045864792322398,14.215511928429423,0.0142702748784888,0.0542807317431129,0.5136637234218655,0.2142538144444999,-4.833109709098176,1.725691124899407,5.1666260063430105,4.8952642026656585,0.0,0.0,0.0781307225383203,0.0,0.2396268851861754,0.2229710158920192,0.0115546491777556,0.8336582196231319,0.0023735713042033,9.521839627844791,0.0148145968518959,0.0102195280991136,-1.034685711325788,345376000.0,241625000.0,27753000.0,755167000.0,144134500.0,0.0,9665000.0,14.097662652676073,0.0,0.0,6.384037000836863,0.0,0.0,0.0186297886428553,0.2990598534096501,2010-08-04,0.21,amc,777262888.0,2025-04-25,2010-06-30,0.2857142857142858,18.54603333333333,310349.61904761905
2010-03-31,MOH,USD,1179929,2010-05-10,2010-05-10 15:52:04,2010,Q1,966741000.0,822816000.0,143925000.0,0.1488764829,0,113426000.0,0.0,113426000.0,0.0,123487000.0,946303000.0,0.0,3357000.0,10061000.0,30499000.0,0.0315482637,20438000.0,0.0211411329,-3357000.0,17081000.0,0.0176686413,6491000.0,10590000.0,0.0109543301,0.27,0.27,38469000,38755500,https://www.sec.gov/Archives/edgar/data/1179929/000095012310047131/0000950123-10-047131-index.htm,https://www.sec.gov/Archives/edgar/data/1179929/000095012310047131/c00251e10vq.htm,25.130390704203386,0.2752865944006862,-0.6884504406145208,-0.8437963035171177,15.96589461644441,14.396683043489563,8.922015129064961,14.396683043489563,4.909875484156074,645509820.0,392749820.0,15.23866430594901,0.6677174341421332,-24.37357725419121,-19.886316081330868,1.1655462545998203,1.1655462545998203,0.4062616771193111,12.877465490671826,-14.829701706690832,-12.099501540357362,0.0164056373301958,-0.050285834536181,0.3349806617963042,0.1557759028941649,-8.28748483556838,1.8034534686692103,6.088173964849568,-2.5008498583569403,0.0,0.0,0.1173282192438305,0.0,0.1768381155180579,-0.2256456728590847,0.0061815936222835,0.5939767418745652,0.0022094852706153,9.443109208753112,0.0165287629252063,0.0108023416294092,2.223452650185864,340927000.0,343221000.0,128132000.0,629411000.0,137226500.0,193524000.0,9665000.0,12.263760407389364,0.0,2.1143244662233114,7.338695229708803,0.0,42.56678737713399,0.0191215291445327,0.1553458629025969,2010-05-05,0.12,amc,897256490.0,2025-04-25,2010-03-31,1.2500000000000002,15.266011475409837,253666.90163934423
2009-12-31,MOH,USD,1179929,2010-03-16,2010-03-16 15:03:21,2009,Q4,964224000.0,842371000.0,121853000.0,0.126374162,0,115933000.0,0.0,115933000.0,0.0,125575000.0,967946000.0,0.0,3860000.0,9642000.0,5920000.0,0.0061396522,-3722000.0,-0.0038600989,-3860000.0,-7582000.0,-0.0078633181,-3110000.0,-4472000.0,-0.0046379265,-0.12,-0.12,38310000,38755500,https://www.sec.gov/Archives/edgar/data/1179929/000095012310025132/0000950123-10-025132-index.htm,https://www.sec.gov/Archives/edgar/data/1179929/000095012310025132/a55407e10vk.htm,25.168989819890367,-0.1167319237796919,0.6548681806316888,0.4596188984599321,16.819237796919865,14.167006003654398,8.574367006003655,14.167006003654398,4.912947011224223,584101077.0,298955077.0,-32.653235521019674,0.6057732197082836,23.28209012276786,33.17248279191276,1.0762118683416309,1.0762118683416309,0.3100473302883977,50.49916841216216,11.916257852359694,16.978366481144935,-0.0076562091324478,0.0301454674427864,0.3396758657031569,0.1480483603496528,-48.16655405405405,1.6551435745859622,-0.9642487046632124,-5.610017889087657,0.032768301161684,-4.279964221824687,0.1202345098234435,0.0,0.1720590892482142,0.2981505102040816,0.0077575335191822,0.7757726612735947,0.0018201164874551,,-0.002907677805743,-0.0043376163091269,1.2761354737666406,321173000.0,328484000.0,108909000.0,613598000.0,143425000.0,381127500.0,0.0,13.321479241338112,41.35270563682748,0.0,6.756006474169884,2.176399309646349,0.0,-0.0082397031348459,0.1952492821717567,2010-02-11,-0.11,amc,883872000.0,2025-04-25,2009-12-31,0.0909090909090908,13.91145625,262837.234375
2009-09-30,MOH,USD,1179929,2009-11-05,2009-11-05 14:17:04,2009,Q3,916512000.0,792771000.0,123741000.0,0.1350129622,0,97635000.0,0.0,97635000.0,0.0,107467000.0,900238000.0,0.0,3279000.0,10176000.0,26450000.0,0.0288594148,16274000.0,0.0177564505,-2094000.0,12995000.0,0.014178756,4431000.0,8564000.0,0.0093441221,0.23,0.22,38445000,38445000,https://www.sec.gov/Archives/edgar/data/1179929/000095012309058274/0000950123-09-058274-index.htm,https://www.sec.gov/Archives/edgar/data/1179929/000095012309058274/a54151e10vq.htm,23.8395630120952,0.2227597867082845,0.9219144232019768,0.7017037326050202,16.118168812589413,14.17016517102354,8.601118480946807,14.17016517102354,4.86112628430225,530283418.5,264421418.5,15.480015719873892,0.5785886256808421,14.961583909375618,19.6568713533751,0.9734043205230812,0.9734043205230812,0.288508408509654,9.997029054820416,7.460469443895833,9.80173549690477,0.0161498544009254,0.0508727956765255,0.3370345759326837,0.1500051061882917,-10.051493383742912,1.677904470124748,4.963098505641964,4.138603456328818,0.0,0.0,0.106528883418875,0.0,0.174919220101225,0.2388623987811415,0.0092371949303446,0.8319575471698113,0.0024789637233336,8.42746799757574,0.0141875109951642,0.008480022338779,1.2622382624528548,317302000.0,330670000.0,106132000.0,607648000.0,147784500.0,371965000.0,0.0,14.153235309521316,42.59569282932903,0.0,6.358970089295006,2.1128896848939385,0.0,0.0157203380496795,0.2202106905969567,2009-10-28,0.34,amc,1416427636.0,2025-04-25,2009-09-30,-0.3529411764705882,14.2843796875,310178.65625
2009-06-30,MOH,USD,1179929,2009-08-07,2009-08-07 13:47:23,2009,Q2,927589000.0,803206000.0,124383000.0,0.1340927933,0,94073000.0,0.0,94073000.0,0.0,103657000.0,906863000.0,0.0,3223000.0,9928000.0,30654000.0,0.0330469637,20726000.0,0.0223439476,-1985000.0,17503000.0,0.0188693484,2938000.0,14565000.0,0.0157019973,0.37,0.37,38805000,38805000,https://www.sec.gov/Archives/edgar/data/1179929/000095012309031927/0000950123-09-031927-index.htm,https://www.sec.gov/Archives/edgar/data/1179929/000095012309031927/a53324e10vq.htm,23.90385259631491,0.3753382296095864,0.7196237598247649,0.4733410642958381,15.416441180260277,13.765622986728514,8.507537688442211,13.765622986728514,4.115629429197268,618811693.5,357458693.5,10.621553269824922,0.6671184042717195,22.15977416293644,33.689661013719515,1.1584437562596528,1.1584437562596528,0.3853632303746594,11.66107827689698,12.800669418084151,19.460948034625435,0.0235370471388805,0.0296826970028807,0.292945195862779,0.1300609478880181,-8.52590200300124,1.6812960942614008,6.43065466956252,1.9172674219018195,0.0,0.0,0.1014166834664921,0.0,0.1695868958300607,0.3422381378692927,0.0103030544777913,0.9626309427880742,0.002182000864607,10.782031470437907,0.0231547139609158,0.0145778430797532,1.1037495168148437,312238000.0,330135000.0,101554000.0,590235000.0,154940000.0,184361500.0,0.0,14.693576573245265,41.31576457347181,0.0,6.125125462229266,2.178345261890362,0.0,0.0272663452988252,0.2462826955289266,2009-08-04,0.39,amc,977728945.0,2025-04-25,2009-06-30,-0.0512820512820513,14.940638095238096,358995.79365079367
2009-03-31,MOH,USD,1179929,2009-05-07,2009-05-07 13:16:35,2009,Q1,861031000.0,737888000.0,123143000.0,0.1430180795,0,91508000.0,0.0,91508000.0,0.0,100560000.0,838448000.0,0.0,3415000.0,9052000.0,32213000.0,0.0374121257,24115000.0,0.0280071217,-3415000.0,20700000.0,0.0240409463,8489000.0,12211000.0,0.0141818355,0.31,0.31,39795000,39841500,https://www.sec.gov/Archives/edgar/data/1179929/000095013409009877/0000950134-09-009877-index.htm,https://www.sec.gov/Archives/edgar/data/1179929/000095013409009877/a52395e10vq.htm,21.636662897348916,0.306847593918834,1.6814926498303806,1.4209825354944088,15.26274657620304,13.285462997864052,8.216836285965574,13.285462997864052,4.659907023495414,504600600.0,281439600.0,10.330861518303168,0.586042314388216,7.54091907644026,8.923403126547358,0.9544266543091952,0.9544266543091952,0.3268634927197743,8.736832955639027,4.20592692221475,4.977003607554644,0.0241993370598449,0.1120648687298429,0.3442930233877755,0.150814364093412,-6.927668953528078,1.7074743190231143,7.061493411420205,5.479895176480222,0.0,0.0,0.1062772420505185,0.0,0.1671198736654421,0.1549278935963536,0.0120402169027595,1.145271763146266,0.0016654452627141,9.577253154601603,0.0190737918227833,0.0121472512255682,1.2049754994346022,326244000.0,326989000.0,109124000.0,598066000.0,145510500.0,179344500.0,0.0,16.561076198185663,0.0,0.0,5.434429437010856,0.0,0.0,0.0230964923065283,0.2605101143359719,2009-04-29,0.27,bmo,749930225.0,2025-04-25,2009-03-31,0.148148148148148,12.698690163934426,500305.737704918
2008-12-31,MOH,USD,1179929,2009-03-16,2009-03-16 14:42:23,2008,Q4,812504000.0,684781000.0,127723000.0,0.1571967646,0,91565000.0,0.0,91565000.0,0.0,100256000.0,785037000.0,0.0,2155000.0,8691000.0,36158000.0,0.0445019348,27467000.0,0.033805372,-2155000.0,25312000.0,0.0311530774,9771000.0,15541000.0,0.0191272905,0.39,0.39,39795000,39795000,https://www.sec.gov/Archives/edgar/data/1179929/000095013409005437/0000950134-09-005437-index.htm,https://www.sec.gov/Archives/edgar/data/1179929/000095013409005437/a51362e10vk.htm,20.417238346525945,0.390526448046237,1.525367508480965,1.3651463751727604,14.500113079532603,12.832365875109938,7.992587008418143,12.832365875109938,5.767608996105039,467193300.0,307398300.0,7.515496107071617,0.5750043076711007,7.696505881190076,8.59981040385819,0.9148741638337538,0.9148741638337538,0.3783345066608903,8.50152939874993,5.064055550064248,5.658401133895373,0.0332646037518089,0.1162816333196559,0.4452379646891106,0.1978504785126167,-4.419353946567841,1.877721024040059,12.74570765661253,3.905926259571456,0.0,0.0,0.1126948298100686,0.0,0.1675960201394726,0.1050377252808803,0.0078473459822967,0.7336324933839604,0.0025132183964632,10.618663332445358,0.0221616692120192,0.0162463006501238,0.9535305942957658,340755000.0,318065000.0,90460000.0,598412000.0,151170500.0,364197000.0,0.0,14.685823085178658,47.14209360364846,0.0,6.128359267164979,1.90912182977454,0.0,0.0304329265426973,0.1602211333082045,2009-02-11,0.38,bmo,791670564.0,2025-04-25,2008-12-31,0.0263157894736842,14.65573125,397917.296875
2008-09-30,MOH,USD,1179929,2008-11-04,2008-11-04 16:03:20,2008,Q3,796329000.0,669355000.0,126974000.0,0.1594491724,0,88030000.0,0.0,88030000.0,0.0,96545000.0,765900000.0,0.0,1980000.0,8515000.0,38944000.0,0.0489044101,30429000.0,0.0382115934,-3120000.0,28449000.0,0.0357251839,11263000.0,16480000.0,0.020694964,0.42,0.41,41373000,41373000,https://www.sec.gov/Archives/edgar/data/1179929/000095013408019323/0000950134-08-019323-index.htm,https://www.sec.gov/Archives/edgar/data/1179929/000095013408019323/a50304e10vq.htm,19.24755275179465,0.3983274115969352,-1.443550141396563,-1.7146448166678752,13.199719623909314,12.280811157034782,7.427815241824378,12.280811157034782,4.881927827327001,855043379.0999999,672607379.0999999,12.970925047026698,1.073731308416496,-14.31657924954792,-12.053050170566674,1.6828448655170103,1.6828448655170103,0.8446350429282369,17.27114264328266,-11.261927853124371,-9.48135578094164,0.0192738759258582,-0.0829665508604603,0.3936279507335257,0.172730515350129,-4.6845727198027936,1.8770085700670427,15.36818181818182,-3.475154195275224,0.0,0.0,0.1105447622779027,0.0,0.1734067553177248,-0.1877972004554283,0.014084630849812,1.317204932472108,0.0027400735123297,10.491193150022529,0.0241469605042067,0.0172188613401038,0.5717013511227129,347833000.0,307311000.0,94667000.0,613249000.0,141678500.0,368559000.0,0.0,19.186039940778247,49.70972055187456,0.0,4.690910697455231,1.8105110831608984,0.0,0.0324349431404425,0.2710946752713122,2008-10-22,0.4,bmo,776906341.0,2025-04-25,2008-09-30,0.0249999999999998,20.02364375,342602.8125
2008-06-30,MOH,USD,1179929,2008-07-30,2008-07-30 15:18:47,2008,Q2,766491000.0,640829000.0,125662000.0,0.1639445212,0,87074000.0,0.0,87074000.0,0.0,95404000.0,736233000.0,0.0,2307000.0,7924000.0,38588000.0,0.0503437092,30258000.0,0.0394760017,-3425000.0,27951000.0,0.0364661816,11435000.0,15823000.0,0.0206434257,0.38,0.37,41995500,42066000,https://www.sec.gov/Archives/edgar/data/1179929/000089256908001037/0000892569-08-001037-index.htm,https://www.sec.gov/Archives/edgar/data/1179929/000089256908001037/a42483e10vq.htm,18.251741257991927,0.3767784643592766,1.4976604636211022,1.285232941624698,14.803776595111382,11.726375444988154,6.864378326249241,11.726375444988154,5.487492707552,681448379.85,484167379.85,10.766737973993555,0.8890494211282325,10.834698781302173,12.625493382925113,1.383777969256074,1.383777969256074,0.6316674035963893,12.547097021094642,7.698026549805231,8.970381662467114,0.0232196604583357,0.0792048254805165,0.463276847630748,0.1947021303106283,-5.112496112781176,1.7758210487031163,13.115734720416125,3.8081254541051104,0.0,0.0,0.1136008120121436,0.0,0.1742532989006225,0.1418395738929962,0.0116387537492286,1.1258202927814236,0.0027084466745206,9.970482886245616,0.0240624063018362,0.0163533049736867,0.6569930111559572,332610000.0,288273000.0,82031000.0,595983000.0,115575000.0,373069000.0,0.0,13.338356223360744,51.60061420441335,0.0,6.747458119492593,1.7441652853872889,0.0,0.0321308545958513,0.2124275219964043,2008-07-23,0.36,bmo,707530153.0,2025-04-25,2008-06-30,0.0833333333333334,17.1347921875,534247.453125
2008-03-31,MOH,USD,1179929,2008-05-08,2008-05-08 16:55:54,2008,Q1,737042000.0,626347000.0,110695000.0,0.1501881847,0,78092000.0,0.0,78092000.0,0.0,86244000.0,712591000.0,0.0,3368000.0,8558000.0,33009000.0,0.0447857788,24451000.0,0.0331745002,-3368000.0,22179000.0,0.0300919079,9024000.0,12475000.0,0.0169257654,0.29,0.29,42685500,42864000,https://www.sec.gov/Archives/edgar/data/1179929/000089256908000790/0000892569-08-000790-index.htm,https://www.sec.gov/Archives/edgar/data/1179929/000089256908000790/a40473e10vq.htm,17.26680020147357,0.2922538098417495,-0.5491794637523281,-0.7407433437584191,13.9691932857762,11.779503578498554,6.977826193906596,11.779503578498554,4.764334492977709,694919940.0,482766940.0,13.92625130260521,0.9428498511618062,-29.64422574865626,-21.977922767955977,1.3820616371063654,1.3820616371063654,0.655006010512291,14.625312490532885,-20.594102039075164,-15.26825453050381,0.0179517082212376,-0.0455002053905662,0.3977613988472874,0.1746087454536248,-6.427125935350965,1.869563561484536,7.25979809976247,-1.7819840364880273,0.0,0.0,0.1059532563951579,0.0,0.1789407884283292,-0.3488183602081733,0.0110943474048968,0.9554802523954194,0.0020500866979086,8.801057207765798,0.0192963648932224,0.0132648417363491,0.9802567616637968,342475000.0,297852000.0,93718000.0,601399000.0,114545000.0,379798500.0,0.0,14.35436515151104,54.41911592136627,0.0,6.269869760873819,1.6538306158822365,0.0,0.0248103672530995,0.191563880006091,2008-04-29,0.3,bmo,713266451.0,2025-04-25,2008-03-31,0.0333333333333333,21.80809180327869,607420.475409836
2007-12-31,MOH,USD,1179929,2008-03-17,2008-03-17 16:07:09,2007,Q4,679629000.0,560839000.0,118790000.0,0.1747865379,0,80464000.0,0.0,80464000.0,0.0,88939000.0,649778000.0,0.0,0.0,7693000.0,37544000.0,0.055241904,30633000.0,0.0450731208,-2251000.0,28382000.0,0.0417610196,10471000.0,17911000.0,0.0263540844,0.42,0.42,42619500,42685500,https://www.sec.gov/Archives/edgar/data/1179929/000089256908000330/0000892569-08-000330-index.htm,https://www.sec.gov/Archives/edgar/data/1179929/000089256908000330/a38671e10vk.htm,15.946432970823215,0.4202536397658349,1.063128380201551,0.927392390807025,16.46943300601837,11.50830019122702,6.64613615833128,11.50830019122702,4.692687619516888,1099583100.0,840519100.0,15.347874211378482,1.617916686898293,24.268000441403665,27.819939278937383,2.24186018537019,2.24186018537019,1.236732246563934,22.38757457916045,18.5504105054072,21.265505376344088,0.0162889007661176,0.0359454415041482,0.4077654859137413,0.1707497193301488,-6.900277008310249,1.954907453820604,0.0,2.5297303333147227,0.181993520999004,11.172854670314331,0.118394006141586,0.0,0.1769163454437571,0.1276760097108806,0.0085119969865912,0.7519823215910568,0.0105763585721033,10.431640017984838,0.0259698787997666,0.0185782952072541,2.4576719576719577,407671000.0,283255000.0,153766000.0,664449000.0,117841000.0,375686000.0,0.0,14.77030850655284,61.12000057057374,0.0,6.093305360553001,1.4725130752588795,0.0,0.0365174380910051,0.1357359893945259,2008-02-13,0.37,bmo,598720785.0,2025-04-25,2007-12-31,0.1351351351351351,25.365521875,540604.640625
2007-09-30,MOH,USD,1179929,2007-11-08,2007-11-08 17:11:44,2007,Q3,636034000.0,525902000.0,110132000.0,0.1731542653,0,74235000.0,0.0,74235000.0,0.0,81317000.0,607219000.0,0.0,530000.0,7082000.0,35897000.0,0.0564388067,28815000.0,0.0453041819,-530000.0,28285000.0,0.0444708931,10772000.0,17513000.0,0.0275346915,0.41,0.41,42459000,42661500,https://www.sec.gov/Archives/edgar/data/1179929/000089256907001391/0000892569-07-001391-index.htm,https://www.sec.gov/Archives/edgar/data/1179929/000089256907001391/a35314e10vq.htm,14.979957135118584,0.4124684990225865,0.5964577592501001,0.4534021055606585,13.089215478461576,11.0327374643774,7.888480651923032,11.0327374643774,0.4835252832143951,1037413484.7,609819484.6999999,14.80919152486724,1.6310660824735783,40.964007293188544,53.88881017609474,2.214618092643866,2.214618092643866,0.9587844119968428,16.988034785636682,24.079742732477783,31.67728869669108,0.016881407710894,0.0185567281358088,0.0426949933716022,0.0211412691315272,-11.911691784828816,1.672126829150404,54.36792452830189,1.4460686347284877,0.0,0.0,0.1167154586075587,0.0,0.1411200855798574,0.2398420533070089,0.0095498039412987,0.8576673256142333,0.0025061553313187,10.11878327151763,0.0335213890052234,0.021554063617287,4.034144704302975,278116000.0,334937000.0,214323000.0,459049000.0,116484500.0,185250000.0,0.0,17.566749576280515,63.40534928560834,0.0,5.123315477868621,1.4194385964912282,0.0,0.0373858709458435,0.1430556536894416,2007-11-01,0.37,bmo,573981902.0,2025-04-25,2007-09-30,0.108108108108108,22.39746349206349,391145.2380952381
2007-06-30,MOH,USD,1179929,2007-08-07,2007-08-07 15:56:47,2007,Q2,613888000.0,516865000.0,97023000.0,0.1580467447,0,67208000.0,0.0,67208000.0,0.0,-442908000.0,73957000.0,0.0,725000.0,6749000.0,29033000.0,0.0472936431,22284000.0,0.0362997811,-725000.0,21559000.0,0.0351187839,8245000.0,13314000.0,0.0216879952,0.31,0.31,42349500,42514500,https://www.sec.gov/Archives/edgar/data/1179929/000095013707011543/0000950137-07-011543-index.htm,https://www.sec.gov/Archives/edgar/data/1179929/000095013707011543/a32316e10vq.htm,14.495755557916858,0.3143838770233415,1.2299318764094027,1.0694813398033034,12.98702464019646,10.5939149222541,7.352459887365849,10.5939149222541,0.725510336603738,861672571.65,420170571.65,16.179821459553853,1.403631560887328,16.542948752087852,19.02482936611322,1.92060254866298,1.92060254866298,0.6844417412459601,14.472172067991597,8.066707079501603,9.27692686677559,0.0154513447892455,0.0525628893040789,0.066867715598232,0.0325123953507274,-15.206902490269693,1.6829678075211767,30.73655172413793,3.912197686645636,0.0,0.0,0.1094792535446205,0.0,0.1487702186458587,0.1304548159809549,0.0110687943077564,1.0068158245666026,0.0,8.656645484109747,0.0262956663579016,0.0169507709583411,3.7198550159978274,272763000.0,311373000.0,198064000.0,455540000.0,110108500.0,0.0,0.0,15.954310884070058,0.0,0.0,5.641108578989929,0.0,0.0,0.0296758921824953,0.1604505366060992,2007-08-02,0.28,bmo,572962133.0,2025-04-25,2007-06-30,0.0714285714285712,21.30021111111111,331492.38095238095
2007-03-31,MOH,USD,1179929,2007-05-07,2007-05-07 17:30:16,2007,Q1,562903000.0,476477000.0,86426000.0,0.153536222,0,63388000.0,0.0,63388000.0,0.0,69831000.0,546308000.0,0.0,0.0,6443000.0,23038000.0,0.0409271224,16595000.0,0.0294811007,-1125000.0,15470000.0,0.0274825325,5878000.0,9592000.0,0.0170402361,0.23,0.23,42228000,42412500,https://www.sec.gov/Archives/edgar/data/1179929/000089256907000626/0000892569-07-000626-index.htm,https://www.sec.gov/Archives/edgar/data/1179929/000089256907000626/a30019e10vq.htm,13.330089040447096,0.2271478639765085,0.8502415458937198,0.7639244103438477,11.912877711471062,10.232902339679834,6.920479302832244,10.232902339679834,0.7104290991759022,861168272.4,471201272.4,22.44496122810676,1.5298697509162325,23.985301704545453,26.69544227657397,1.992914553764623,1.992914553764623,0.8370914214349541,20.453219567670804,13.123921356951872,14.606815846740444,0.0111383574005437,0.0374595779174458,0.0694259629959617,0.0342060825255947,-16.92712040975779,1.6888739169687252,0.0,3.743119266055046,0.0,0.0,0.1126090996139654,0.0,0.159488140181087,0.1015207219251336,0.006475360763755,0.5657302498835945,0.0033167348548506,7.231776610668781,0.0203361917909246,0.0130121004937869,3.355113905465568,255617000.0,292238000.0,181760000.0,437959000.0,115094000.0,168386500.0,0.0,17.810120038443568,0.0,0.0,5.053306760747982,0.0,0.0,0.0221977945685754,0.0863171355498721,2007-05-01,0.2,bmo,489480869.0,2025-04-25,2007-03-31,0.15,20.9517,356310.8524590164
2006-12-31,MOH,USD,1179929,2007-03-14,2007-03-14 17:17:57,2006,Q4,549520000.0,462820000.0,86700000.0,0.1577740574,0,61032000.0,0.0,61032000.0,0.0,67242000.0,530062000.0,0.0,0.0,6210000.0,25668000.0,0.0467098559,19458000.0,0.0354090843,-717000.0,18741000.0,0.0341043092,7097000.0,11644000.0,0.0211894017,0.28,0.28,42057000,42228000,https://www.sec.gov/Archives/edgar/data/1179929/000119312507054663/0001193125-07-054663-index.htm,https://www.sec.gov/Archives/edgar/data/1179929/000119312507054663/d10k.htm,13.066076990750648,0.276862353472668,0.835318734098961,0.6685926242955988,11.535083339277646,9.990393989110018,6.586941531730746,9.990393989110018,1.0699764605178683,911513978.1,552863978.1,19.57046500558228,1.658745774676081,25.946143807463493,32.41630136562467,2.169413941394592,2.169413941394592,1.0060852709637502,21.5390360799439,15.73721152543338,19.66158035847647,0.0127743515511097,0.0308486766803208,0.1071005269345925,0.0520547152896266,-13.9726507713885,1.728695691377401,0.0,3.017090346959808,0.0,0.0,0.1110642014849323,0.0,0.1655791087075971,0.1995957985824485,0.0127602271072936,1.12914653784219,0.0100178337458145,7.888864925877765,0.0237243081399803,0.0161422693446604,3.0890993175927908,258609000.0,277027000.0,169193000.0,443651000.0,104686000.0,168386500.0,0.0,19.45616174115592,65.48889417051986,0.0,4.625783913464371,1.3742788168885274,0.0,0.0277128563472532,0.1667261098033621,2007-02-13,0.28,bmo,569872592.0,2025-04-25,2006-12-31,-0.0357142857142857,23.42974126984127,395969.0476190476
2006-09-30,MOH,USD,1179929,2006-11-09,2006-11-08 21:48:01,2006,Q3,517465000.0,430870000.0,86595000.0,0.1673446513,0,60504000.0,0.0,60504000.0,0.0,66137000.0,497007000.0,0.0,0.0,5633000.0,26091000.0,0.0504208014,20458000.0,0.039535041,-645000.0,19813000.0,0.0382885799,7472000.0,12341000.0,0.023848956,0.29,0.29,42033000,42519000,https://www.sec.gov/Archives/edgar/data/1179929/000119312506228837/0001193125-06-228837-index.htm,https://www.sec.gov/Archives/edgar/data/1179929/000119312506228837/d10q.htm,12.3109223705184,0.2936026455404087,0.6803701853305736,0.5387671591368687,10.200152261318488,9.673113981871388,6.176979991911117,9.673113981871388,0.3568624652059096,990856518.9,668772518.9,20.072451967020505,1.914828092527997,34.64775574865375,43.754151678000525,2.436991856415554,2.436991856415554,1.2924014549776313,25.632306883599707,23.38528984194699,29.531595818246046,0.0124548809687404,0.0228549740230204,0.0368922009887109,0.0192907684670526,-12.34463991414664,1.711216806158297,0.0,2.317316262863625,0.0,0.0,0.1169238499222169,0.0,0.1889890865692525,0.20812644240856,0.0115022272037722,1.0566305698562044,0.0,7.99382053545459,0.0272352058583555,0.019569598855731,2.99031118406966,220261000.0,259637000.0,158973000.0,404372000.0,86281500.0,0.0,0.0,15.75358719913424,0.0,0.0,5.712984532497212,0.0,0.0,0.0303524434934454,0.1416030261937049,2006-11-07,0.29,bmo,517465000.0,2025-04-25,2006-09-30,0.0,23.87883650793651,338511.90476190473
2006-06-30,MOH,USD,1179929,2006-08-08,2006-08-08 15:55:12,2006,Q2,484634000.0,401715000.0,82919000.0,0.1710961261,0,56308000.0,0.0,56308000.0,0.0,61178000.0,462893000.0,0.0,0.0,4870000.0,26611000.0,0.0549094781,21741000.0,0.0448606577,-577000.0,21164000.0,0.0436700685,8012000.0,13152000.0,0.0271380052,0.31,0.31,41920500,42405000,https://www.sec.gov/Archives/edgar/data/1179929/000119312506165652/0001193125-06-165652-index.htm,https://www.sec.gov/Archives/edgar/data/1179929/000119312506165652/d10q.htm,11.56078768144464,0.3137367159265753,-0.0568695506971529,-0.1444162164096325,9.701411004162642,9.340465881847784,5.745589866533081,9.340465881847784,0.3578201595877912,1063384747.35,766266747.35,20.21336578752281,2.1942017013870263,-446.0506490562081,-175.6499417492567,2.71578530673695,2.71578530673695,1.5811246164115602,28.79511282364436,-321.4206154991611,-126.5719767674265,0.0123680540206875,-0.0056931416545956,0.0383085987480749,0.020090487555952,-11.16523242268235,1.7078826246898793,0.0,-0.181265206812652,0.0,0.0,0.1161866480684392,0.0,0.2018410922796274,-1.5394295302013423,0.0075727249842148,0.7535934291581109,0.0,8.120040612422502,0.0297329573535182,0.0220699654149948,2.698262186758269,206861000.0,240858000.0,144021000.0,391653000.0,77935000.0,132624500.0,0.0,15.2253865803885,0.0,0.0,5.9111799575537285,0.0,0.0,0.0335889793823121,0.0875466657124795,2006-08-01,0.23,bmo,359567161.0,2025-04-25,2006-06-30,0.3478260869565217,23.53872380952381,381245.2380952381
2006-03-31,MOH,USD,1179929,2006-05-10,2006-05-09 21:02:58,2006,Q1,453376000.0,383247000.0,70129000.0,0.1546817652,0,51213000.0,0.0,51213000.0,0.0,55975000.0,439222000.0,0.0,0.0,4762000.0,18916000.0,0.0417225438,14154000.0,0.0312191206,-414000.0,13740000.0,0.0303059712,5150000.0,8590000.0,0.0189467462,0.21,0.21,41782500,42211500,https://www.sec.gov/Archives/edgar/data/1179929/000110465906032817/0001104659-06-032817-index.htm,https://www.sec.gov/Archives/edgar/data/1179929/000110465906032817/a06-10017_110q.htm,10.850858613055705,0.2055884640698857,0.98060192664393,0.8929336444683779,9.334936875486148,8.998097289535092,6.056841979297553,8.998097289535092,0.0,932305457.25,643958457.2500001,27.133453354190923,2.0563626156876413,22.75469728717173,24.988754918384306,2.479779811444212,2.479779811444212,1.4203629156594089,34.04305652622119,15.717037421897883,17.260137158594443,0.0092137184580445,0.040018000227146,0.0,0.0,-15.243550433495454,1.7324645109693368,0.0,4.769732246798603,0.0,0.0,0.1129592214850367,0.0,0.1864294675459235,0.0894025187933222,0.0080793866459627,0.7692146157076859,0.0027063629305477,6.4515782975490366,0.023037336706111,0.0160171545776617,3.882486687010112,201490000.0,253070000.0,193345000.0,357099000.0,73715000.0,256930000.0,0.0,14.666766657255788,62.289880938402646,0.0,6.136321801743273,1.4448574735437267,0.0,0.0228479930205897,0.0876682821755519,2006-05-04,0.17,bmo,367018666.0,2025-04-25,2006-03-31,0.2352941176470586,19.156458064516126,294936.29032258067
2005-12-31,MOH,USD,1179929,2006-03-15,2006-03-14 19:54:42,2005,Q4,423221000.0,355656000.0,67565000.0,0.1596447246,0,45731000.0,0.0,45731000.0,0.0,50926000.0,406582000.0,0.0,0.0,4256000.0,20895000.0,0.0493713686,17578000.0,0.0415338558,-241000.0,17337000.0,0.0409644134,6605000.0,10732000.0,0.0253579099,0.26,0.26,41652000,41782500,https://www.sec.gov/Archives/edgar/data/1179929/000119312506053951/0001193125-06-053951-index.htm,https://www.sec.gov/Archives/edgar/data/1179929/000119312506053951/d10k.htm,10.160880629981754,0.257658695860943,0.8304043023144146,0.7307212138672813,8.46634015173341,8.711466436185537,5.712474791126477,8.711466436185537,0.0,739739520.0000001,490536520.0000001,17.232098397316438,1.7478799965030094,21.38717242974442,24.304754895518467,2.038692352211658,2.038692352211658,1.1590552453682594,23.47626322086624,14.182274777379442,16.11698383493232,0.0145078094516296,0.041144212492527,0.0,0.0,-11.926441732471885,1.7580985040903154,0.0,3.222884830413716,0.0,0.0,0.1080546570231628,0.0,0.2008864387099679,0.1200416329362784,0.0098104772683775,0.975563909774436,0.0030315130865434,7.106557839217149,0.0292347783951088,0.0215979070235459,3.573309805051378,189232000.0,237936000.0,179882000.0,345940000.0,72368500.0,239166500.0,0.0,15.639913898412413,62.91188676698832,0.0,5.7545073831343645,1.4305722594736354,0.0,0.0295769601763814,0.0996830884471333,2006-02-22,0.22,bmo,372434480.0,2025-04-25,2005-12-31,0.1363636363636363,17.151114285714286,275745.2380952381
2005-09-30,MOH,USD,1179929,2005-11-07,2005-11-07 17:09:07,2005,Q3,428611000.0,366612000.0,61999000.0,0.1446509772,0,47005000.0,0.0,47005000.0,0.0,51118000.0,417730000.0,0.0,0.0,4113000.0,14994000.0,0.0349827699,10881000.0,0.025386656,-581000.0,10300000.0,0.0240311145,3489000.0,6811000.0,0.0158908661,0.17,0.16,41626500,42100500,https://www.sec.gov/Archives/edgar/data/1179929/000119312505218345/0001193125-05-218345-index.htm,https://www.sec.gov/Archives/edgar/data/1179929/000119312505218345/d10q.htm,10.29658991267582,0.1636217313490204,1.2607593720346415,1.1884496654775203,7.999423444200209,8.434218586717595,5.446938849050484,8.434218586717595,0.0424489207596122,693497490.0,471771490.0,25.455053956834533,1.6180114136128096,13.214258303004897,14.018263022781024,1.975286723803502,1.975286723803502,1.1006985121707096,31.46401827397625,8.989376917360568,9.536324109074004,0.0098212323738907,0.0713355141343049,0.0050329405531962,0.0029851553142353,-14.787648392690407,1.8113612701717856,0.0,7.7053296138599325,0.0,0.0,0.1096682073021924,0.0,0.2100758705858303,0.0573540900516377,0.007022684905427,0.7318259178215415,0.0,5.572295987654773,0.0198988719232133,0.0145665224486129,3.49631244519717,187035000.0,226737000.0,176713000.0,341558000.0,76048000.0,213062500.0,0.0,14.948729733954568,56.3947170305391,0.0,6.0205784439044265,1.595894167733173,0.0,0.0193997499195356,0.072309706557121,2005-11-03,0.1,bmo,267881875.0,2025-04-25,2005-09-30,0.6,20.3860421875,578760.9375
2005-06-30,MOH,USD,1179929,2005-08-09,2005-08-09 17:04:40,2005,Q2,404274000.0,369490000.0,34784000.0,0.0860406556,0,37060000.0,0.0,37060000.0,0.0,40618000.0,410108000.0,0.0,0.0,3558000.0,-3215000.0,-0.0079525272,-6773000.0,-0.016753489,-818000.0,-7591000.0,-0.0187768692,-2885000.0,-4706000.0,-0.01164062,-0.11,-0.11,41560500,41560500,https://www.sec.gov/Archives/edgar/data/1179929/000119312505162774/0001193125-05-162774-index.htm,https://www.sec.gov/Archives/edgar/data/1179929/000119312505162774/d10q.htm,9.727361316634786,-0.1132325164519195,0.1864751386532885,0.0755765690980618,6.931533547478977,8.280097688911345,5.265456382863536,8.280097688911345,0.1181891459438649,1226313205.35,1028762205.35,-65.1462603777093,3.033371439543478,158.23396198064515,390.4212688156638,3.563569067490011,3.563569067490011,2.544715231130372,-319.98824427682734,132.74351036774192,327.5269676376949,-0.0038375188161305,0.0025613358694148,0.0142738830366872,0.0088402721911168,61.44665629860031,1.929697902480268,0.0,-1.6468338291542712,0.0,0.0,0.0916705007000202,0.0,0.2254881316826212,0.5947096774193549,0.0114006836947218,1.295390668915121,0.0,,-0.0117190075799104,-0.0109353106432221,3.3022401077946606,183633000.0,218835000.0,169638000.0,338171000.0,77510000.0,185595500.0,0.0,18.011175588833318,47.839643833391975,0.0,4.996897595945862,1.8812849090899832,0.0,-0.0136752633490737,0.1108985695552267,2005-08-08,-0.12,bmo,441026181.0,2025-04-25,2005-06-30,-0.0833333333333333,28.8679203125,208282.03125
2005-03-31,MOH,USD,1179929,2005-04-29,2005-04-28 19:11:56,2005,Q1,393952000.0,333114000.0,60838000.0,0.1544299813,0,33546000.0,0.0,33546000.0,0.0,36744000.0,369858000.0,0.0,0.0,3198000.0,27292000.0,0.0692774754,24094000.0,0.0611597352,-289000.0,23805000.0,0.0604261433,9046000.0,14759000.0,0.037463955,0.35,0.35,41424000,41946000,https://www.sec.gov/Archives/edgar/data/1179929/000119312505088979/0001193125-05-088979-index.htm,https://www.sec.gov/Archives/edgar/data/1179929/000119312505088979/d10q.htm,9.510235612205484,0.3562910390112012,0.0588789107763615,0.0060351487060641,7.618940710699111,8.370196021629972,6.025492468134415,8.370196021629972,0.1195925067593665,1272822820.8,1035351820.8,21.560112826072228,3.230908386808545,521.8625751537515,5091.2912832,3.670965401598376,3.670965401598376,2.6281166761432866,37.93609192437344,424.4984915129151,4141.4072832,0.0115954866292573,0.000196413825958,0.014287897971603,0.0091215911413404,-8.701121207679906,2.208297735127299,0.0,0.1652550985839149,0.0,0.0,0.0851525058890423,0.0,0.178835846343354,0.8974989749897498,0.0055565144992283,0.684490306441526,0.000444216554301,8.191463931353432,0.041281880698974,0.0330934122606394,4.220095838161452,219213000.0,249600000.0,204256000.0,342756000.0,69772500.0,178982000.0,0.0,16.931885102753636,47.22383328229976,0.0,5.315415233083721,1.9058173329976889,0.0,0.0425666302307002,0.0528437620702974,2005-04-28,0.35,bmo,393952000.0,2025-04-25,2005-03-31,0.0,31.889068852459012,203505.737704918
2004-12-31,MOH,USD,1179929,2005-03-08,2005-03-08 17:17:21,2004,Q4,375377000.0,314903000.0,60474000.0,0.1611020388,0,31208000.0,0.0,31208000.0,0.0,34186000.0,349089000.0,0.0,0.0,2978000.0,29266000.0,0.0779642866,26288000.0,0.0700309289,-229000.0,26059000.0,0.0694208755,9773000.0,16286000.0,0.0433857162,0.39,0.39,41316000,41424000,https://www.sec.gov/Archives/edgar/data/1179929/000119312505044725/0001193125-05-044725-index.htm,https://www.sec.gov/Archives/edgar/data/1179929/000119312505044725/d10k.htm,9.085511666182592,0.3941814309226449,1.022533643140672,0.875810823893891,7.6629150934262755,8.00227514764256,5.61271662310001,8.00227514764256,0.0458418046277471,1277490720.0,1051313720.0,19.610259118261084,3.403220548941464,30.23861386607333,35.30442780157524,3.8639011318061103,3.8639011318061103,2.800687628703943,35.922699378117954,24.884931947830616,29.053854359541248,0.0127484292018966,0.0283250589875126,0.0057285964031431,0.0035477532457071,-7.728319551698216,2.052317925603618,0.0,2.5940685251135944,0.0,0.0,0.0831377521798085,0.0,0.1849308525284766,0.1434894785428551,0.0161490981067033,2.035594358629953,0.0004768539361761,8.424537734352281,0.0480528267598662,0.0374277230817315,3.931564042985768,202185000.0,231895000.0,191081000.0,326738000.0,65345000.0,170768000.0,0.0,15.6874289048077,52.352121129363645,0.0,5.737077793061287,1.719128051709831,0.0,0.0492586700219586,0.1467228192467809,2005-02-23,0.38,bmo,365751948.0,2025-04-25,2004-12-31,0.0263157894736842,27.665621875,100136.71875
2004-09-30,MOH,USD,1179929,2004-11-15,2004-11-15 13:14:06,2004,Q3,330807000.0,276518000.0,54289000.0,0.1641107957,0,26642000.0,0.0,26642000.0,0.0,29200000.0,305718000.0,0.0,0.0,2558000.0,27647000.0,0.0835744105,25089000.0,0.075841805,-279000.0,24810000.0,0.074998413,8371000.0,16439000.0,0.049693628,0.4,0.39,41184000,41701500,https://www.sec.gov/Archives/edgar/data/1179929/000119312504196896/0001193125-04-196896-index.htm,https://www.sec.gov/Archives/edgar/data/1179929/000119312504196896/d10q.htm,8.0324155011655,0.3991598679098679,0.6028797591297591,0.541423853923854,7.190462315462315,7.590933372183372,5.640151515151516,7.590933372183372,0.0,974689372.8,755302372.8,14.822820317537564,2.9463988754772417,39.25608654396069,43.71196397883218,3.117758889404238,3.117758889404238,2.2832115789569145,27.31950565341628,30.420168867050624,33.87309950668221,0.0168658861569153,0.0228770320291318,0.0,0.0,-7.935291351683727,2.2156275621145687,0.0,1.5103716771093132,0.0,0.0,0.0805363852639152,0.0,0.1644724316600372,0.1019372507954408,0.0076509868291783,0.9894448788115716,0.0,8.256809865102246,0.0519237760237277,0.0402782405864711,4.1089986402486405,204612000.0,232284000.0,197078000.0,306087000.0,60874500.0,136703500.0,0.0,17.754763351440566,51.54239507012202,0.0,5.069062212687711,1.7461353877241728,0.0,0.0525837664934026,0.0614559052059052,2004-11-03,0.37,bmo,313842538.0,2025-04-25,2004-09-30,0.0540540540540541,22.5727109375,89978.90625
2004-06-30,MOH,USD,1179929,2004-08-12,2004-08-12 14:04:04,2004,Q2,249058000.0,209048000.0,40010000.0,0.1606453115,0,18842000.0,0.0,18842000.0,0.0,20576000.0,229624000.0,0.0,0.0,1734000.0,21168000.0,0.0849922508,19434000.0,0.0780300171,-277000.0,19157000.0,0.0769178264,7207000.0,11950000.0,0.0479807916,0.29,0.29,41029500,41607000,https://www.sec.gov/Archives/edgar/data/1179929/000119312504138977/0001193125-04-138977-index.htm,https://www.sec.gov/Archives/edgar/data/1179929/000119312504138977/d10q.htm,6.070217770140996,0.2912538539343643,0.292521234721359,0.2538173753031355,7.2027687395654345,7.184562327106106,6.467371037911747,7.184562327106106,0.0,1044336172.35,865997172.3499999,21.84803707845188,4.193144457716676,87.01351211048157,100.2819447234492,3.542776698306189,3.542776698306189,3.477090365898706,40.91067518660241,72.15440529495083,83.15701674188591,0.0114426755640472,0.0099718847969864,0.0,0.0,-8.424933862433862,3.057954902276951,0.0,1.0043514644351463,0.0,0.0,0.0756530607328413,0.0,0.0707306461809152,0.1323112814530911,0.0063760248616788,0.9158016147635524,0.0,6.8616293982208925,0.0406537667334131,0.0309102619483035,5.280170365225021,242495000.0,265353000.0,239078000.0,290198000.0,54517000.0,112858000.0,0.0,20.41295601827687,49.53039493322108,0.0,4.408964577174317,1.817066068650204,0.0,0.0405388443545842,0.0387038594182234,2004-08-04,0.3,bmo,257646206.0,2025-04-25,2004-06-30,-0.0333333333333333,23.472148387096777,143499.1935483871
2004-03-31,MOH,USD,1179929,2004-05-13,2004-05-13 17:20:40,2004,Q1,220026000.0,184217000.0,35809000.0,0.1627489479,0,17458000.0,0.0,17458000.0,0.0,19057000.0,203274000.0,0.0,0.0,1599000.0,18351000.0,0.0834037796,16752000.0,0.0761364566,907000.0,17659000.0,0.0802586967,6561000.0,11098000.0,0.0504394935,0.29,0.29,38251500,38877000,https://www.sec.gov/Archives/edgar/data/1179929/000119312504087547/0001193125-04-087547-index.htm,https://www.sec.gov/Archives/edgar/data/1179929/000119312504087547/d10q.htm,5.752088153405749,0.2901324131079827,0.3129550475144765,0.2976876723788609,7.9061736141066365,7.371737056063161,7.062258996379227,7.371737056063161,0.0,747690595.0500001,577552595.0500001,16.842913025995674,3.398192009353441,62.45849094060647,65.66177176165803,2.6515731436626715,2.6515731436626715,2.624928849545054,31.472540736199665,48.24597736613483,50.72034733028893,0.0148430381142588,0.0152295616333632,0.0,0.0,-9.27132036401286,3.1471829086891847,0.0,1.0786628221301136,0.0,0.0,0.079345168298292,0.0,0.0295539938335559,0.0487845626931751,0.0026542317726086,0.365228267667292,0.0,6.937041651139603,0.0368632106302009,0.0285503335331359,5.8365488935074445,246838000.0,270142000.0,243222000.0,276487000.0,53117000.0,113814000.0,0.0,21.49314171961495,54.06781133120179,0.0,4.187382243791037,1.66457634929384,0.0,0.03935740123413,0.0152673751356155,2004-05-11,0.27,bmo,220026000.0,2025-04-25,2004-03-31,0.0,18.97430322580645,178562.90322580645
2003-12-31,MOH,USD,1179929,2004-02-20,2004-02-19 21:15:38,2003,Q4,208928000.0,172860000.0,36068000.0,0.1726336346,0,14813000.0,0.0,14813000.0,0.0,16857000.0,189717000.0,0.0,0.0,2044000.0,21255000.0,0.1017336116,19211000.0,0.091950337,-290000.0,18921000.0,0.090562299,7055000.0,11866000.0,0.0567946853,0.31,0.31,37957500,38251500,https://www.sec.gov/Archives/edgar/data/1179929/000119312504026772/0001193125-04-026772-index.htm,https://www.sec.gov/Archives/edgar/data/1179929/000119312504026772/d10k.htm,5.504261344925245,0.3126127906210894,0.7437528815122176,0.6839491536586972,6.340565105710334,5.830784429954554,5.507159322926958,5.830784429954554,0.0,638445150.0,496595150.0,13.45114507837519,3.055814203936284,22.61503843292834,24.592471399406804,2.884689050342939,2.884689050342939,2.3768721760606524,23.363686191484355,17.59042010555772,19.128506220869767,0.0185857782771158,0.04066285099041,0.0,0.0,-6.673723829687132,2.52048130439499,0.0,2.3791505140738245,0.0319369643578622,1.718354963762009,0.0709000229744218,0.0,0.0356486788455678,0.0804080620594382,0.0108649869811609,1.1105675146771037,0.0059159136161739,6.404100274320902,0.0536070765982669,0.0357085895016867,4.154007771850096,182216000.0,209038000.0,178794000.0,212880000.0,51950500.0,58479500.0,0.0,23.127632485832443,60.8950017355085,0.0,3.891448900147144,1.477953812874597,0.0,0.0536141910880978,0.0598037278535203,2004-02-11,0.29,bmo,195448774.0,2025-04-25,2003-12-31,0.0689655172413793,16.73885,119539.28125
2003-09-30,MOH,USD,1179929,2003-11-14,2003-11-14 16:19:13,2003,Q3,197526000.0,161736000.0,35790000.0,0.1811913368,0,16599000.0,0.0,16599000.0,0.0,18197000.0,179933000.0,0.0,0.0,1598000.0,19191000.0,0.09715683,17593000.0,0.0890667558,-366000.0,17227000.0,0.0872138351,5503000.0,11724000.0,0.0593542116,0.31,0.31,37924500,38610000,https://www.sec.gov/Archives/edgar/data/1179929/000119312503082023/0001193125-03-082023-index.htm,https://www.sec.gov/Archives/edgar/data/1179929/000119312503082023/d10q.htm,5.208400901791718,0.3091405292093501,0.0657622381310234,-0.0070930401191841,5.89334071642342,5.484633943756674,5.335469155822753,5.484633943756674,0.0,701603600.801625,540398600.801625,14.96084102698791,3.55195569596724,281.3166001610365,-2608.1918245413567,3.3730618013366462,3.3730618013366462,2.735835286502157,28.15895997090433,216.6794710511728,-2008.916731604554,0.0167102905210358,-0.0003834073823062,0.0,0.0,-8.400031264655308,2.6163478292271165,0.0,0.2127260320709655,0.0,0.0,0.0840345068497311,0.0,0.017625853328722,1.1078588612670408,0.0139880319552869,1.7290362953692116,0.0,6.176508673804428,0.056965319621711,0.0371845781053753,3.908133264776068,179038000.0,202345000.0,176858000.0,201888000.0,60108500.0,57405000.0,6701500.0,22.87840588074481,0.0,0.0,3.933840516211264,0.0,0.0,0.0563648426457437,0.0728552782502076,2003-11-14,,amc,,2025-04-25,2003-09-30,,15.676303348095235,330097.7777777777
2003-06-30,MOH,USD,1179929,2003-08-12,2003-08-12 14:13:00,2003,Q2,194983000.0,160593000.0,34390000.0,0.1763743506,0,15422000.0,0.0,15422000.0,0.0,16796000.0,177389000.0,0.0,0.0,1374000.0,18968000.0,0.0972802757,17594000.0,0.0902335075,-604000.0,16990000.0,0.0871358016,6043000.0,10947000.0,0.0561433561,0.39,0.38,28198500,28753500,https://www.sec.gov/Archives/edgar/data/1179929/000119312503034137/0001193125-03-034137-index.htm,https://www.sec.gov/Archives/edgar/data/1179929/000119312503034137/d10q.htm,6.914658581130202,0.3882121389435608,0.3825735411458056,0.2978527226625529,4.808695497987482,3.326559923400181,3.151337837118996,3.326559923400181,0.3014344734649006,375980187.99,250882187.99,8.586374988352974,1.928271633886031,34.85170448553949,44.76487534111204,4.008146646091851,4.008146646091851,1.2866874957816836,13.226602066111344,23.255671856692626,29.870483151565665,0.0291158958628191,0.0223389430302199,0.0906144727303739,0.034592500345925,-6.595212990299451,1.554539919051542,0.0,0.9854754727322554,0.0,0.0,0.0790940748680654,0.0,0.02010841696579,0.221449758991472,0.0122523502048896,1.7387190684133915,0.0,5.390430986638269,0.1068210415627247,0.0454653060715932,1.520976293065234,77411000.0,88863000.0,65092000.0,97750000.0,35002500.0,57405000.0,6701500.0,32.31281701481667,64.34215688105957,7.511348564383254,2.7852724805371043,1.3987718839822316,11.981869730657316,0.1167007803505181,0.0847208184832526,2003-11-05,0.29,bmo,184782387.0,2025-04-25,2003-06-30,0.0689655172413793,,
2003-03-31,MOH,USD,1179929,2003-03-31,2003-03-30 19:00:00,2003,Q1,192160000.0,162732000.0,29428000.0,0.153143214,0,14709000.0,0.0,14709000.0,0.0,-164049000.0,-164049000.0,0.0,0.0,1317000.0,357526000.0,1.8605641132,356209000.0,1.8537104496,-74000.0,13275000.0,0.0690830558,5295000.0,7980000.0,0.0415278934,0.27,0.27,29167500,29703000,,,6.588154624153596,0.2735921830804834,0.1384417588068912,0.1065569555155567,0.0685694694437301,2.840730264849576,2.6523013628182053,2.840730264849576,0.2857975486414674,388900194.45,397236194.45,12.183590051691729,2.023835316663197,96.31010263744427,125.1287626930502,4.693631128932981,4.693631128932981,2.067215832899667,1.1110693892192456,98.37449094848937,127.81087337516088,0.0205194034713345,0.0079917676677829,0.1006070700121896,0.0393001777371282,0.0233157868238953,35.714285714285715,0.0,0.5060150375939849,0.0,0.0,0.0765455870108243,0.0,0.0259109617134424,0.2303120356612184,0.0048397169025811,0.7061503416856492,0.0,4.1817503369782125,10.041638343894096,0.0386225588655228,-4.36286963229622,1944000.0,77361000.0,-127254000.0,21268000.0,,,,0.0,0.0,0.0,0.0,0.0,0.0,0.0963105108801911,0.0318848032913345,2003-03-30,,amc,,2025-04-25,2003-03-31,,,
