date,symbol,reportedCurrency,cik,fillingDate,acceptedDate,calendarYear,period,revenue,costOfRevenue,grossProfit,grossProfitRatio,researchAndDevelopmentExpenses,generalAndAdministrativeExpenses,sellingAndMarketingExpenses,sellingGeneralAndAdministrativeExpenses,otherExpenses,operatingExpenses,costAndExpenses,interestIncome,interestExpense,depreciationAndAmortization,ebitda,ebitdaratio,operatingIncome,operatingIncomeRatio,totalOtherIncomeExpensesNet,incomeBeforeTax,incomeBeforeTaxRatio,incomeTaxExpense,netIncome,netIncomeRatio,eps,epsdiluted,weightedAverageShsOut,weightedAverageShsOutDil,link,finalLink,revenuePerShare,netIncomePerShare,operatingCashFlowPerShare,freeCashFlowPerShare,cashPerShare,bookValuePerShare,tangibleBookValuePerShare,shareholdersEquityPerShare,interestDebtPerShare,marketCap,enterpriseValue,peRatio,priceToSalesRatio,pocfratio,pfcfRatio,pbRatio,ptbRatio,evToSales,enterpriseValueOverEBITDA,evToOperatingCashFlow,evToFreeCashFlow,earningsYield,freeCashFlowYield,debtToEquity,debtToAssets,netDebtToEBITDA,currentRatio,interestCoverage,incomeQuality,dividendYield,payoutRatio,salesGeneralAndAdministrativeToRevenue,researchAndDdevelopementToRevenue,intangiblesToTotalAssets,capexToOperatingCashFlow,capexToRevenue,capexToDepreciation,stockBasedCompensationToRevenue,grahamNumber,roic,returnOnTangibleAssets,grahamNetNet,workingCapital,tangibleAssetValue,netCurrentAssetValue,investedCapital,averageReceivables,averagePayables,averageInventory,daysSalesOutstanding,daysPayablesOutstanding,daysOfInventoryOnHand,receivablesTurnover,payablesTurnover,inventoryTurnover,roe,capexPerShare,report_date,epsEstimated,time,revenueEstimated,updatedFromDate,fiscalDateEnding,surprise(%),QuarterAvgPrice,QuarterAvgVolume
2024-12-31,MOS,USD,1285785,2025-03-03,2025-03-03 15:57:06,2024,Q4,2815900000.0,2514000000.0,301900000.0,0.1072126141,0,0.0,0.0,113500000.0,88500000.0,202000000.0,2627500000.0,13300000.0,60000000.0,314000000.0,564400000.0,0.200433254,99900000.0,0.0354771121,90500000.0,190400000.0,0.0676160375,33800000.0,169000000.0,0.0600163358,0.53,0.53,317400000,318500000,https://www.sec.gov/Archives/edgar/data/1285785/000161803425000003/0001618034-25-000003-index.htm,https://www.sec.gov/Archives/edgar/data/1285785/000161803425000003/mos-20241231.htm,8.87177063642092,0.5324511657214871,0.6909262759924386,-0.2356647763074984,0.8594833018273472,36.593257718966605,33.25015752993069,36.17643352236925,14.208569628229364,7801691999.999999,11978692000.0,11.540964497041418,2.7705856031819307,35.57543091655266,-104.30069518716576,0.6794478506235629,0.6794478506235629,4.253947938492134,21.22376328844791,54.62239854081167,-160.1429411764706,0.021661967685984,-0.0095876638042106,0.3875322232285933,0.1941109753969638,7.400779588944012,1.07839282717618,1.665,0.0,0.0085237920184493,0.393491124260355,0.0,0.0,0.0462877333798638,1.3410852713178294,0.1044426293547356,0.0,0.0,20.818240668082552,0.0041731754411348,0.0077299900745097,-28.126417769376182,327000000.0,10553600000.0,-6811000000.0,14740700000.0,1072449999.5,779400000.0,2735700000.0,35.58258460882844,41.40214797136039,91.23150357995227,2.529327225366029,2.173800259403372,0.98650133417046,0.0147181773845189,0.926591052299937,2025-02-27,0.53,amc,2918328760.0,2025-05-11,2024-12-31,-0.1509433962264151,26.1496875,4134088.46875
2024-09-30,MOS,USD,1285785,2024-11-12,2024-11-12 12:43:11,2024,Q3,2810900000.0,2394100000.0,416800000.0,0.1482799103,0,0.0,0.0,148200000.0,153200000.0,301400000.0,2695500000.0,8900000.0,50600000.0,237900000.0,462700000.0,0.1646091999,115400000.0,0.0410544665,58800000.0,174200000.0,0.0619730335,48000000.0,122200000.0,0.0434736205,0.38,0.38,318400000,319400000,https://www.sec.gov/Archives/edgar/data/1285785/000161803424000019/0001618034-24-000019-index.htm,https://www.sec.gov/Archives/edgar/data/1285785/000161803424000019/mos-20240930.htm,8.828203517587939,0.3837939698492462,0.9827261306532664,0.2264447236180904,0.9472361809045228,37.56689698492463,34.05778894472362,37.087311557788944,13.595477386934672,8526752000.0,12503352000.0,17.444255319148937,3.033459745988829,27.250725471396613,118.26285714285714,0.7220798401165253,0.7220798401165253,4.448166779323349,27.02258915063756,39.95957813998083,173.41680998613035,0.0143313655656925,0.0084557402396598,0.362295276324035,0.1836791646809807,8.594337583747569,1.1905069808654836,2.280632411067194,2.394032134659525,0.0161139904151076,1.1243862520458263,0.0,0.0,0.0479698776817492,0.7695749440715883,0.0856665125048916,0.0,0.0019566686826283,17.895877933493292,0.0041720512705541,0.0055108593693628,-27.618090454616837,795500000.0,10844000000.0,-6359200000.0,15595900000.0,1321399999.5,861450000.0,2738500000.0,33.02999036251734,15.123428428219372,109.88262812748005,2.724796435367193,5.951031568481233,0.8190557646253849,0.0103483901563267,0.7562814070351759,2024-11-12,0.54,bmo,3165591198.0,2025-04-24,2024-09-30,-0.3703703703703703,27.51453125,3678384.203125
2024-06-30,MOS,USD,1285785,2024-08-07,2024-08-07 12:27:19,2024,Q2,2816600000.0,2422600000.0,394000000.0,0.1398849677,0,0.0,0.0,128400000.0,32300000.0,128400000.0,2551000000.0,14800000.0,61200000.0,291300000.0,524600000.0,0.1862529291,233300000.0,0.0828303628,-307700000.0,-74400000.0,-0.0264148264,98700000.0,-161500000.0,-0.0573386352,-0.5,-0.5,321200000,321200000,https://www.sec.gov/Archives/edgar/data/1285785/000161803424000013/0001618034-24-000013-index.htm,https://www.sec.gov/Archives/edgar/data/1285785/000161803424000013/mos-20240630.htm,8.768991282689912,-0.5028019925280199,2.636986301369863,1.5974470734744708,1.0024906600249066,36.83094645080946,33.3879202988792,36.365504358655045,13.971668742216687,8980752000.0,13085252000.0,-13.902092879256966,3.1885081303699496,10.603012987012988,17.502927304618982,0.7688605037412461,0.7688605037412461,4.645761556486544,24.943293938238657,15.448939787485244,25.50234262327032,-0.0179829038815457,0.0571333001957965,0.3789616971730904,0.1961535904991913,7.824056423942051,1.1554298480554104,3.8120915032679736,-5.244582043343653,0.0075383442277439,-0.4191950464396284,0.0,0.0,0.0490062703565018,0.3942148760330578,0.1185471845487467,1.1462409886714726,0.0042249520698714,,0.0278131569794253,-0.0075254186742215,-24.685554171855543,640200001.0,10724200000.0,-5977300000.0,15238100001.0,1411900000.0,1219050000.0,2578500000.0,51.48334871831286,49.06051349789482,94.88153223809132,1.7481380337636545,1.8344691806754505,0.948551292090838,-0.0138263445370956,1.0395392278953923,2024-08-06,0.68,amc,2934040000.0,2025-04-24,2024-06-30,-0.2058823529411765,30.12952380952381,4443753.80952381
2024-03-31,MOS,USD,1285785,2024-05-02,2024-05-02 12:36:33,2024,Q1,2679400000.0,2249200000.0,430200000.0,0.160558334,0,0.0,0.0,106800000.0,-108500000.0,215300000.0,2464500000.0,10200000.0,58200000.0,268300000.0,471200000.0,0.1758602672,214900000.0,0.0802045234,-147700000.0,25200000.0,0.0094050907,6200000.0,45200000.0,0.0168694484,0.14,0.14,322100000,323500000,https://www.sec.gov/Archives/edgar/data/1285785/000161803424000006/0001618034-24-000006-index.htm,https://www.sec.gov/Archives/edgar/data/1285785/000161803424000006/mos-20240331.htm,8.318534616578702,0.1403290903446134,-0.2483700714063955,-1.437441788264514,1.052778640173859,37.764048432163925,34.29369760943806,37.31418814032909,14.319466004346475,10445703000.0,14660703000.0,57.77490597345133,3.8985231768306337,-130.5712875,-22.56091360691145,0.8691064074083318,0.8691064074083318,5.471636560423976,31.11354626485569,-183.2587875,-31.664585313174943,0.0043271381543204,-0.0443244461382828,0.3789115476457912,0.1991037467756743,8.945246179966045,1.1578947368421053,3.692439862542955,-1.7699115044247788,0.0066726002069942,1.5420353982300885,0.0,0.0,0.0488698465439601,-4.7875,0.1429424498021945,1.4291044776119404,0.0034709263267895,10.854307291131173,0.0080021620791079,0.0020776641906302,-25.33110835144365,634800000.0,11046000000.0,-6054000000.0,15213900000.0,1375550000.0,1342150000.0,2563100000.0,40.73076061804882,44.71589898630624,104.15703361195092,2.2096321952828637,2.0127069351230427,0.8640799077986938,0.003760743495661,1.1890717168581186,2024-05-01,0.6,amc,2846620000.0,2025-04-24,2024-03-31,0.0833333333333334,31.851147540983607,5183385.344262295
2023-12-31,MOS,USD,1285785,2024-02-22,2024-02-22 14:32:58,2023,Q4,3149500000.0,2590000000.0,559500000.0,0.1776472456,0,0.0,0.0,123000000.0,-10700000.0,281000000.0,2871000000.0,16300000.0,51200000.0,284000000.0,562300000.0,0.1785362756,278500000.0,0.0884267344,45400000.0,323900000.0,0.1028417209,-43800000.0,365300000.0,0.1159866645,1.12,1.11,326100000,327700000,https://www.sec.gov/Archives/edgar/data/1285785/000161803424000004/0001618034-24-000004-index.htm,https://www.sec.gov/Archives/edgar/data/1285785/000161803424000004/mos-20231231.htm,9.658080343452928,1.1202085249923337,1.6501073290401718,0.5495246856792395,1.069610548911377,38.12572830420117,34.63416130021466,37.6884391291015,12.40723704385158,11651552999.999998,15297552999.999998,7.973961812209142,3.699492935386569,21.653136963389706,65.01982700892856,0.9480360775251826,0.9480360775251826,4.857137005873947,27.205322781433395,28.42882921390076,85.3658091517857,0.0313520438005131,0.0153799240324444,0.3250394623358448,0.1734396165468375,6.484083229592744,1.2249270723081291,5.439453125,1.4622282608695651,0.0055872379415859,0.1782096879277306,0.0,0.0,0.0494338508561703,0.6669763984389518,0.1139545959676139,0.2706432395746927,0.0019050642959199,30.82086133022029,0.0160047330565762,0.0166847840980716,-24.02859552284575,871300000.0,11294200000.0,-5855000000.0,15825100000.0,1468850000.0,1636550000.0,2488200000.0,43.96412128909351,54.444787644787645,87.67876447876448,2.0471238219044525,1.6530508041868777,1.0264743183259353,0.0297228686270361,1.1005826433609325,2024-02-21,0.82,amc,3149500000.0,2025-04-24,2023-12-31,-0.1341463414634146,35.3179365079365,3643952.65079365
2023-09-30,MOS,USD,1285785,2023-11-08,2023-11-08 12:43:08,2023,Q3,3548300000.0,3138700000.0,409600000.0,0.1154355607,0,0.0,0.0,119900000.0,-50100000.0,263800000.0,3402500000.0,22900000.0,17400000.0,238700000.0,260400000.0,0.0733872559,145800000.0,0.0410900995,-164400000.0,-18600000.0,-0.0052419468,-5900000.0,-4200000.0,-0.0011836654,-0.0127,-0.0127,331500000,331500000,https://www.sec.gov/Archives/edgar/data/1285785/000161803423000019/0001618034-23-000019-index.htm,https://www.sec.gov/Archives/edgar/data/1285785/000161803423000019/mos-20230930.htm,10.703770739064856,-0.0126696832579185,1.952941176470588,0.7110105580693816,1.7828054298642535,36.823831070889895,33.459426847662144,36.35082956259427,11.082956259426847,11801400000.0,14867000000.0,-702.4642857142858,3.3259307273905816,18.228915662650603,50.06957997454391,0.9793449125747906,0.9793449125747906,4.189893751937547,57.09293394777266,22.96416434970652,63.07594399660586,-0.000355889979155,0.0199722066873421,0.3034447275171572,0.1614079384137297,11.772657450076805,1.0980559163596877,8.379310344827585,208.83870967741936,0.0056264510990221,-15.80952380952381,0.0,0.0,0.049231054452998,0.6359283286994131,0.1160273933996561,15.191881918819188,0.00169095059606,,0.0051660377004746,-0.0001949942198141,-22.866666666666667,460500000.0,11091800000.0,-5290500000.0,14715900000.0,1310700000.0,1765900000.0,2800950000.0,35.48967111010907,48.92694427629273,70.34377289960811,2.5359491137793024,1.8394772314364416,1.2794309473340943,-0.0003485390405218,1.2419306184012069,2023-11-07,0.8,amc,3232010000.0,2025-04-24,2023-09-30,-0.15,38.36730158730158,3699337.126984127
2023-06-30,MOS,USD,1285785,2023-08-02,2023-08-02 13:27:11,2023,Q2,3394000000.0,2822900000.0,571100000.0,0.1682675309,0,0.0,0.0,129900000.0,-7100000.0,201900000.0,3024800000.0,11300000.0,36000000.0,244200000.0,766100000.0,0.2257218621,369200000.0,0.1087802004,105400000.0,474600000.0,0.1398350029,108400000.0,369000000.0,0.1087212728,1.11,1.11,332200000,333700000,https://www.sec.gov/Archives/edgar/data/1285785/000161803423000015/0001618034-23-000015-index.htm,https://www.sec.gov/Archives/edgar/data/1285785/000161803423000015/mos-20230630.htm,10.216736905478628,1.110776640577965,3.229078868151716,2.2950030102347982,1.8847080072245632,37.794701986754966,34.36724864539434,37.3419626730885,11.011137868753762,11627000000.0,14622800000.0,7.877371273712737,3.425751325869181,10.839004381467326,15.250524658971669,0.9372833534864974,0.9372833534864974,4.308426635238656,19.08732541443676,13.631770299244897,19.179958027282268,0.0317364754450847,0.065571514578137,0.2919709794437726,0.1565198226463038,3.910455554105208,1.1802496177212052,10.255555555555556,2.8295964125560538,0.005822654167025,0.1834688346883468,0.0,0.0,0.0492044148278753,0.2892700661881234,0.0914260459634649,-0.7903718797758533,0.002533883323512,30.549436109992648,0.0145690835833943,0.0167715075267253,-22.479530403371463,872300000.0,11416800000.0,-4873100000.0,15105500000.0,1324250000.0,1698400000.0,3234350000.0,32.40954625810253,58.20078642530731,100.38719047787735,2.7769595810832923,1.54637085729937,0.896528726140947,0.0297460701330108,0.9340758579169176,2023-08-01,1.12,amc,3214250000.0,2025-04-24,2023-06-30,-0.0714285714285714,38.64370967741935,4384253.080645162
2023-03-31,MOS,USD,1285785,2023-05-04,2023-05-04 14:50:07,2023,Q1,3604300000.0,2933900000.0,670400000.0,0.1860000555,0,0.0,0.0,127700000.0,-1900000.0,125800000.0,3059700000.0,9100000.0,41100000.0,242800000.0,839000000.0,0.2327775157,544600000.0,0.1510973004,1400000.0,546000000.0,0.1514857254,118300000.0,434800000.0,0.1206336875,1.3,1.28,335400000,338700000,https://www.sec.gov/Archives/edgar/data/1285785/000161803423000008/0001618034-23-000008-index.htm,https://www.sec.gov/Archives/edgar/data/1285785/000161803423000008/mos-20230331.htm,10.746273106738222,1.2963625521765056,0.4442456768038163,-0.5143112701252236,1.3858079904591531,35.94663088849136,32.611508646392366,35.46153846153846,12.775790101371497,15388152000.0,19167252000.0,8.847833486660534,4.269387120938879,103.2761879194631,-89.20667826086957,1.2937960954446857,1.2937960954446857,5.3178847487723,22.84535399284863,128.63927516778523,-111.11450434782608,0.0282555046245968,-0.0112099230628863,0.3568161563167364,0.1856677239418134,4.504290822407628,1.1327115101788063,13.250608272506083,0.3246187363834422,0.0099037233320804,0.3505059797608095,0.0,0.0,0.048937985343979,2.1577181208053693,0.0891990122908747,1.3241350906095553,0.0034403351552312,32.161276970020474,0.0217942757691711,0.0200010120107273,-22.67881633870006,685800000.0,10937900000.0,-4947600000.0,14593600000.0,1458900000.0,1807500000.0,3431550000.0,35.61495990899759,48.2010293466035,101.84396196189373,2.5270279744794224,1.8671800420034368,0.8837048192771084,0.0365568615581227,0.95855694692904,2023-05-03,1.29,amc,3644290000.0,2025-04-24,2023-03-31,-0.1162790697674419,48.42564516129032,4347056.806451613
2022-12-31,MOS,USD,1285785,2023-02-23,2023-02-23 14:11:23,2022,Q4,4481300000.0,3512900000.0,968400000.0,0.2160980073,0,0.0,0.0,132900000.0,134900000.0,267800000.0,3780700000.0,9800000.0,33800000.0,255000000.0,956000000.0,0.2133309531,402900000.0,0.0899069466,-23400000.0,677200000.0,0.1511168634,206000000.0,523200000.0,0.1167518354,1.54,1.52,340300000,343800000,https://www.sec.gov/Archives/edgar/data/1285785/000161803423000003/0001618034-23-000003-index.htm,https://www.sec.gov/Archives/edgar/data/1285785/000161803423000003/mos-20221231.htm,13.16867469879518,1.5374669409344697,2.808404349103732,1.8078166323831912,2.161034381428152,35.83367616808698,32.55333529238907,35.423449897149574,10.743167793123714,14928961000.0,17815661000.0,7.133486716360856,3.331390667886551,15.620969969655748,24.26684167750325,1.2384451578650473,1.2384451578650473,3.975556423359293,18.635628661087868,18.64147849743643,28.95913686605982,0.0350459754031107,0.0412084940137495,0.3004745076568281,0.1548832634909775,3.019560669456067,1.1848277856084426,11.920118343195266,1.808325449385052,0.0023042460891953,0.0657492354740061,0.0,0.0,0.047733686821175,0.3562833525164801,0.0759824158168388,0.3646000642467074,0.0013165822417602,35.00576553785262,0.0146674449768547,0.0234938054845821,-22.233984719365267,1022800000.0,11077900000.0,-4635200000.0,14817800000.0,1695650000.0,1938000000.0,3662150000.0,29.954477495369645,52.359304278516326,90.77371971875088,3.0045591686221926,1.7188922053138915,0.9914763907312804,0.04340251854064,1.0005877167205408,2023-02-22,2.26,amc,4170736058.0,2025-04-24,2022-12-31,-0.2300884955752211,49.50904761904762,3946222.507936508
2022-09-30,MOS,USD,1285785,2022-11-08,2022-11-08 12:30:24,2022,Q3,5348500000.0,3846500000.0,1502000000.0,0.2808263999,0,0.0,0.0,124500000.0,222800000.0,347300000.0,4193800000.0,7600000.0,30600000.0,229200000.0,1328100000.0,0.248312611,923200000.0,0.1726091428,-94000000.0,1060700000.0,0.1983172852,276600000.0,841700000.0,0.1573712256,2.45,2.42,344200000,347700000,https://www.sec.gov/Archives/edgar/data/1285785/000161803422000012/0001618034-22-000012-index.htm,https://www.sec.gov/Archives/edgar/data/1285785/000161803422000012/mos-20220930.htm,15.53893085415456,2.445380592678675,2.5822196397443347,1.5546194073213249,2.041836141778036,34.09442184776293,30.88030214991284,33.64497385241139,12.17489831493318,16635186000.0,20092386000.0,4.940948675299988,3.110252594185285,18.71645589558956,31.08799476733321,1.436470131081291,1.436470131081291,3.756639431616341,15.128669527896996,22.60619486948695,37.54884320687722,0.0505975707154702,0.0321667578589142,0.3592214565739253,0.1774925760316756,2.603117235147956,1.3448921115724226,30.169934640522875,1.0380752160710114,0.0041358118869244,0.0817393370559581,0.0,0.0,0.0472019319384237,0.3979522952295229,0.0661306908479012,1.543193717277487,0.0012152940076657,43.02536736911187,0.0355599576100691,0.0376914913148809,-22.324375363160957,1769400000.0,10629000000.0,-4802600000.0,15338200000.0,2075850000.0,2057850000.0,3711050000.0,31.96821538749182,42.871961523462886,88.47211750942415,2.815296346983893,2.099274136331387,1.0172696498466096,0.0726818990380464,1.0276002324230098,2022-11-07,3.52,amc,5818181877.0,2025-04-24,2022-09-30,-0.0852272727272726,51.67796875,5207054.125
2022-06-30,MOS,USD,1285785,2022-08-02,2022-08-02 12:52:19,2022,Q2,5373100000.0,3526800000.0,1846300000.0,0.3436191398,0,0.0,0.0,108200000.0,63900000.0,172100000.0,3698900000.0,9000000.0,34100000.0,-35700000.0,1674200000.0,0.3115892129,1674200000.0,0.3115892129,-297000000.0,1377200000.0,0.2563138598,369300000.0,1035900000.0,0.1927937317,2.88,2.85,359500000,363100000,https://www.sec.gov/Archives/edgar/data/1285785/000161803422000010/0001618034-22-000010-index.htm,https://www.sec.gov/Archives/edgar/data/1285785/000161803422000010/mos-20220630.htm,14.946036161335188,2.881502086230876,4.4091794158553546,3.678720445062587,2.334075104311544,33.12656467315716,29.89401947148818,32.687899860917945,11.156328233657858,16979184999.999998,20116685000.0,4.097689207452457,3.1600351752247304,10.71174373856539,12.838703213610584,1.444877162526699,1.444877162526699,3.743962516982747,12.015700035838012,12.69111412529178,15.211103969754252,0.0610099954738699,0.0778894864506158,0.3383966029290376,0.1657911413514775,1.874029387169992,1.2959339488636363,49.096774193548384,1.5185859360030658,0.0031744750999532,0.0520320494256202,0.0,0.0,0.0484499032752985,0.1656677812125418,0.0488730900225195,1.0718367346938775,0.0,46.03564555846017,0.064369060315425,0.0453874296229763,-21.49687065368568,1666700000.0,10746900000.0,-4777900000.0,15398200000.0,1891000000.0,1991100000.0,3483700000.0,37.71956598611602,58.26981966655325,92.91170466144948,2.386029575025534,1.5445388455811508,0.9686615946606608,0.0881519491460519,0.7304589707927678,2022-08-01,4.04,amc,5722469583.0,2025-04-24,2022-06-30,-0.0990099009900989,61.25774193548387,8631809.725806452
2022-03-31,MOS,USD,1285785,2022-05-03,2022-05-03 14:07:14,2022,Q1,3922300000.0,2483200000.0,1439100000.0,0.3669020728,0,0.0,0.0,132400000.0,200000.0,183300000.0,2666500000.0,4600000.0,39300000.0,226700000.0,1817600000.0,0.4634015756,1255800000.0,0.3201692884,271600000.0,1527400000.0,0.3894143742,372400000.0,1182000000.0,0.3013537975,3.23,3.19,366100000,370100000,https://www.sec.gov/Archives/edgar/data/1285785/000161803422000007/0001618034-22-000007-index.htm,https://www.sec.gov/Archives/edgar/data/1285785/000161803422000007/mos-20220331.htm,10.713739415460257,3.2286260584539743,1.3826823272329964,0.589183283255941,2.408904670854957,32.20650095602294,28.938541382136027,31.79022125102431,12.283802239825183,24345650000.0,27921550000.0,5.149249153976311,6.206983147642965,48.09492295535362,112.86810384793696,2.0918382251855925,2.0918382251855925,7.118667618489152,15.36176826584507,55.15912682734097,129.44622160407974,0.0485507677963003,0.0088598989963299,0.3830251580973329,0.1903163970610209,1.967374559859155,1.2323376289169985,31.95419847328244,0.4269208062747744,0.0016676490461334,0.0343485617597292,0.0,0.0,0.0510777821893771,0.5738838403792967,0.0740636871223516,1.2814292015880018,0.0041812202024322,48.05592134731342,0.048679219745643,0.0531792843741985,-21.68690248565965,1173700000.0,10594400000.0,-5406900000.0,15207700000.0,1437150000.0,1851600000.0,3033950000.0,35.10924712541111,61.57055412371134,120.56419136597938,2.5634272269786287,1.461737697198022,0.7464903051255073,0.1015603519384107,0.7934990439770554,2022-05-02,2.4,amc,4094347685.0,2025-04-24,2022-03-31,0.0041666666666667,50.01370967741936,8981201.338709677
2021-12-31,MOS,USD,1285785,2022-02-23,2022-02-23 15:27:15,2021,Q4,3841000000.0,2692400000.0,1148600000.0,0.2990367092,0,0.0,0.0,123500000.0,-1100000.0,178900000.0,2871300000.0,7500000.0,39000000.0,214200000.0,1165400000.0,0.3034105702,969700000.0,0.2524602968,-83800000.0,885900000.0,0.2306430617,245500000.0,664800000.0,0.1730799271,1.78,1.76,373700000,377500000,https://www.sec.gov/Archives/edgar/data/1285785/000161803422000004/0001618034-22-000004-index.htm,https://www.sec.gov/Archives/edgar/data/1285785/000161803422000004/mos-20211231.htm,10.278298100080278,1.778967085897779,1.1517259834091518,0.1808937650521808,2.059138346267059,28.76237623762376,25.625635536526627,28.375970029435376,11.56168049237356,14682673000.0,18194773000.0,5.521462469915764,3.822617287164801,34.11401719330855,217.1993047337278,1.384622268745108,1.384622268745108,4.736988544649831,15.61247039643041,42.27410083643122,269.1534467455621,0.0452778591473092,0.004604066303186,0.4037683537499646,0.1942967090813381,3.0136433842457526,1.112357438275473,24.864102564102563,0.6507408527366193,0.0018933882134404,0.0418170878459687,0.0,0.0,0.0531938066108801,0.8429368029739777,0.0944545691226243,1.6937441643323996,0.0013538141109086,33.70160420570089,0.0384981080679799,0.0318631914954802,-21.78097404335028,537900000.0,9576300000.0,-5962600000.0,14185400000.0,1212850000.0,1890100000.0,2507500000.0,31.496485290288987,67.00193136235329,91.63794384192542,2.857461687248921,1.3432448613051289,0.982125921062231,0.0626927320564687,0.9708322183569708,2022-02-22,1.98,amc,3900577376.0,2025-04-24,2021-12-31,-0.0151515151515151,38.288125,5068777.421875
2021-09-30,MOS,USD,1285785,2021-11-02,2021-11-02 13:14:58,2021,Q3,3418600000.0,2554100000.0,864500000.0,0.2528812964,0,0.0,0.0,97700000.0,600000.0,162900000.0,2717000000.0,6800000.0,47800000.0,186100000.0,812700000.0,0.2377288949,701600000.0,0.2052302112,-147300000.0,554300000.0,0.1621423975,176600000.0,371900000.0,0.1087872228,0.98,0.97,379800000,383200000,https://www.sec.gov/Archives/edgar/data/1285785/000161803421000013/0001618034-21-000013-index.htm,https://www.sec.gov/Archives/edgar/data/1285785/000161803421000013/mos-20210930.htm,9.00105318588731,0.9791995787256452,1.112954186413902,0.2177461822011585,2.219062664560295,27.85992627698789,24.77488151658768,27.436545550289622,10.64402317008952,13566456000.0,16718456000.0,9.11969346598548,3.9684245012578248,32.09476224272534,164.04420798065297,1.3019131703197573,1.3019131703197573,4.890439361141988,20.57149747754399,39.55158741424178,202.15787182587667,0.0274132020919833,0.0060959177547916,0.3833634025565237,0.1894931575077674,3.878429924941553,1.3160967234225212,14.677824267782428,1.1227091633466135,0.0020933986001944,0.0763646141435869,0.0,0.0,0.0555795365604914,0.8043529690087533,0.0994559176270988,1.8269747447608813,0.0014918387644064,24.58620978316784,0.0270215244393115,0.0186792433876784,-20.29903896787783,1104600000.0,9409500000.0,-5901200000.0,14545500000.0,1006000000.0,1765650000.0,2234000000.0,28.472181594804887,62.57468384166634,80.11589209506285,3.1609801202034213,1.4382813379885122,1.1233726249120335,0.0356896088441902,0.8952080042127436,2021-11-01,1.59,amc,3777660000.0,2025-04-24,2021-09-30,-0.1509433962264151,31.9840625,3688987.90625
2021-06-30,MOS,USD,1285785,2021-08-03,2021-08-03 13:26:27,2021,Q2,2800700000.0,2048400000.0,752300000.0,0.2686114186,0,0.0,0.0,107600000.0,1400000.0,110200000.0,2158600000.0,6500000.0,37300000.0,203500000.0,806500000.0,0.2879637234,484000000.0,0.1728139394,75200000.0,559200000.0,0.1996643696,115900000.0,437200000.0,0.1561038312,1.15,1.14,379800000,383300000,https://www.sec.gov/Archives/edgar/data/1285785/000161803421000010/0001618034-21-000010-index.htm,https://www.sec.gov/Archives/edgar/data/1285785/000161803421000010/mos-20210630.htm,7.374144286466561,1.1511321748288572,2.672722485518694,1.890205371248025,3.732490784623486,27.68720379146919,24.524223275408108,27.219589257503948,11.848867825171142,12119418000.0,15164718000.0,6.930133806038427,4.327281750990824,11.9391370308344,16.881763476807354,1.1723174695298897,1.1723174695298897,5.414617060020709,18.80312213267204,14.9391370308344,21.12371918094442,0.0360743395433675,0.059235517745159,0.4316985877345715,0.2078329103313386,3.775945443273403,1.2053457067594673,12.975871313672922,2.313354603463993,0.0023598492930931,0.0654162854528819,0.0,0.0,0.0559433720632407,0.2927790365481233,0.1061163280608419,1.4604422604422604,0.001535330453101,26.55184102936407,0.0214427574242818,0.0215664802044178,-20.392904160084253,849700000.0,9314300000.0,-5970300000.0,14113800000.0,891050000.0,1657650000.0,2027550000.0,29.90145320812654,77.13093145869948,96.41476274165204,3.0098871574422352,1.1668470521219023,0.9334670069267226,0.0422905784484426,0.7825171142706687,2021-08-02,0.98,amc,2800700000.0,2025-04-24,2021-06-30,0.1938775510204081,33.91412698412699,5594837.142857143
2021-03-31,MOS,USD,1285785,2021-05-04,2021-05-04 12:52:51,2021,Q1,2297100000.0,1862200000.0,434900000.0,0.1893256715,0,0.0,0.0,101700000.0,3000000.0,121700000.0,1983900000.0,4400000.0,45000000.0,209100000.0,501000000.0,0.218101084,313200000.0,0.1363458273,-87800000.0,225400000.0,0.0981237212,59700000.0,156700000.0,0.0682164468,0.41,0.41,379200000,382800000,https://www.sec.gov/Archives/edgar/data/1285785/000161803421000006/0001618034-21-000006-index.htm,https://www.sec.gov/Archives/edgar/data/1285785/000161803421000006/mos-20210331.htm,6.057753164556962,0.4132383966244726,0.8407172995780591,0.0796413502109704,1.8248945147679323,25.83597046413502,22.72415611814346,25.380274261603372,11.945147679324894,11986512000.0,15779112000.0,19.12334396936821,5.218106307953507,37.59884567126725,396.9043708609272,1.2454554144760084,1.2454554144760084,6.869144573592791,31.495233532934133,49.495332496863234,522.4871523178808,0.013073027416149,0.002519498583074,0.4659711976060348,0.2253330050597675,7.570059880239521,1.1109687034277198,6.96,2.015170670037927,0.0015767722920562,0.1206126356094448,0.0,0.0,0.0592902256545791,0.9052697616060226,0.1256366723259762,1.3802008608321377,0.006486439423621,15.361716585052363,0.0134470880326517,0.0083697875772482,-20.685785864978904,372300000.0,8617000000.0,-6377800000.0,13351200000.0,791850000.0,1484450000.0,1799950000.0,33.36554786469897,75.38502846096016,89.92750510149286,2.697393142320338,1.1938710091037312,1.0008061482237869,0.0162818727790361,0.7610759493670886,2021-05-03,0.5,amc,2123733962.0,2025-04-24,2021-03-31,0.1399999999999999,29.484262295081965,6107985.163934426
2020-12-31,MOS,USD,1285785,2021-02-22,2021-02-22 12:27:17,2020,Q4,2457400000.0,2046000000.0,411400000.0,0.1674127126,0,0.0,0.0,110900000.0,1300000.0,116600000.0,2162600000.0,8300000.0,47200000.0,208500000.0,640200000.0,0.260519248,294800000.0,0.1199641898,64100000.0,358900000.0,0.1460486693,-480900000.0,827900000.0,0.3369007895,2.18,2.17,379100000,382300000,https://www.sec.gov/Archives/edgar/data/1285785/000161803421000003/0001618034-21-000003-index.htm,https://www.sec.gov/Archives/edgar/data/1285785/000161803421000003/mos-20201231.htm,6.48219467159061,2.1838565022421523,0.6288578211553679,-0.3861777895014508,1.5141123714059614,25.732524399894487,22.638353996307043,25.274070166183066,12.200738591400686,8723091000.0,12727191000.0,2.6341016427104726,3.549723691706682,36.59014681208054,-59.58395491803279,0.9104192497964808,0.9104192497964808,5.179128753967608,19.88002343017807,53.3858682885906,-86.93436475409835,0.0949090179157823,-0.0167830416993242,0.4778111758198176,0.2313363449858007,6.254451733833177,1.119084697282695,6.245762711864407,0.2878184232765906,0.0021781269964969,0.022949631598019,0.0,0.0,0.059272958796956,1.6140939597315436,0.1565882640188817,1.8455635491606712,0.0051273703914706,35.24040586581295,0.0400782404676685,0.0444705857075329,-21.21320232128726,374700000.0,8582200000.0,-6513400000.0,13402000000.0,763350000.0,1386150000.0,1710250000.0,26.812484739969072,61.983870967741936,76.50439882697948,3.356645267040022,1.4519906323185012,1.1764029438822448,0.0864069968898073,1.0150356106568188,2021-02-17,0.24,amc,2170150000.0,2025-04-24,2020-12-31,1.3749999999999998,20.13359375,4935160.59375
2020-09-30,MOS,USD,1285785,2020-11-03,2020-11-03 15:57:13,2020,Q3,2381500000.0,2026400000.0,355100000.0,0.1491077052,0,0.0,0.0,97600000.0,4700000.0,256600000.0,2283000000.0,7800000.0,43000000.0,205900000.0,339400000.0,0.1425152215,98500000.0,0.0413604871,-32500000.0,66000000.0,0.0277136259,38100000.0,-6200000.0,-0.0026034012,-0.0164,-0.0164,379100000,379100000,https://www.sec.gov/Archives/edgar/data/1285785/000161803420000014/0001618034-20-000014-index.htm,https://www.sec.gov/Archives/edgar/data/1285785/000161803420000014/mos-20200930.htm,6.281983645476128,-0.0163545238723292,0.8984436824056977,0.1991558955420733,2.4347137958322342,22.960168820891585,19.992614085993143,22.508045370614617,12.757319968346083,6926157000.0,10796457000.0,-279.2805241935484,2.9083170270837706,20.335164415736937,91.73717880794702,0.811709755297206,0.811709755297206,4.533469242074323,31.810421331761933,31.698347034644744,142.99943046357615,-0.0008951573000727,0.0109007058315311,0.5617499531220701,0.2542648899828131,11.403358868591631,1.3081620546463342,2.2906976744186047,-74.04347826086956,0.002728785963125,-3.048387096774193,0.0,0.0,0.0596766322221986,0.7783323546682326,0.1113163972286374,1.2875182127246236,0.0029813142977115,,0.0025504649889829,-0.0003497568625681,-20.54286467950409,883100000.0,7579200000.0,-6398600000.0,13326300000.0,820900000.0,1292700000.0,1817650000.0,30.02897333613269,60.54480852743782,74.67281879194631,2.9971054618676063,1.4865023474178405,1.20525783619818,-0.0007266079129945,0.6992877868636244,2020-11-02,0.22,amc,1760239130.0,2025-04-24,2020-09-30,0.0454545454545455,16.27375,4649044.484375
2020-06-30,MOS,USD,1285785,2020-08-04,2020-08-04 14:07:25,2020,Q2,2044700000.0,1787700000.0,257000000.0,0.1256908104,0,0.0,0.0,95100000.0,2400000.0,171200000.0,1958900000.0,7700000.0,57000000.0,215400000.0,412100000.0,0.201545459,85800000.0,0.041962146,-12800000.0,73000000.0,0.035702059,-2700000.0,47400000.0,0.0231818849,0.13,0.12,379100000,381300000,https://www.sec.gov/Archives/edgar/data/1285785/000161803420000011/0001618034-20-000011-index.htm,https://www.sec.gov/Archives/edgar/data/1285785/000161803420000011/mos-20200630.htm,5.393563703508309,0.1250329728303877,2.1463993669216563,1.4679504088630968,2.8311791084146662,22.85333685043524,19.93168029543656,22.403059878659985,14.37087839620153,4742541000.0,9060241000.0,25.01340189873418,2.319431212402798,5.828365490967188,8.522086253369272,0.5584058636524196,0.5584058636524196,4.431085733848486,21.985539917495757,11.134620867641637,16.280756513926324,0.0099946421127408,0.1173421589818622,0.6347580360296715,0.283429544809312,10.47731133220092,1.3028365832503452,1.5052631578947369,17.727668845315904,0.0040062911422378,0.4008438818565401,0.0,0.0,0.0582316015267657,0.3160870099545287,0.1257886242480559,1.1940575673166205,0.0040103682691837,7.938842893352657,0.0053456113635701,0.0026461229274828,-20.23529411764705,942700000.0,7556100000.0,-6301300000.0,13395800000.0,944850000.0,1207950000.0,1942450000.0,37.29055607179537,61.53045813055882,98.37221010236615,2.41347969782814,1.4626902307314678,0.91489252814739,0.0055810667608618,0.6784489580585598,2020-08-03,0.00933,amc,185881818.0,2025-04-24,2020-06-30,10.789924973204716,11.98111111111111,4796459.365079365
2020-03-31,MOS,USD,1285785,2020-05-05,2020-05-05 14:22:26,2020,Q1,1798100000.0,1756700000.0,41400000.0,0.0230243034,0,0.0,0.0,67900000.0,4500000.0,107600000.0,1864300000.0,9700000.0,50800000.0,217800000.0,-66200000.0,-0.0368166398,-66200000.0,-0.0368166398,-250800000.0,-317000000.0,-0.1762972026,-133000000.0,-203000000.0,-0.1128969468,-0.54,-0.54,375925925,378800000,https://www.sec.gov/Archives/edgar/data/1285785/000161803420000007/0001618034-20-000007-index.htm,https://www.sec.gov/Archives/edgar/data/1285785/000161803420000007/mos2020033110q.htm,4.783123164490451,-0.5400000013300492,0.5051527106038244,-0.1957832517137518,2.8441773469068408,22.77017739598566,19.905251280554808,22.308118281547088,15.459428609505984,4067518508.5,8759118508.5,-5.009259246921183,2.262120298370502,21.419265447604005,-55.26519712635869,0.4850252210178627,0.4850252210178627,4.871318896891163,-132.31296840634442,46.12489999210111,-119.00976234375,-0.0499075786811505,-0.0180945703986831,0.6869380649161718,0.303591473215462,-70.87009063444108,1.291251147139798,-1.3031496062992125,-0.9308823529411764,0.004646567670314,-0.093103448275862,0.0,0.0,0.0567573976970303,1.3875724065297526,0.1465435737723152,1.2098255280073462,0.0,,-0.0022837364844677,-0.0113417325474201,-20.21428822712879,952100000.0,7482900000.0,-6194500000.0,13197800000.0,844150000.0,1307350000.0,2003650000.0,52.18007897224849,61.15614504468606,98.92468833608471,1.7247961630695443,1.4716427913211023,0.909783002744834,-0.0242064343802914,0.7009359623175763,2020-05-04,-0.05,amc,2397466666.0,2025-04-24,2020-03-31,0.1999999999999999,16.97274193548387,6363058.838709678
2019-12-31,MOS,USD,1285785,2020-02-20,2020-02-20 17:22:17,2019,Q4,2076300000.0,1995600000.0,80700000.0,0.0388672157,0,104300000.0,0.0,104300000.0,-3400000.0,167000000.0,2162600000.0,8200000.0,46700000.0,233100000.0,-908000000.0,-0.4373163801,-1194600000.0,-0.5753503829,-19500000.0,-1214100000.0,-0.5847420893,-288800000.0,-921000000.0,-0.4435775177,-2.43,-2.43,378800000,378800000,https://www.sec.gov/Archives/edgar/data/1285785/000161803420000003/0001618034-20-000003-index.htm,https://www.sec.gov/Archives/edgar/data/1285785/000161803420000003/mos-20191231x10k.htm,5.481256599788807,-2.4313621964097147,0.7328405491024287,-0.1676346356916578,1.3703801478352693,24.729672650475184,21.67555438225977,24.24894403379092,12.30464625131996,8197232000.0,12292432000.0,-2.2250901194353965,3.947999807349612,29.528933717579253,-129.09026771653544,0.8924099940123019,0.8924099940123019,5.920354476713384,-13.537920704845815,44.28109510086456,-193.5816062992126,-0.1123549998340903,-0.0077465173609823,0.5023460889445321,0.2391014845713397,-4.5101321585903085,1.434656788980206,-25.58029978586724,-0.292087542087542,0.0023178555883254,-0.020629750271444,0.050233588595097,0.0,0.0599476643262429,1.2287463976945243,0.1642826181187689,1.4633204633204633,0.0013967153108895,,-0.0539912646048724,-0.0507672972615425,-20.8269535374868,1126500000.0,8210700000.0,-6212700000.0,13973400000.0,723600000.0,1439550000.0,2185350000.0,27.99306458604248,64.08598917618761,93.64401683704148,3.2150820687519355,1.4043631245601689,0.961086495858216,-0.1002667247291927,0.9004751847940866,2020-02-19,-0.05253,amc,357982758.0,2025-04-24,2019-12-31,4.520654863887303,19.82921875,4311959.046875
2019-09-30,MOS,USD,1285785,2019-11-05,2019-11-05 16:19:53,2019,Q3,2753400000.0,2473500000.0,279900000.0,0.1016561342,0,78200000.0,0.0,78200000.0,9700000.0,156000000.0,2629500000.0,9900000.0,43200000.0,210800000.0,331700000.0,0.120469238,139500000.0,0.0506646328,-87300000.0,52200000.0,0.0189583787,69200000.0,-44100000.0,-0.0160165613,-0.11,-0.11,385000000,385000000,https://www.sec.gov/Archives/edgar/data/1285785/000161803419000018/0001618034-19-000018-index.htm,https://www.sec.gov/Archives/edgar/data/1285785/000161803419000018/mos2019093010q.htm,7.151688311688312,-0.1145454545454545,1.2623376623376623,0.4251948051948052,1.6651948051948051,26.782337662337664,22.284155844155844,26.23480519480519,12.226753246753248,7892500000.0,11915500000.0,-44.74206349206349,2.866456018014092,16.23971193415638,48.213194868662185,0.7814046968436894,0.7814046968436894,4.327558654754122,35.922520349713594,24.51748971193416,72.78863775198533,-0.0055875831485587,0.0207412100095026,0.4617737911369847,0.2281838151476754,12.12842930358758,1.514149385208295,3.2291666666666665,-12.15,0.0024453595185302,-0.4376417233560091,0.0284012493644221,0.0,0.0847256128883909,0.6631687242798354,0.1170552771119343,1.528937381404175,0.0010532432628749,,-0.0025353837579948,-0.0023572425073363,-20.102857142857143,1400800000.0,8579400000.0,-6003600000.0,15076000000.0,874700000.0,1347900000.0,2504100000.0,26.195249509697103,53.05397210430564,83.47968465736811,3.4357374594459698,1.6963857074274742,1.0781066120385303,-0.0043661637162884,0.8371428571428572,2019-11-04,0.27,amc,7916025000.0,2025-04-24,2019-09-30,-0.7037037037037037,21.778125,5201473.421875
2019-06-30,MOS,USD,1285785,2019-08-06,2019-08-06 15:37:51,2019,Q2,2176900000.0,1949700000.0,227200000.0,0.1043685975,0,78100000.0,0.0,78100000.0,-3700000.0,99700000.0,2049400000.0,7100000.0,53100000.0,220700000.0,16400000.0,0.0075336488,-241900000.0,-0.1111213193,-28900000.0,-270800000.0,-0.1243970784,-51700000.0,-233100000.0,-0.1070788736,-0.6,-0.6,385800000,385800000,https://www.sec.gov/Archives/edgar/data/1285785/000161803419000016/0001618034-19-000016-index.htm,https://www.sec.gov/Archives/edgar/data/1285785/000161803419000016/mos2019063010q.htm,5.64256091238984,-0.604199066874028,1.3149300155520995,0.4077242094349403,1.0417314670813893,27.68869880767237,23.165111456713323,27.146189735614307,12.896060134784864,9749166000.0,14269466000.0,-10.45599099099099,4.478462951904084,19.217752808988763,61.97816910362365,0.9308857061014036,0.9308857061014036,6.55494786163811,870.0893902439025,28.128259412576384,90.7149777495232,-0.0239097375098546,0.016134713471901,0.4699894968012986,0.2384336293045403,275.6280487804878,1.6735130001187226,-4.555555555555555,-2.202778983933999,0.0019796565162599,-0.0827970827970828,0.0358767054067711,0.0,0.0845382897611401,0.6899270648531441,0.1607790895309844,1.58586316266425,0.0031237080251734,,-0.0106750517759333,-0.0123341817162027,-19.41874027993779,1701900000.0,8937100000.0,-5732800000.0,15669900000.0,870000000.0,1009650000.0,2643000000.0,39.19334833938169,57.1334051392522,125.27619633789814,2.2963080168776373,1.5752605639492607,0.7184126165297173,-0.0222572328845603,0.9072058061171592,2019-08-06,0.3,bmo,5260841666.0,2025-04-24,2019-06-30,-0.6,24.40746031746032,4902081.174603174
2019-03-31,MOS,USD,1285785,2019-05-07,2019-05-07 15:03:28,2019,Q1,1899700000.0,1590200000.0,309500000.0,0.1629204611,0,93500000.0,0.0,93500000.0,-1100000.0,107400000.0,1697600000.0,7900000.0,47000000.0,218100000.0,455900000.0,0.2399852608,202100000.0,0.1063852187,-25500000.0,176600000.0,0.0929620466,46600000.0,130800000.0,0.0688529768,0.34,0.34,385500000,387400000,https://www.sec.gov/Archives/edgar/data/1285785/000161803419000006/0001618034-19-000006-index.htm,https://www.sec.gov/Archives/edgar/data/1285785/000161803419000006/mos_20190331x10q.htm,4.927885862516213,0.3392996108949416,-0.4552529182879377,-1.2695201037613488,0.9976653696498056,28.03501945525292,23.555642023346305,27.49987029831388,12.421011673151751,10732320000.0,15089020000.0,20.51284403669725,5.649481497078486,-61.15282051282051,-21.92954638332652,1.0123684111232691,1.0123684111232691,7.9428436068852974,33.09721430138188,-85.97732193732193,-30.831671434409483,0.0121874860235252,-0.0456005784397036,0.4472418216805645,0.2319017084611133,9.556262338232068,1.7296429167361922,4.3,-1.3510392609699768,0.0008944943870477,0.073394495412844,0.0492182976259409,0.0,0.0844595090314155,-1.7886039886039886,0.1652366163078381,1.4392480513525905,0.0080539032478812,14.489328627209868,0.0081117121545496,0.0069877394021956,-19.12619974059663,1749100000.0,9080700000.0,-5491500000.0,15418600000.0,747200000.0,1067650000.0,2421150000.0,37.52171395483498,44.2359451641303,145.57225506225632,2.3986111111111112,2.0345445240532243,0.618249679250418,0.0123382258612232,0.8142671854734111,2019-05-06,0.24,amc,1823712000.0,2025-04-24,2019-03-31,0.0416666666666667,30.4955737704918,4040899.295081967
2018-12-31,MOS,USD,1285785,2019-03-13,2019-03-12 20:24:45,2018,Q4,2520500000.0,2054300000.0,466200000.0,0.1849633009,0,89700000.0,0.0,89700000.0,-3200000.0,208200000.0,2262500000.0,13200000.0,30700000.0,235100000.0,435100000.0,0.1726244793,258000000.0,0.1023606427,-112700000.0,145300000.0,0.0576472922,32700000.0,112300000.0,0.0445546519,0.29,0.29,385500000,387600000,https://www.sec.gov/Archives/edgar/data/1285785/000161803419000004/0001618034-19-000004-index.htm,https://www.sec.gov/Archives/edgar/data/1285785/000161803419000004/mos-20181231x10k.htm,6.538261997405966,0.2913099870298314,0.4949416342412451,-0.3556420233463035,2.198962386511025,27.508949416342418,23.07963683527886,26.97094682230869,11.828015564202335,11260455000.0,14941755000.0,25.06779830810329,4.4675481055346165,59.01705974842767,-82.13315098468271,1.0830172256258837,1.0830172256258837,5.928091648482444,34.34096759365663,78.31108490566038,-108.9843544857768,0.0099729540236162,-0.0121753517064807,0.435593856097256,0.2251083542089148,8.460813606067571,1.705922615452752,8.403908794788274,1.7035714285714283,0.0008525410385281,0.0854853072128228,0.035588176949018,0.0,0.0848691796890532,1.7185534591194969,0.1300932354691529,1.3947256486601447,0.0007141440190438,13.295878639723398,0.0113131150752784,0.0060993824578936,-18.17094682230869,1753300000.0,8897200000.0,-5277500000.0,15207300000.0,768650000.0,1348550000.0,2113650000.0,25.08073794881968,59.30633305748917,99.4586963929319,3.5884111617312078,1.5175445076457117,0.9048982468504978,0.0108008809979513,0.8505836575875486,2019-02-25,0.57,amc,1865824675.0,2025-04-24,2018-12-31,0.3508771929824563,32.908253968253966,4399599.888888889
2018-09-30,MOS,USD,1285785,2018-11-06,2018-11-06 17:05:18,2018,Q3,2928100000.0,2432600000.0,495500000.0,0.1692223626,0,78500000.0,0.0,78500000.0,-7600000.0,102200000.0,2534800000.0,16800000.0,40900000.0,214500000.0,627500000.0,0.2143027902,393300000.0,0.1343191831,-50700000.0,342600000.0,0.1170042007,90600000.0,247500000.0,0.0845258017,0.64,0.64,385500000,387500000,https://www.sec.gov/Archives/edgar/data/1285785/000161803418000014/0001618034-18-000014-index.htm,https://www.sec.gov/Archives/edgar/data/1285785/000161803418000014/mos_20180930x10q.htm,7.595590142671854,0.642023346303502,1.3587548638132296,0.7335927367055771,2.671595330739299,27.63501945525292,23.087678339818417,27.08586251621271,12.064591439688716,12671384999.999998,16251484999.999998,12.799378787878783,4.327511013968102,24.19126575028637,44.80687765205092,1.2135482110021452,1.2135482110021452,5.550181004747105,25.898780876494023,31.026126384116072,57.46635431400282,0.0195321979404777,0.0223180023336044,0.4415032178976402,0.2258176706001068,5.705338645418327,1.6695971867007673,9.616136919315403,2.097717260712856,0.0007655043233237,0.0391919191919191,0.0268091936750794,0.0,0.085869496000431,0.4600992745322642,0.0823059321744476,1.1235431235431237,0.001024555172296,19.780533663906752,0.0160725181870313,0.0132624573323973,-18.487094682230868,1675600000.0,8900300000.0,-5583400000.0,15320200000.0,729900000.0,1251350000.0,2062700000.0,25.66203340049862,49.70237605853819,72.40771191317931,3.507126601988262,1.8107786214083668,1.2429615247049206,0.0237032638676064,0.6251621271076524,2018-11-05,0.65,amc,2537686666.0,2025-04-24,2018-09-30,0.1538461538461538,30.12936507936508,3810785.095238095
2018-06-30,MOS,USD,1285785,2018-08-07,2018-08-07 15:18:23,2018,Q2,2205000000.0,1910400000.0,294600000.0,0.1336054422,0,79300000.0,0.0,79300000.0,-2400000.0,98300000.0,2008700000.0,10600000.0,45100000.0,216800000.0,355000000.0,0.1609977324,196300000.0,0.0890249433,-126200000.0,70100000.0,0.0317913832,3700000.0,67900000.0,0.0307936508,0.18,0.18,385400000,387200000,https://www.sec.gov/Archives/edgar/data/1285785/000161803418000011/0001618034-18-000011-index.htm,https://www.sec.gov/Archives/edgar/data/1285785/000161803418000011/mos_20180630x10q.htm,5.721328489880643,0.1761805915931499,2.0939283860923714,1.5721328489880644,2.686299948105864,27.025687597301506,22.51608718214841,26.4566683964712,13.13700051894136,10810470000.0,14793070000.0,39.802908689248895,4.902707482993197,13.395873605947957,17.842003630962203,1.0602241967753323,1.0602241967753323,6.708875283446712,41.67061971830986,18.33094175960347,24.41503548440337,0.0062809480068859,0.0560475168979702,0.4921246714526696,0.2459996078046867,11.218591549295777,1.6071524914254884,4.352549889135255,11.85022026431718,0.0008880279950825,0.1413843888070692,0.0359637188208616,0.0,0.0852044318070399,0.2491945477075588,0.0912018140589569,0.9275830258302584,0.0031746031746031,10.240893931569987,0.0102816746034002,0.0036387995712754,-19.185716139076284,1575500000.0,8677700000.0,-5811900000.0,14873100000.0,666650000.0,1132700000.0,2113650000.0,25.506122448979596,54.61526381909548,102.14981155778894,3.528564570331253,1.6478909686880014,0.8810588940644745,0.0066592130555882,0.5217955371043073,2018-08-06,0.39,amc,2094750000.0,2025-04-24,2018-06-30,0.0256410256410256,27.143125,4172126.234375
2018-03-31,MOS,USD,1285785,2018-05-09,2018-05-08 18:06:28,2018,Q1,1933700000.0,1691600000.0,242100000.0,0.125200393,0,93600000.0,0.0,93600000.0,-5600000.0,161400000.0,1853000000.0,9100000.0,49400000.0,217500000.0,281600000.0,0.1456275534,80700000.0,0.0417334643,-87200000.0,-6500000.0,-0.0033614315,-49900000.0,42300000.0,0.0218751616,0.11,0.11,382600000,384100000,https://www.sec.gov/Archives/edgar/data/1285785/000161803418000006/0001618034-18-000006-index.htm,https://www.sec.gov/Archives/edgar/data/1285785/000161803418000006/mos_20180331x10q.htm,5.054103502352326,0.1105593308938839,-0.185572399372713,-0.7692106638787245,1.7234709879769994,27.913486670151595,23.311813904861477,27.326189231573444,13.578410872974386,9289528000.0,13775828000.0,54.90264775413712,4.804017169157573,-130.8384225352113,-31.564825008494733,0.8885249163079867,0.8885249163079867,7.124077157780421,48.91984375,-194.02574647887323,-46.80879374787632,0.0045535144519721,-0.0316808345913807,0.4921759923481588,0.2515951751147792,15.931463068181818,1.7299707273136682,1.6336032388663968,-1.770573566084788,0.0010334217195965,0.226950354609929,0.0484046129182396,0.0,0.0860832278032299,-3.1450704225352117,0.1154780989812277,1.0266666666666666,0.0081191498164141,8.244769065277351,-0.0290404266539307,0.0022630365349326,-19.73967590172504,1620900000.0,8919100000.0,-5931200000.0,15246800000.0,746150000.0,1016600000.0,1803100000.0,32.97098826084708,58.84901868053913,109.54717427287774,2.729672501411632,1.529337311273845,0.8215638659543467,0.0040459110473457,0.5836382645060115,2018-05-07,0.24,amc,2707180000.0,2025-04-24,2018-03-31,-0.1666666666666666,26.305245901639346,5071372.360655738
2017-12-31,MOS,USD,1285785,2018-02-21,2018-02-20 18:09:22,2017,Q4,2091900000.0,1811800000.0,280100000.0,0.1338974138,0,83100000.0,0.0,83100000.0,-1500000.0,153000000.0,1964800000.0,11200000.0,50900000.0,172000000.0,282100000.0,0.1348534825,127100000.0,0.0607581624,-67900000.0,59200000.0,0.0282996319,490200000.0,-431100000.0,-0.2060805966,-1.13,-1.13,382600000,382600000,https://www.sec.gov/Archives/edgar/data/1285785/000161803418000003/0001618034-18-000003-index.htm,https://www.sec.gov/Archives/edgar/data/1285785/000161803418000003/mos-20171231x10k.htm,5.467590172503921,-1.1267642446419237,1.074751698902248,0.4730789336121275,5.628593831677993,25.193674856246737,20.767119707266072,25.13721902770517,13.79665446941976,9817516000.0,12891716000.0,-5.693293899327302,4.693109613270233,23.875282101167315,54.24041988950276,1.0207970886404991,1.0207970886404991,6.162682728619915,45.69909961006735,31.35144941634241,71.22495027624309,-0.0439113111707686,0.0184364354486409,0.5435612165323629,0.2805553468502796,10.89755405884438,2.272906306927281,2.4970530451866404,-0.9567240577012563,0.0008963570825858,-0.0204128972396195,0.0397246522300301,0.0,0.090890551375487,0.5598249027237354,0.1100435011233806,1.338372093023256,0.0016731201300253,,-0.054586183674221,-0.0254489427265965,-14.321157867224256,2585400000.0,7945500000.0,-4377800000.0,13990700000.0,807300000.0,922700000.0,1606700000.0,33.72579951240499,46.05309636825257,76.85616513964014,2.6685801760428625,1.9542659907237625,1.1710186142709411,-0.0448245386015076,0.6016727652901203,2018-02-19,0.27,amc,1722741176.0,2025-04-24,2017-12-31,0.2592592592592592,22.977301587301582,4605728.396825396
2017-09-30,MOS,USD,1285785,2017-11-03,2017-11-03 12:40:40,2017,Q3,1984800000.0,1744000000.0,240800000.0,0.1213220476,0,66100000.0,0.0,66100000.0,1100000.0,26900000.0,1770900000.0,7000000.0,43200000.0,168800000.0,455900000.0,0.2296956872,213900000.0,0.1077690447,23500000.0,237400000.0,0.1196090286,17600000.0,227500000.0,0.1146211205,0.65,0.65,351100000,352200000,https://www.sec.gov/Archives/edgar/data/1285785/000161803417000015/0001618034-17-000015-index.htm,https://www.sec.gov/Archives/edgar/data/1285785/000161803417000015/mos_20170930x10q.htm,5.653090287667332,0.6479635431500997,0.3859299344915978,-0.1768726858444887,1.9530048419253776,28.924807747080603,24.073198518940472,28.807177442324125,11.273996012532042,7580249000.0,10809649000.0,8.329943956043955,3.819150040306328,55.94279704797048,-122.06520128824477,0.7494659982994206,0.7494659982994206,5.44621573962112,23.710570300504497,79.7760073800738,-174.06842190016104,0.0300122067230245,-0.0081923430219772,0.3870894386110616,0.2199111390712853,7.0835709585435405,1.7786384234376649,4.951388888888889,0.5901567944250871,0.0069522782167182,0.2316483516483516,0.0333031035872632,0.0,0.0956799658486443,1.4583025830258305,0.0995566303909713,1.1706161137440758,0.0018137847642079,20.493535985350217,0.0123022100275905,0.014130698087542,-15.681500996866989,1477700000.0,8452100000.0,-4272100000.0,12877400000.0,791800000.0,896550000.0,1674850000.0,37.66777509068924,47.389334862385326,85.98509174311927,2.389310220296136,1.89916149406512,1.046693074060737,0.0224931284728401,0.5628026203360866,2017-10-31,0.25,bmo,830846511.0,2025-04-24,2017-09-30,0.72,21.656190476190478,4165728.063492064
2017-06-30,MOS,USD,1285785,2017-08-01,2017-08-01 17:02:47,2017,Q2,1754600000.0,1562300000.0,192300000.0,0.1095976291,0,71200000.0,0.0,71200000.0,1400000.0,97700000.0,1660000000.0,7900000.0,44300000.0,165900000.0,285500000.0,0.1627151488,94600000.0,0.0539154223,-25900000.0,68700000.0,0.0391542232,-22600000.0,97300000.0,0.0554542346,0.28,0.28,351000000,352000000,https://www.sec.gov/Archives/edgar/data/1285785/000161803417000011/0001618034-17-000011-index.htm,https://www.sec.gov/Archives/edgar/data/1285785/000161803417000011/mos_20170630x10q.htm,4.998860398860399,0.2772079772079772,0.6917378917378917,0.2116809116809117,1.882051282051282,27.904843304843304,23.17264957264957,27.79515669515669,11.258689458689458,8013329999.999999,11260230000.0,20.589234326824258,4.567040921007637,33.003830313014824,107.85100942126512,0.8213661196584701,0.8213661196584701,6.417548159124586,39.44038528896672,46.37656507413509,151.5508748317631,0.0121422679460349,0.0092720504459444,0.4005186498703375,0.2239973859806012,11.372679509632224,1.7826923076923078,2.135440180586908,2.500514933058702,0.0065765418371638,0.5416238437821171,0.0405790493559785,0.0,0.0952168031001352,0.693986820428336,0.0960332839393593,1.0156720916214588,0.0028496523424142,13.16675287160699,0.0080177697284889,0.0061647046897373,-15.90534188034188,1465200000.0,8133600000.0,-4312600000.0,12561100000.0,775850000.0,806900000.0,1608600000.0,38.61905847486607,50.39493055111055,96.98201369775332,2.330455571789082,1.785893918609968,0.928007128007128,0.0099732475066881,0.48005698005698,2017-08-01,0.23,bmo,1391579310.0,2025-04-24,2017-06-30,0.2608695652173912,24.54619047619048,4717530.587301588
2017-03-31,MOS,USD,1285785,2017-05-03,2017-05-02 17:34:24,2017,Q1,1578100000.0,1448500000.0,129600000.0,0.0821240733,0,80900000.0,0.0,80900000.0,-4500000.0,99500000.0,1548000000.0,7100000.0,25800000.0,158800000.0,206900000.0,0.1311070274,30100000.0,0.0190735695,-21400000.0,8700000.0,0.0055129586,9700000.0,-900000.0,-0.0005703061,-0.0026,-0.0026,350500000,350500000,https://www.sec.gov/Archives/edgar/data/1285785/000161803417000008/0001618034-17-000008-index.htm,https://www.sec.gov/Archives/edgar/data/1285785/000161803417000008/mos_20170331x10q.htm,4.502425106990014,-0.002567760342368,0.4165477888730385,-0.2219686162624821,1.926676176890157,27.562054208273896,22.885592011412268,27.451640513552068,11.347788873038516,10227590000.0,13503890000.0,-2840.9972222222223,6.4809517774539005,70.05198630136987,-131.46002570694088,1.0629601529859278,1.0629601529859278,8.557055953361637,65.26771387143548,92.49239726027398,-173.57185089974294,-8.79972701291311e-05,-0.0076068751289404,0.4106923860400341,0.2311363795886853,15.835186080231995,1.9690216725847924,1.1666666666666667,-132.72727272727272,0.0094254853782758,-107.11111111111111,0.0512641784424307,0.0,0.0958739851664677,1.5328767123287672,0.1418161079779481,1.4093198992443323,0.0100754071351625,,-0.0002213827818622,-5.822491638255064e-05,-15.39129814550642,1582800000.0,8021400000.0,-4219700000.0,12516900000.0,786450000.0,669800000.0,1462400000.0,45.55604841264813,45.91646530894028,95.2937521574042,1.9755883825738607,1.960081190798376,0.9444480667666428,-9.353759171880522e-05,0.6385164051355207,2017-05-02,0.19,bmo,9074075000.0,2025-04-24,2017-03-31,-0.7894736842105263,30.871935483870967,4667153.661290322
2016-12-31,MOS,USD,1285785,2017-02-15,2017-02-15 16:46:30,2016,Q4,1862100000.0,1656200000.0,205900000.0,0.110574083,0,74600000.0,0.0,74600000.0,-4600000.0,132300000.0,1788500000.0,9100000.0,36300000.0,165500000.0,213500000.0,0.1146554965,73600000.0,0.0395252672,-61900000.0,11700000.0,0.0062832286,-5500000.0,11900000.0,0.0063906342,0.0491,0.0491,350400000,350500000,https://www.sec.gov/Archives/edgar/data/1285785/000161803417000005/0001618034-17-000005-index.htm,https://www.sec.gov/Archives/edgar/data/1285785/000161803417000005/mos-20161231x10k.htm,5.314212328767123,0.0339611872146118,0.9166666666666666,0.3190639269406393,1.9209474885844748,27.461472602739725,22.807077625570777,27.353310502283104,11.000285388127852,10277232000.0,13422332000.0,215.9082352941176,5.519162236184952,31.99636363636364,91.92515205724509,1.0722650919182857,1.0722650919182857,7.208169271252887,62.868065573770494,41.78808219178082,120.05663685152058,0.0011578993254214,0.0108784155111026,0.3983682156793189,0.2267245423290005,14.731147540983606,2.0704902491874324,2.0275482093663912,22.0,0.009370227314125,8.092436974789916,0.0400622952580419,0.0,0.0968427678184398,0.6519302615193027,0.1124536813275334,1.2652567975830815,0.0021481123462757,4.57180437304764,0.0070245858284396,0.0007823903009901,-15.03702910958904,1580900000.0,7991600000.0,-4160500000.0,12410300000.0,820000000.0,655600000.0,1445600000.0,37.41420976317061,32.637362637362635,75.59413114358169,2.4055031649657668,2.757575757575758,1.1905686147652936,0.0012415750266051,0.5976027397260274,2017-02-07,0.12,bmo,931050000.0,2025-04-24,2016-12-31,1.1666666666666667,26.832063492063494,5052202.666666667
2016-09-30,MOS,USD,1285785,2016-11-01,2016-11-01 14:57:28,2016,Q3,1952200000.0,1738900000.0,213300000.0,0.1092613462,0,66900000.0,0.0,66900000.0,500000.0,143600000.0,1882500000.0,8200000.0,33700000.0,172700000.0,288900000.0,0.1479868866,69700000.0,0.0357033091,-57400000.0,12300000.0,0.006300584,-30100000.0,39200000.0,0.0200799098,0.11,0.11,350100000,351500000,https://www.sec.gov/Archives/edgar/data/1285785/000161803416000043/0001618034-16-000043-index.htm,https://www.sec.gov/Archives/edgar/data/1285785/000161803416000043/mos_20160930x10q.htm,5.576121108254784,0.1119680091402456,0.2736361039702942,-0.2873464724364467,1.8666095401313911,28.2042273636104,23.486718080548417,28.096829477292204,11.16938017709226,8563446000.0,11786646000.0,54.61381377551021,4.38656182768159,89.38878914405011,-85.12371769383698,0.8705608588246058,0.8705608588246058,6.037622169859645,40.79835929387331,123.03388308977036,-117.16347912524851,0.0045775964489061,-0.0117476072132643,0.3941057468459951,0.2245643913063626,11.156801661474558,1.7784881922243994,2.0682492581602374,2.3538083538083536,0.0112571504508815,2.459183673469388,0.0342690298125192,0.0,0.0956717178738588,2.050104384133612,0.1006044462657514,1.1372321945570354,0.0021514189119967,8.413310070585831,0.0152548327428646,0.0025109533936303,-15.241145387032276,1509800000.0,8222700000.0,-3939700000.0,12392000000.0,814750000.0,764350000.0,1601100000.0,39.91957791209917,36.77842314106619,77.64046236126286,2.2545328559879896,2.4470869687587955,1.159189387374175,0.0039850762959122,0.560982576406741,2016-11-01,0.11,bmo,476146341.0,2025-04-24,2016-09-30,2.0000000000000004,27.26546875,5289938.296875
2016-06-30,MOS,USD,1285785,2016-08-02,2016-08-02 12:30:25,2016,Q2,1674600000.0,1520600000.0,154000000.0,0.0919622596,0,72900000.0,0.0,72900000.0,-700000.0,141700000.0,1662300000.0,5400000.0,38900000.0,189300000.0,221000000.0,0.1319718142,12300000.0,0.0073450376,-19500000.0,-7200000.0,-0.0042995342,-9800000.0,-10200000.0,-0.0060910068,-0.03,-0.0292,340000000,349800000,https://www.sec.gov/Archives/edgar/data/1285785/000161803416000036/0001618034-16-000036-index.htm,https://www.sec.gov/Archives/edgar/data/1285785/000161803416000036/mos_20160630x10q.htm,4.925294117647059,-0.03,1.7152941176470589,1.1220588235294118,3.1155882352941178,29.39470588235294,24.49029411764706,29.287352941176472,11.493529411764706,8901200000.0,11710800000.0,-218.16666666666669,5.31541860742864,15.262688614540464,23.33211009174312,0.8939012020848187,0.8939012020848187,6.993192404156217,52.990045248868775,20.080246913580247,30.696723460026213,-0.0011459129106187,0.0428593897452029,0.3885334966910029,0.2187697910069664,12.7131221719457,1.993220160824092,0.3161953727506427,-53.018181818181816,0.0108075315687772,-9.431372549019608,0.0435327839484055,0.0,0.0942900117615127,0.3458504801097393,0.120446673832557,1.0655044902271529,0.0032246506628448,,-0.0002797301155448,-0.0006368114476222,-15.316323529411765,1889800000.0,8326700000.0,-3898100000.0,12754800000.0,920000000.0,845000000.0,1634050000.0,41.03905410247223,48.42101801920295,100.74247007760094,2.193033001571504,1.858696980809192,0.8933670172140298,-0.0010243329282866,0.5932352941176471,2016-08-02,0.18,bmo,3349200000.0,2025-04-24,2016-06-30,-0.6666666666666666,26.5334375,5553675.421875
2016-03-31,MOS,USD,1285785,2016-05-04,2016-05-04 12:47:20,2016,Q1,1674000000.0,1437300000.0,236700000.0,0.1413978495,0,89800000.0,0.0,89800000.0,600000.0,73300000.0,1510600000.0,5700000.0,31800000.0,183700000.0,441200000.0,0.2635603345,163400000.0,0.0976105137,62300000.0,225700000.0,0.1348267622,-28700000.0,256800000.0,0.1534050179,0.73,0.73,351300000,353200000,https://www.sec.gov/Archives/edgar/data/1285785/000161803416000030/0001618034-16-000030-index.htm,https://www.sec.gov/Archives/edgar/data/1285785/000161803416000030/mos_20160331x10q.htm,4.765157984628523,0.730999146029035,0.7569029319669798,0.0862510674637062,3.010816965556504,28.55394249928836,23.825505266154284,28.45658980927982,11.072018218047251,9485100000.0,12285200000.0,9.23393691588785,5.666129032258064,35.67168108311395,313.03960396039605,0.9488136203585148,0.9488136203585148,7.338829151732377,27.844968268359025,46.20233170364799,405.4521452145215,0.0270740424455198,0.0031944839801372,0.3859034891165173,0.2188561930209734,6.346554850407978,2.1810615664443587,5.138364779874214,1.035033086804204,0.0101422230656503,0.3746105919003115,0.0536439665471923,0.0,0.0942355804414793,0.8860473862354269,0.1407407407407407,1.2825258573761569,0.0100955794504181,21.63421397031441,0.0115859954526352,0.0160841788801202,-14.08511243951039,2142800000.0,8369900000.0,-3639000000.0,12824300000.0,1088200000.0,937100000.0,1564750000.0,57.87096774193548,54.59611772072636,98.05886036318095,1.5551839464882944,1.6484688611079252,0.917816091954023,0.0256882202304737,0.6706518645032735,2016-05-04,0.14,bmo,1674000000.0,2025-04-24,2016-03-31,0.0,26.10327868852459,6610027.540983606
2015-12-31,MOS,USD,1285785,2016-02-19,2016-02-19 15:01:12,2015,Q4,2163200000.0,1807700000.0,355500000.0,0.1643398669,0,94900000.0,0.0,94900000.0,-2700000.0,151200000.0,1958900000.0,12900000.0,31700000.0,185000000.0,358400000.0,0.1656804734,204300000.0,0.0944434172,-63100000.0,141700000.0,0.0655048077,-14300000.0,155000000.0,0.0716531065,0.44,0.44,351300000,351300000,https://www.sec.gov/Archives/edgar/data/1285785/000161803416000025/0001618034-16-000025-index.htm,https://www.sec.gov/Archives/edgar/data/1285785/000161803416000025/mos-20151231x10k.htm,6.157699971534301,0.4412183319100484,0.8166808995160831,-0.0318815826928551,3.633077142043837,27.22744093367492,22.686307998861373,27.13293481354967,11.076857386848848,9692367000.0,12275667000.0,15.63285,4.480569064349113,33.78308469850122,-865.3899107142857,1.016845401707967,1.016845401707967,5.674772096893491,34.25130301339286,42.78726734053677,-1096.0416964285714,0.0159919656364642,-0.0011555484846993,0.404918273568476,0.2216581286898991,7.207868303571429,2.023482888248792,6.444794952681388,1.845016077170418,0.0099975578720863,0.6251612903225806,0.0438701923076923,0.0,0.0916186166180423,1.039037992331823,0.1378051035502958,1.611351351351351,0.0024963017751479,16.412185575383173,0.0145741761720423,0.0097995207718229,-14.131369200113864,2096400000.0,7969700000.0,-3702700000.0,12412700000.0,1096450000.0,958600000.0,1556500000.0,45.7655325443787,49.90153233390496,77.84200918293965,1.9665454545454544,1.803551830789185,1.1561880396546211,0.0162613567217104,0.8485624822089383,2016-02-11,0.44,bmo,1795864150.0,2025-04-24,2015-12-31,0.2045454545454546,31.9253125,5028485.171875
2015-09-30,MOS,USD,1285785,2015-11-03,2015-11-03 12:20:07,2015,Q3,2105500000.0,1770200000.0,335300000.0,0.1592495844,0,76600000.0,0.0,76600000.0,-1100000.0,89300000.0,1859500000.0,11100000.0,35300000.0,180900000.0,246000000.0,0.1168368559,246000000.0,0.1168368559,-73900000.0,172100000.0,0.0817383044,10100000.0,160000000.0,0.075991451,0.45,0.45,354300000,356000000,https://www.sec.gov/Archives/edgar/data/1285785/000161803415000020/0001618034-15-000020-index.htm,https://www.sec.gov/Archives/edgar/data/1285785/000161803415000020/mos_20150930x10q.htm,5.942703923228902,0.4515946937623483,0.7962178944397403,0.1038667795653401,3.626587637595258,27.171888230313293,22.585379621789443,27.13604290149591,10.820208862545863,11022273000.0,13535673000.0,17.2223015625,5.234990738541914,39.072219071251325,299.51828804347826,1.1464457110762094,1.1464457110762094,6.428721443837568,55.02306097560976,47.98182559376108,367.8172010869565,0.0145160621588668,0.0033386942965393,0.395067763643739,0.2218905356381331,10.217073170731709,2.2778519903820467,6.968838526912181,1.7554449284380833,0.0089183056888538,0.614375,0.0363809071479458,0.0,0.0949298687338984,0.869549805033676,0.1165043932557587,1.3559977888336097,0.000949893137022,16.60500202169567,0.0151283135863894,0.0103273112199781,-13.016017499294383,2391500000.0,8002000000.0,-3227900000.0,12750500000.0,1030650000.0,886550000.0,1580850000.0,46.716219425314655,46.51508304146424,78.77923398486047,1.92652575715985,1.9348562684446384,1.14243304291707,0.0166418772037485,0.6923511148744003,2015-11-03,0.55,bmo,1799862903.0,2025-04-24,2015-09-30,0.1272727272727271,41.26390625,4113858.015625
2015-06-30,MOS,USD,1285785,2015-08-04,2015-08-04 12:24:56,2015,Q2,2487500000.0,1879600000.0,607900000.0,0.2443819095,0,89300000.0,0.0,89300000.0,-7800000.0,97900000.0,1977500000.0,8300000.0,31800000.0,191100000.0,510000000.0,0.2050251256,510000000.0,0.2050251256,-47300000.0,462700000.0,0.1860100503,72600000.0,390600000.0,0.1570251256,1.08,1.08,361300000,363300000,https://www.sec.gov/Archives/edgar/data/1285785/000161803415000014/0001618034-15-000014-index.htm,https://www.sec.gov/Archives/edgar/data/1285785/000161803415000014/mos_20150630x10q.htm,6.884860226958207,1.0810960420703015,1.613894270689178,0.9845004151674508,6.1165236645447,28.09797951840576,23.366177691668973,28.05646277331857,10.732632161638527,16926905000.0,18562905000.0,10.833912570404506,6.804785929648241,29.02916309380895,47.587587854933936,1.669846993133928,1.669846993133928,7.462474371859296,36.39785294117648,31.8348567998628,52.18696935619904,0.0230756892651078,0.0210138829278004,0.3793998105911135,0.2163425569137476,3.207843137254902,2.708497079129049,16.037735849056602,1.491304347826087,0.0057955072117436,0.2511520737327189,0.0358994974874371,0.0,0.0961697483813263,0.3899845652546733,0.0914170854271356,1.1899529042386183,0.0117788944723618,26.12401087737808,0.0269106513784095,0.0243102450318348,-10.74674785496817,3217100000.0,8442200000.0,-2525000000.0,13967900000.0,947150000.0,782500000.0,1567600000.0,35.0375879396985,41.092785699084914,77.19621195999149,2.568669971086328,2.1901654625961315,1.1658603150973823,0.0385328703338331,0.6293938555217271,2015-08-04,0.89,amc,2108452380.0,2025-04-24,2015-06-30,0.1797752808988764,45.3684126984127,4008568.349206349
2015-03-31,MOS,USD,1285785,2015-04-30,2015-04-30 13:00:49,2015,Q1,2139100000.0,1719900000.0,419200000.0,0.1959702679,0,100400000.0,0.0,100400000.0,-5600000.0,100700000.0,1820600000.0,3500000.0,34800000.0,182800000.0,318500000.0,0.1488943948,318500000.0,0.1488943948,8200000.0,326700000.0,0.1527277827,30700000.0,294800000.0,0.1378149689,0.81,0.8,366000000,367900000,https://www.sec.gov/Archives/edgar/data/1285785/000161803415000009/0001618034-15-000009-index.htm,https://www.sec.gov/Archives/edgar/data/1285785/000161803415000009/mos_20150331x10q.htm,5.844535519125683,0.805464480874317,1.790983606557377,1.1639344262295082,6.878142076502733,27.887158469945355,23.27868852459016,27.84754098360656,10.550273224043716,16857960000.0,18167160000.0,14.296099050203528,7.880865784675798,25.71771167048055,39.572676056338025,1.6540060045917468,1.6540060045917468,8.492898882707681,57.039748822605965,27.714965675057208,42.64591549295775,0.017487287904349,0.0252699614900023,0.3754439669551225,0.2170270929395017,4.110518053375197,3.2403282532239155,9.152298850574711,2.225050916496945,0.0054217710802493,0.3100407055630936,0.0469356271329063,0.0,0.0956618401873876,0.3501144164759725,0.1072881118227291,1.2554704595185997,0.0021504370997148,22.465075466036293,0.0179653701159899,0.0184883225045781,-9.431352459016392,3630900000.0,8520000000.0,-2173600000.0,14217000000.0,840150000.0,752050000.0,1620650000.0,38.95610303398626,36.98587127158556,79.69649398220827,2.3102926881952697,2.4333616298811545,1.1292843072882468,0.0289240791978179,0.6270491803278688,2015-04-30,0.74,bmo,2261334285.0,2025-04-24,2015-03-31,-0.0540540540540541,48.81245901639344,3816673.9672131143
2014-12-31,MOS,USD,1285785,2015-02-17,2015-02-17 16:58:50,2014,Q4,2378600000.0,1799500000.0,579100000.0,0.243462541,0,0.0,0.0,91100000.0,300000.0,146400000.0,1945900000.0,4800000.0,35800000.0,192700000.0,609700000.0,0.2563272513,364600000.0,0.153283444,16600000.0,381200000.0,0.1602623392,27000000.0,360700000.0,0.1516438241,0.96,0.96,369900000,374000000,https://www.sec.gov/Archives/edgar/data/1285785/000161803415000005/0001618034-15-000005-index.htm,https://www.sec.gov/Archives/edgar/data/1285785/000161803415000005/mos-20141231x10k.htm,6.4303865909705324,0.9751284130846176,1.0321708569883752,0.3514463368477967,6.419572857529062,28.98242768315761,24.09867531765342,28.935117599351177,10.457691267910246,16885935000.0,18343835000.0,11.70358677571389,7.09910661733793,44.22717391304348,129.89180769230768,1.577667685063206,1.577667685063206,7.712030185823593,30.086657372478268,48.04566526977475,141.10642307692308,0.0213609729043727,0.0076987149364249,0.3580738290775569,0.2096209593611551,2.3911759881909136,3.351787053236691,10.18435754189944,1.0558628318584071,0.0055608410194638,0.2603271416689769,0.0,0.0,0.0988076355083957,0.6595075955997904,0.10586059026318,1.30669434353918,0.0021441183889683,25.196185116186182,0.0202410071491183,0.0218917852699299,-10.172614220059476,3763800000.0,8914100000.0,-2198200000.0,14884200000.0,796900000.0,779750000.0,1594900000.0,28.544521987723872,39.87607668796888,85.93887190886358,3.152969247083776,2.2569923491784776,1.0472560088459524,0.0337005166727396,0.6807245201405785,2015-02-11,0.86,bmo,2351259770.0,2025-04-24,2014-12-31,0.0116279069767441,44.32140625,3329807.171875
2014-09-30,MOS,USD,1285785,2014-10-30,2014-10-30 12:22:41,2014,Q3,2250700000.0,1836000000.0,414700000.0,0.1842537877,0,0.0,0.0,83900000.0,5400000.0,102100000.0,1938100000.0,6200000.0,31400000.0,189500000.0,505500000.0,0.2245967921,277300000.0,0.1232061137,7300000.0,284600000.0,0.126449549,77600000.0,201900000.0,0.089705425,0.54,0.54,374000000,375900000,https://www.sec.gov/Archives/edgar/data/1285785/000161803414000004/0001618034-14-000004-index.htm,https://www.sec.gov/Archives/edgar/data/1285785/000161803414000004/mos_20140930x10q.htm,6.0179144385026735,0.5398395721925133,1.3064171122994652,0.8026737967914439,7.942780748663101,29.31149732620321,24.655614973262036,29.26363636363636,10.286096256684491,16609339999.999998,17454340000.0,20.56629519564141,7.379633003065712,33.99373720835039,55.32758161225849,1.517583100341721,1.517583100341721,7.755071755453859,34.52886251236399,35.72316823577569,58.142371752165225,0.0121558111279557,0.0180741679079361,0.3486285474115089,0.2067459564899352,1.6716122650840752,3.651587506453278,8.831210191082803,2.408082799408576,0.0056474248826262,0.4645864289252105,0.0,0.0,0.0943512773969819,0.3855914858780188,0.0837072910650019,0.9941952506596308,0.0025325454303105,18.85331671205921,0.011901036904205,0.0120795491258929,-8.44144385026738,4108900000.0,9221200000.0,-1834500000.0,15263900000.0,819900000.0,756200000.0,1525550000.0,33.56555738214778,37.36274509803921,72.13235294117646,2.6813199904693827,2.408816583573865,1.2477064220183487,0.0184474535387314,0.5037433155080214,2014-10-30,0.59,bmo,2371273214.0,2025-04-24,2014-09-30,-0.0508474576271185,47.00875,2462765.734375
2014-06-30,MOS,USD,1285785,2014-07-31,2014-07-31 15:25:38,2014,Q2,2440200000.0,1919100000.0,521100000.0,0.2135480698,0,0.0,0.0,87500000.0,-6800000.0,117900000.0,2037000000.0,6000000.0,30600000.0,194400000.0,558100000.0,0.2287107614,403200000.0,0.165232358,-70100000.0,333100000.0,0.1365052045,82700000.0,248400000.0,0.1017949348,0.65,0.64,374200000,376200000,https://www.sec.gov/Archives/edgar/data/1285785/000119312514289449/0001193125-14-289449-index.htm,https://www.sec.gov/Archives/edgar/data/1285785/000119312514289449/d765234d10q.htm,6.521111704970604,0.6638161411010155,2.1280064136825225,1.5561197220737573,6.325494388027793,30.103153393907,25.311865312667024,30.05318011758418,8.168893639764832,18504190000.0,19163390000.0,18.623379629629632,7.583062863699697,23.23771191761899,31.7777606044994,1.645416551809993,1.645416551809993,7.853204655356119,34.33683927611539,24.06554062539244,32.9098231152327,0.0134239866754502,0.0314685484746968,0.2690936252323069,0.1654248776887965,1.1811503314818133,2.699058419601519,13.176470588235292,3.2082997582594683,0.0051393765412049,0.3828502415458937,0.0,0.0,0.0980074889988247,0.268742936079367,0.0876977296942873,1.1008230452674896,0.0035243012867797,21.18655673305696,0.0184989476154318,0.015053998036435,-8.743452699091394,3266100000.0,9471700000.0,-1840500000.0,14753500000.0,819400000.0,671500000.0,1593100000.0,29.52053110400787,35.1821166171643,74.07847428482101,3.048725637181409,2.558117835243935,1.2149278298303368,0.0220880498670626,0.5718866916087654,2014-07-31,0.74,bmo,2579640000.0,2025-04-24,2014-06-30,-0.0540540540540541,49.26984126984127,2469418.8253968256
2014-03-31,MOS,USD,1285785,2014-05-06,2014-05-06 17:03:59,2014,Q1,1986200000.0,1574600000.0,411600000.0,0.2072298862,0,0.0,0.0,120000000.0,-64900000.0,145000000.0,1719600000.0,4400000.0,31100000.0,174300000.0,423800000.0,0.2133722687,266600000.0,0.1342261605,-48200000.0,218400000.0,0.1099587151,-2600000.0,217500000.0,0.1095055886,0.54,0.54,378200000,379600000,https://www.sec.gov/Archives/edgar/data/1285785/000119312514185118/0001193125-14-185118-index.htm,https://www.sec.gov/Archives/edgar/data/1285785/000119312514185118/d719764d10q.htm,5.251718667371761,0.5750925436277102,1.657852987837123,0.9309888947646748,6.585668958223162,28.691433104177683,24.025383395029085,28.64172395557906,8.148863035430988,18910000000.0,19470100000.0,21.735632183908045,9.520692780183264,30.15948963317384,53.70633342800341,1.745704974936071,1.745704974936071,9.802688551001912,45.94171779141104,31.052791068580543,55.29707469468901,0.0115018508725542,0.0186197778952934,0.281639171736381,0.1684380227800997,1.321613968853233,2.4755697314288354,8.572347266881028,2.880110243454295,0.0052723426758328,0.4583908045977011,0.0,0.0,0.0974310275337753,0.4384370015948963,0.1384049944617863,1.5771658060814688,0.0175712415668109,19.25128417479404,0.0168706691716941,0.0133047052778389,-8.827075621364358,3192100000.0,9086400000.0,-1905800000.0,14508700000.0,725450000.0,581500000.0,1519750000.0,37.990131910180246,33.88289089292519,91.829035945637,2.3690362595419847,2.656207827260459,0.9800821610855224,0.0200788382891906,0.7268640930724485,2014-05-06,0.59,bmo,1986200000.0,2025-04-24,2014-03-31,0.0,47.634590163934426,3330904.885245901
2013-12-31,MOS,USD,1285785,2013-12-31,2013-12-30 19:00:00,2013,Q4,1330215647.0,1604172554.0,-273956907.0,-0.2059492441,0,0.0,0.0,60785775.0,0.0,37600091.0,1641772645.0,28800004.0,0.0,183685831.0,-180814009.0,-0.1359283432,-364499840.0,-0.274015601,105857166.0,-340357000.0,-0.2558660333,8200044.0,-357999904.0,-0.2691292234,-0.86,-0.86,414200250,415500000,,,3.2115278708788804,-0.8643160017407039,0.0192804519070184,-0.6987992691940673,12.779084512865456,27.331224450009387,22.999020401363836,27.287042921871727,7.319889353036364,19579245817.5,17318045817.5,-13.672661360196903,14.718850933423129,2451.7060195457834,-67.64460422878948,1.7323240240924416,1.7323240240924416,13.018976176198896,-95.77823042184744,2168.5593803406173,-59.83235341443868,-0.0182846626135118,-0.0147831451067075,0.2682551339107969,0.155052674644574,12.505668186362708,2.481949845371873,0.0,-0.0227427955513022,0.0023494296679642,-0.1284918249587016,0.0,0.0,0.0917663905083358,37.24392584593377,0.2235944229574981,1.6192256004765009,0.0175374414311035,,-0.0228851239247362,-0.0201581062636545,-4.259956385830284,4839900000.0,9526200000.0,-127600000.0,15210900000.0,825550000.0,590950000.0,1463950000.0,41.440649209263135,31.990324153121,80.39097769029652,2.1717806481632653,2.813350673447913,1.1195286160932374,-0.0316749603178114,0.7180797211010858,2014-02-11,0.44,bmo,5217495652.0,2025-04-24,2013-12-31,-0.1818181818181818,46.39625,3715897.375
2013-09-30,MOS,USD,1285785,2013-11-05,2013-11-05 13:38:01,2013,Q3,1908700000.0,1521800000.0,386900000.0,0.2027034107,0,0.0,0.0,94400000.0,400000.0,120000000.0,1641800000.0,3500000.0,1700000.0,166100000.0,284500000.0,0.1490543302,144100000.0,0.0754964112,-27400000.0,116700000.0,0.0611410908,-6600000.0,124400000.0,0.0651752502,0.29,0.29,425900000,427100000,https://www.sec.gov/Archives/edgar/data/1285785/000119312513427256/0001193125-13-427256-index.htm,https://www.sec.gov/Archives/edgar/data/1285785/000119312513427256/d619343d10q.htm,4.481568443296548,0.2920873444470533,-0.1056586053064099,-0.886358300070439,7.838929326132895,31.817562808170933,27.51326602488847,31.77412538154496,2.4148861235031696,18322218000.0,16010418000.0,36.82117765273312,9.59931786032378,-407.1604,-48.535676821192055,1.353931838671061,1.353931838671061,8.388126997432808,56.27563444639719,-355.78706666666665,-42.41170331125828,0.0067895710006288,-0.0206034007454774,0.0758760326914266,0.0581538914626825,-8.125834797891036,4.83091453582124,84.76470588235294,-0.3577106518282988,0.0058289886082569,0.8585209003215434,0.0,0.0,0.1038251985093392,-7.388888888888889,0.1742023366689369,2.0018061408789887,0.0073872269083669,14.45055181847813,0.0093007534940308,0.0078617743342138,1.7833998591218596,4989000000.0,11717900000.0,2185800000.0,15335200000.0,1229500000.0,687400000.0,1526150000.0,48.972599151254784,36.17623866473912,88.41503482717835,1.8377623724244176,2.487820827202877,1.0179264214046824,0.0091926163486691,0.7806996947640291,2013-11-05,0.57,bmo,2058401960.0,2025-04-24,2013-09-30,-0.1052631578947367,46.55171875,7754537.015625
2013-05-31,MOS,USD,1285785,2013-07-17,2013-07-16 20:13:43,2013,Q2,2692200000.0,1923600000.0,768600000.0,0.2854914197,0,122400000.0,0.0,122400000.0,2900000.0,147900000.0,2071500000.0,4900000.0,0.0,167800000.0,793400000.0,0.2947032167,620700000.0,0.2305549365,4900000.0,625600000.0,0.2323750093,146900000.0,485900000.0,0.1804843622,1.14,1.14,425817089,427200000,https://www.sec.gov/Archives/edgar/data/1285785/000119312513292097/0001193125-13-292097-index.htm,https://www.sec.gov/Archives/edgar/data/1285785/000119312513292097/d566975d10k.htm,6.322432963699115,1.141100281205483,2.007199856650187,1.1901823883822569,8.68236643269148,31.56965830462478,27.23775137169283,31.52856084646241,2.534421534218886,25898195352.98,23280295352.98,13.32485869159292,9.619714491115072,30.300918863905466,51.10141150943173,1.9290445985207143,1.9290445985207143,8.647312737902087,29.342444357171665,27.2379728009594,45.9358629695738,0.0187619250444834,0.0195689310815892,0.080384941975658,0.0596704633418113,-3.299596672548525,3.898521162672106,0.0,1.760815822002472,0.00411611691653,0.2193867050833504,0.0454646757298863,0.0,0.1019904898816764,0.407043407043407,0.1292251690067602,2.0733015494636478,0.0010028972587474,28.451504654021456,0.0289768339016774,0.0299173716551528,2.1087692889657608,5115600000.0,11598300000.0,2237400000.0,15447000000.0,1288900000.0,752000000.0,1563350000.0,47.48384221083129,35.70336868371803,72.86182158452901,1.8953815826527736,2.5207705412134715,1.2352147948372183,0.0361925901649112,0.8170174682679304,2013-07-16,,amc,,2025-04-24,2013-05-31,,59.503125,2718212.46875
2013-02-28,MOS,USD,1285785,2013-03-28,2013-03-28 12:10:20,2013,Q1,2240600000.0,1672200000.0,568400000.0,0.2536820495,0,90400000.0,0.0,90400000.0,-400000.0,149300000.0,1821500000.0,3600000.0,0.0,152200000.0,606800000.0,0.270820316,419100000.0,0.1870481121,35500000.0,454600000.0,0.2028920825,108900000.0,344600000.0,0.1537980898,0.81,0.81,425700000,427100000,https://www.sec.gov/Archives/edgar/data/1285785/000119312513131376/0001193125-13-131376-index.htm,https://www.sec.gov/Archives/edgar/data/1285785/000119312513131376/d506327d10q.htm,5.263330984261217,0.8094902513507165,0.8717406624383368,-0.0627202255109231,7.360112755461593,30.87526427061311,26.523373267559315,30.830631900399343,2.519614752172892,24920478000.0,22670378000.0,18.079278874056875,11.122234222975989,67.15299919159257,-933.3512359550562,1.898760952714749,1.898760952714749,10.117994287244487,37.36054383651945,61.0896739423336,-849.0778277153559,0.0138279851614403,-0.0010714080203437,0.0817243954101458,0.0619208987362964,-3.7081410678971656,4.127294025771183,0.0,1.0744064852345108,0.0042816193172538,0.3096343586767266,0.0403463358029099,0.0,0.106950081110258,1.0719482619240095,0.1775417298937784,2.613666228646517,0.0012942961706685,23.69672254222096,0.0201104305048466,0.0222760916642425,1.4269438571764153,4805400000.0,11291000000.0,2163500000.0,14930000000.0,1064650000.0,827300000.0,1543950000.0,46.49022583236633,39.8762109795479,84.46716899892357,1.935890789701054,2.25698474827912,1.065502739900599,0.0262560382792618,0.93446088794926,2013-07-16,1.13,bmo,2692200000.0,2025-04-24,2013-02-28,0.0,60.01649999999999,3219810.783333333
2012-11-30,MOS,USD,1285785,2013-01-04,2013-01-04 12:04:52,2012,Q4,2536200000.0,1860300000.0,675900000.0,0.2665010646,0,102800000.0,0.0,102800000.0,0.0,102800000.0,1963100000.0,4400000.0,52400000.0,147400000.0,720500000.0,0.2840864285,559600000.0,0.2206450595,-12100000.0,547500000.0,0.2158741424,-78100000.0,628800000.0,0.247929974,1.48,1.47,425700000,427000000,https://www.sec.gov/Archives/edgar/data/1285785/000119312513003241/0001193125-13-003241-index.htm,https://www.sec.gov/Archives/edgar/data/1285785/000119312513003241/d459913d10q.htm,5.957716701902749,1.4770965468639887,0.7573408503641061,-0.1670190274841437,8.03547098895936,30.77472398402631,26.3363871270848,30.731501057082458,2.548508339206013,23013342000.0,20625142000.0,9.149706583969468,9.073946061036196,71.38133374689826,-323.67569620253164,1.7591070445789765,1.7591070445789765,8.132301080356438,28.626151283830676,63.97376550868486,-290.08638537271446,0.0273232805561226,-0.0030895121621188,0.078922827615728,0.0592006054802846,-3.314642609299098,3.965703532839626,10.6793893129771,0.5115024591464382,0.0046364408958942,0.1696882951653944,0.0405330809873038,0.0,0.1083328077428084,1.2205334987593053,0.1551533790710511,2.6696065128900948,0.001892595221197,31.958588314499732,0.040431107141364,0.0404339187077607,1.33656330749354,4885700000.0,11211400000.0,2193200000.0,15021200000.0,851950000.0,857500000.0,1501450000.0,34.488999290276794,44.20416061925496,73.46395742622158,2.609527729190246,2.0360074422677026,1.2250905498847546,0.048064575307283,0.92435987784825,2013-01-04,0.93,bmo,2246348571.0,2025-04-24,2012-11-30,0.1290322580645161,53.83209677419355,3014457.4516129037
2012-08-31,MOS,USD,1285785,2012-10-02,2012-10-02 11:50:53,2012,Q3,2505100000.0,1757800000.0,747300000.0,0.2983114447,0,111700000.0,0.0,111700000.0,25400000.0,137100000.0,1894900000.0,5900000.0,23400000.0,137400000.0,724200000.0,0.2890902559,610200000.0,0.2435830905,-23400000.0,586800000.0,0.234242146,163300000.0,429400000.0,0.1714103229,1.01,1.01,425500000,426700000,https://www.sec.gov/Archives/edgar/data/1285785/000119312512412302/0001193125-12-412302-index.htm,https://www.sec.gov/Archives/edgar/data/1285785/000119312512412302/d402895d10q.htm,5.887426556991774,1.009165687426557,0.7974148061104582,-0.2580493537015276,8.448413631022326,29.564747356051704,25.124089306698004,29.52385428907168,2.473560517038778,24640705000.0,22075005000.0,14.346008965999069,9.836216119117,72.62217801355733,-224.4144353369763,1.961464767878749,1.961464767878749,8.812025468045189,30.481917978458988,65.060433244916,-201.0474043715847,0.0174264494461501,-0.0044560413348562,0.0819190600522193,0.0602867001364959,-3.542805854736261,3.902452120995167,26.07692307692308,0.787787322962619,0.0043261749207256,0.2482533768048439,0.044589038361742,0.0,0.1106906227848694,1.323607427055703,0.1792742804678456,3.268558951965065,0.0071055047702686,25.89160802180953,0.0285739892299487,0.0282861019986034,0.9299647473560516,4864800000.0,10690300000.0,2050600000.0,14698600000.0,925200000.0,856850000.0,1361000000.0,26.298351363219037,41.02685174650131,76.00182045738991,3.4222677595628417,2.193685261450144,1.1841821611425492,0.0341813666178437,1.0554641598119858,2012-10-02,1.15,bmo,2852341584.0,2025-04-24,2012-08-31,-0.1217391304347825,57.93761904761905,3897227.8412698414
2012-05-31,MOS,USD,1285785,2012-07-17,2012-07-17 12:48:40,2012,Q2,2820500000.0,1986700000.0,833800000.0,0.2956213437,0,117100000.0,0.0,117100000.0,-17900000.0,163000000.0,2149700000.0,6800000.0,1400000.0,139700000.0,830200000.0,0.2943449743,670800000.0,0.237830172,18300000.0,689100000.0,0.2443183833,188600000.0,507300000.0,0.1798617266,1.19,1.19,425470377,426700000,https://www.sec.gov/Archives/edgar/data/1285785/000119312512304472/0001193125-12-304472-index.htm,https://www.sec.gov/Archives/edgar/data/1285785/000119312512304472/d356870d10k.htm,6.629133665867412,1.1923274272981876,2.889272829445421,1.833970217860784,8.957145329062474,28.202668502112896,23.86770160499329,28.164357961870515,2.4781983823047686,20286427575.36,17528427575.36,9.99725388101715,7.192493378961177,16.502422171447165,25.998241157708573,1.6929198267026062,1.6929198267026062,6.214652570593866,21.1134998498675,14.258868929764906,22.46370315950276,0.0250068671832673,0.0384641404752681,0.0878737555390508,0.0630901596127115,-3.322091062394604,3.4317672211503365,479.1428571428572,2.42513316235944,0.0026323018087649,0.1052631578947368,0.0415174614430065,0.0,0.1105066385467094,0.365248515415277,0.1591916326892395,3.214030064423765,0.0011700053182059,27.4877349117584,0.0328846111131407,0.0341708204230095,1.3575563217177866,4663400000.0,10155000000.0,1890100000.0,14053700000.0,887350000.0,856450000.0,1282450000.0,35.68728948767949,41.33286354255801,56.06483112699451,2.521906294706724,2.1774441034633933,1.605284421460892,0.042334621258272,1.055302611584637,2012-07-17,,amc,,2025-04-24,2012-05-31,,50.166984126984126,4188533.396825397
2012-02-29,MOS,USD,1285785,2012-03-29,2012-03-29 14:59:54,2012,Q1,2189500000.0,1667700000.0,521800000.0,0.238319251,0,91300000.0,0.0,91300000.0,16800000.0,108100000.0,1775800000.0,4100000.0,57500000.0,127900000.0,482600000.0,0.22041562,413700000.0,0.1889472482,-59000000.0,354700000.0,0.1620004567,87000000.0,273300000.0,0.124823019,0.64,0.64,425400000,426700000,https://www.sec.gov/Archives/edgar/data/1285785/000119312512139520/0001193125-12-139520-index.htm,https://www.sec.gov/Archives/edgar/data/1285785/000119312512139520/d324145d10q.htm,5.146920545369064,0.6424541607898449,0.9508697696285848,-0.0171603196991067,7.526798307475317,27.80982604607428,23.40409026798308,27.764221908791725,2.705218617771509,24566850000.0,22458250000.0,22.47242041712404,11.220301438684633,60.73386897404203,-3365.321917808219,2.080015070824408,2.080015070824408,10.25725051381594,46.53595109821799,55.521013597033374,-3076.472602739726,0.0111247473729843,-0.0002971483930581,0.0925670355349719,0.0686026592707398,-4.369249896394529,3.6725291057716127,7.194782608695652,1.487679293858036,0.0008710925495128,0.0783022319795097,0.0416990180406485,0.0,0.117602765942761,1.0180469715698393,0.1880794701986755,3.2197028928850666,0.0014158483672071,20.03341951449891,0.0216756186031964,0.0194346666666666,0.5909144334743771,4315600000.0,9956100000.0,1824000000.0,13569300000.0,787750000.0,827050000.0,1267000000.0,26.97739209865266,43.20021586616298,71.6297895304911,3.336126771293616,2.083322923173017,1.2564604836886912,0.0231396421949216,0.9680300893276916,2012-07-17,1.15,bmo,2725693277.0,2025-04-24,2012-02-29,0.0869565217391305,56.02290322580645,4879155.467741936
2011-11-30,MOS,USD,1285785,2012-01-04,2012-01-04 17:28:54,2011,Q4,3014500000.0,2133300000.0,881200000.0,0.2923204512,0,100600000.0,0.0,100600000.0,-16400000.0,84200000.0,2217500000.0,4100000.0,0.0,120200000.0,900800000.0,0.2988223586,797000000.0,0.2643887875,58400000.0,855400000.0,0.2837618179,230700000.0,623600000.0,0.2068668104,1.41,1.4,443400000,444700000,https://www.sec.gov/Archives/edgar/data/1285785/000119312512002337/0001193125-12-002337-index.htm,https://www.sec.gov/Archives/edgar/data/1285785/000119312512002337/d276238d10q.htm,6.798601714027965,1.406405051871899,1.1675687866486242,0.2945421741091565,8.181326116373478,25.53044654939107,21.40302210193956,25.48511502029769,3.497293640054127,23393784000.0,21316884000.0,9.37852148813342,7.7604193066843585,45.18791578134055,179.1254517611026,2.070228051079194,2.070228051079194,7.071449328246807,23.66439165186501,41.17613289549932,163.22269525267993,0.026656653750415,0.0055826795699233,0.1372288740807603,0.0981312846864064,-2.3056172291296626,3.0301615285653023,0.0,0.8275255754475703,0.0009532446738843,0.0357601026298909,0.033372035163377,0.0,0.1158122551780437,0.7477303457600927,0.1284126720849228,3.220465890183028,0.0010615359097694,28.39813156744417,0.0408588306249335,0.0446314825152803,0.988385205232296,4260700000.0,9490100000.0,1877300000.0,13065800000.0,851900000.0,878350000.0,1304350000.0,27.443357107314647,36.0118126845732,50.90845169455773,3.279482158398608,2.499179943767573,1.7678793403497142,0.0551853523420146,0.8730266125394678,2012-03-28,0.74,amc,2531609375.0,2025-04-24,2011-11-30,-0.027027027027027,53.53507936507937,6012781.174603174
2011-08-31,MOS,USD,1285785,2011-09-29,2011-09-29 16:15:54,2011,Q3,3083300000.0,2235100000.0,848200000.0,0.2750948659,0,101100000.0,0.0,101100000.0,17500000.0,118600000.0,2353700000.0,5100000.0,3600000.0,120300000.0,850000000.0,0.275678656,729600000.0,0.2366295852,100000.0,729700000.0,0.236662018,205100000.0,526000000.0,0.1705964389,1.18,1.17,446600000,447900000,https://www.sec.gov/Archives/edgar/data/1285785/000119312511260021/0001193125-11-260021-index.htm,https://www.sec.gov/Archives/edgar/data/1285785/000119312511260021/d237212d10q.htm,6.903940886699507,1.1777877295118675,1.24115539632781,0.364755933721451,9.041648007165248,27.40416480071653,23.159426780116437,27.358262427227945,1.855575459023735,31766658000.0,28553758000.0,15.098221482889732,10.30281127363539,57.30950387876601,195.0071086556169,2.599945818533008,2.599945818533008,9.260778386793367,33.59265647058823,51.5131841962836,175.28396562308163,0.0165582416633188,0.0051280181881266,0.0675304054607061,0.0509925343617126,-3.779882352941177,3.7882168282975504,202.66666666666663,1.053001519756839,0.000705141850301,0.0425855513307984,0.0327895436707423,0.0,0.1171573716997923,0.7061158217571712,0.1269419128855447,3.253532834580216,0.0044757240618817,26.925825525320096,0.0362128127419061,0.0368215833280831,3.101992834751456,4973900000.0,10343000000.0,2815700000.0,13760500000.0,885500000.0,922100000.0,1334200000.0,22.902085427950578,36.3648158919064,56.45384993960002,3.9297731328065257,2.4749197209611338,1.5942225392296718,0.0430505311748048,0.8763994626063591,2012-01-04,1.28,amc,2756114285.0,2025-04-24,2011-08-31,0.0937499999999999,66.76390625,7890904.140625
2011-05-31,MOS,USD,1285785,2011-07-19,2011-07-19 17:22:22,2011,Q2,2860400000.0,1865200000.0,995200000.0,0.3479233674,0,111500000.0,0.0,111500000.0,58800000.0,170300000.0,2035500000.0,7700000.0,0.0,122900000.0,959700000.0,0.3355125157,824900000.0,0.2883862397,11900000.0,836800000.0,0.292546497,186000000.0,649200000.0,0.2269612642,1.45,1.45,446600000,446600000,https://www.sec.gov/Archives/edgar/data/1285785/000119312511191456/0001193125-11-191456-index.htm,https://www.sec.gov/Archives/edgar/data/1285785/000119312511191456/d10k.htm,6.404836542767577,1.4536497984773846,2.17845947156292,1.3591580832960144,8.746977160770264,26.112628750559782,22.015450067174203,26.06717420510524,1.8649798477384685,31641610000.0,28568110000.0,12.18484673444239,11.061952873723952,32.522982834823715,52.127858319604606,2.717977769378779,2.717977769378779,9.987452803803665,29.76775033864749,29.363870901428715,47.06443163097199,0.0205172872050442,0.0191836003288075,0.071545148433205,0.0527589330394187,-3.202563301031572,3.466372828623282,0.0,1.5079045257284562,0.0007047681834141,0.0343499691928527,0.0389805621591385,0.0,0.1159062260481791,0.3760920957960736,0.1279191721437561,2.9772172497965825,0.0008390434904209,29.199010375830163,0.0460549229348051,0.0465139606365219,2.5848634124496197,4756400000.0,9832100000.0,2559900000.0,13222100000.0,882150000.0,805600000.0,1200000000.0,31.03621871066984,45.4101436843234,61.106583744370575,2.899837793998378,1.9819360323026245,1.472836386607707,0.0557655305112699,0.8193013882669055,2011-09-28,1.29,amc,3399535897.0,2025-04-24,2011-05-31,-0.0930232558139535,70.46571428571428,7576872.777777778
2011-02-28,MOS,USD,1285785,2011-03-31,2011-03-31 13:57:09,2011,Q1,2214300000.0,1360700000.0,853600000.0,0.3854942871,0,83600000.0,0.0,83600000.0,-800000.0,82800000.0,1443500000.0,4600000.0,4800000.0,114100000.0,841700000.0,0.3801201283,770800000.0,0.34810098,-48000000.0,722800000.0,0.3264237005,175900000.0,542100000.0,0.2448177754,1.21,1.21,446300000,447700000,https://www.sec.gov/Archives/edgar/data/1285785/000119312511084494/0001193125-11-084494-index.htm,https://www.sec.gov/Archives/edgar/data/1285785/000119312511084494/d10q.htm,4.961460900739413,1.2146538203002464,0.819852117409814,0.1216670401075509,7.510867129733363,24.668608559265067,20.570916423930093,24.609903652251848,1.997535290163567,38314855000.0,35849455000.0,17.669643515956466,17.303371268572462,104.71400655916916,705.6142725598527,3.4884329988892326,3.4884329988892326,16.189972000180646,42.59172508019484,97.97610002732988,660.2109576427256,0.0141485593511968,0.0014172048935067,0.080730921208369,0.0603234211618398,-2.929072115955804,3.710394265232975,160.58333333333334,0.674345742720236,0.0005846296429935,0.0413207895222283,0.0377545951316443,0.0,0.1244157805579933,0.8515987974856518,0.1407216727634015,2.7309377738825598,0.0011741859729937,25.934177324327173,0.0438870021578823,0.042120230297662,1.821252520725969,4159100000.0,9180800000.0,2004100000.0,12318200000.0,714450000.0,601300000.0,566800408.45,31.61766698279366,44.322040126405525,74.97905489821416,2.8465098341689163,2.0305924488882257,1.200335215243472,0.0493563013274578,0.6981850773022631,2011-07-18,1.38,amc,2596942105.0,2025-04-24,2011-02-28,0.1014492753623189,80.27774193548387,6436328.838709678
2010-11-30,MOS,USD,1285785,2011-01-06,2011-01-06 15:25:10,2010,Q4,2674.8,1906.5,768.3000000000002,0.2872364289,0,89300000.0,-89299910.7,89.3,20800000.0,110.1,2016.6,4800000.0,10400000.0,105.7,795.1,0.2972558696,658.2,0.2460744729,648800000.0,1307.0,0.4886346643,281.3,1025.6,0.3834305369,2.3,2.29,446100000,447300000,https://www.sec.gov/Archives/edgar/data/1285785/000119312511002810/0001193125-11-002810-index.htm,https://www.sec.gov/Archives/edgar/data/1285785/000119312511002810/d10q.htm,5.995965030262274e-06,2.299036090562654e-06,1.1918852275274604e-06,5.395651199282673e-07,8.32503922887245e-06,2.302264066352836e-05,1.9000672494956285e-05,2.295673615781215e-05,0.0233160932526339,30169743000.0,30169740649.799995,7354169.02301092,11279251.90668461,56742040.62441225,125341682.59243868,2945976.2718484523,2945976.2718484523,11279251.028039478,37944586.40397434,56742036.20425051,125341672.82841708,3.3994323385519066e-08,7.978191925599103e-09,0.127839078215018,0.0922036763152334,-2.9558546094830835,3.121073446327684,6.328846153846154e-05,0.5178223607323725,7.391511422553383e-10,0.0217433697347893,33385.67369522955,0.0,0.1263610113388266,0.5473011096482978,0.1087931807985643,2.753074739829706,0.0011215791834903,3.446031356992464e-05,9.917936093974492e-07,0.0826776731587772,1.094485975453934,3754.3,8476.199999999999,1595.7000000000005,11517.5,602450000.0,542300000.0,522650408.45,21904441.45356662,25137686.860739578,38.56333595594021,4.108755760368664e-06,3.580281690140845e-06,2.3338229893499816,0.100146470071282,6.52320107599193e-07,2011-01-04,0.91,amc,2409968316.0,2025-04-24,2010-11-30,0.1208791208791208,68.52640625,4597566.34375
2010-08-31,MOS,USD,1285785,2010-10-12,2010-10-12 08:37:24,2010,Q3,2188300000.0,1683600000.0,504700000.0,0.2306356532,0,88100000.0,0.0,88100000.0,6300000.0,94400000.0,1778000000.0,5400000.0,12400000.0,104700000.0,521800000.0,0.2384499383,410300000.0,0.1874971439,-5600000.0,404700000.0,0.1849380798,109600000.0,297700000.0,0.1360416762,0.67,0.67,445400000,446900000,https://www.sec.gov/Archives/edgar/data/1285785/000119312510227625/0001193125-10-227625-index.htm,https://www.sec.gov/Archives/edgar/data/1285785/000119312510227625/d10q.htm,4.91311180960934,0.6683879658733722,1.2487651549169283,0.5871127076784912,6.185900314324203,20.33834755276156,16.39021104625056,20.27548271216884,3.0197575213291423,26127164000.0,25097064000.0,21.940849848841115,11.93947996161404,46.97440489032722,99.91267304015297,2.893149368266025,2.893149368266025,11.468749257414432,48.09709467228824,45.12237324703344,95.9734760994264,0.0113942714946023,0.0100087403286479,0.1475633118141451,0.1019438643196474,-1.9741280183978536,3.4477557827568703,33.08870967741935,1.860823017731683,0.0008573452518612,0.0752435337588176,0.0402595622172462,0.0,0.1345252029161789,0.5298453793599425,0.1346707489832289,2.8147086914995225,0.0059863821231092,17.46188691291589,0.0253947713594551,0.0263139286156239,-0.7182869330938483,3375700000.0,7300200000.0,741600000.0,10792300000.0,629900000.0,552300000.0,1023800000.0,22.78069734497098,29.513542409123307,55.878474697077685,3.950713125112837,3.049447563847129,1.6106380943269876,0.0329653293764602,0.6616524472384374,2010-10-04,0.7,amc,2286283582.0,2025-04-24,2010-08-31,-0.0428571428571427,52.62765625,5833619.1875
2010-05-31,MOS,USD,1285785,2010-07-23,2010-07-22 21:03:42,2010,Q2,1860300000.0,1172700000.0,687600000.0,0.3696178036,0,113700000.0,0.0,113700000.0,26300000.0,140000000.0,1312700000.0,3800000.0,16600000.0,112400000.0,865900000.0,0.4654625598,547600000.0,0.2943611245,189300000.0,736900000.0,0.3961189056,138800000.0,396100000.0,0.2129226469,1.34,1.34,445400000,445400000,https://www.sec.gov/Archives/edgar/data/1285785/000119312510164140/0001193125-10-164140-index.htm,https://www.sec.gov/Archives/edgar/data/1285785/000119312510164140/d10k.htm,4.176695105523125,0.8893129770992366,1.1946564885496185,0.5772339470139201,6.56174225415357,19.641670408621465,15.682981589582395,19.5828468792097,3.0545577009429725,19869294000.0,18690194000.0,12.540579399141633,10.680693436542493,37.341277955271565,77.28235705950992,2.278014033156772,2.278014033156772,10.046870934795464,21.58470262154983,35.12534110129675,72.6962038117464,0.0199352830553516,0.0129395639321658,0.1540780995620371,0.1057547785988023,-1.3617045848250375,3.815323260986272,32.98795180722892,1.3419924337957123,0.001122334794583,0.0562989144155516,0.0611191743267214,0.0,0.1387505213374568,0.516820146588987,0.1478256195237327,2.4466192170818504,0.001612643122077,19.79504475393124,0.0386412837562527,0.0361916944584037,-0.0137516838796587,3670900000.0,6985200000.0,1015500000.0,10899700000.0,644250000.0,513800000.0,970950000.0,34.15094339622642,42.40214888718342,76.9224865694551,2.6353591160220997,2.122533936651584,1.1700089793475008,0.0454128545550434,0.6174225415356982,2010-07-22,0.86,amc,1797593258.0,2025-04-24,2010-05-31,0.0348837209302325,48.423968253968255,4809344.777777778
2010-02-28,MOS,USD,1285785,2010-04-01,2010-03-31 20:32:05,2010,Q1,1731900000.0,1255400000.0,476500000.0,0.2751313586,0,82300000.0,0.0,82300000.0,5300000.0,87600000.0,1343000000.0,4300000.0,14300000.0,101600000.0,473200000.0,0.2732259368,388900000.0,0.2245510711,-31600000.0,232000000.0,0.1339569259,125300000.0,222600000.0,0.1285293608,0.5,0.5,445200000,446800000,https://www.sec.gov/Archives/edgar/data/1285785/000119312510073943/0001193125-10-073943-index.htm,https://www.sec.gov/Archives/edgar/data/1285785/000119312510073943/d10q.htm,3.8901617250673857,0.5,1.070754716981132,0.6017520215633423,6.047394429469901,19.07502246181491,15.109838274932615,19.01460017969452,3.084231805929919,26467140000.0,25534140000.0,29.725,15.28214100121254,55.5215859030837,98.79484882418814,3.126544835977461,3.126544835977461,14.743426294820717,53.9605663567202,53.5643801132788,95.31220604703248,0.0084104289318755,0.0101219852239418,0.1605140987324725,0.1106676874460425,-1.9716821639898563,3.906163378444481,27.1958041958042,2.1328859060402685,0.0227036241921114,2.6994609164420487,0.0475200646688607,0.0,0.1437751461940675,0.4380113278791693,0.1205612333275593,2.0551181102362204,0.0017899416825451,14.625807739115242,0.0160206078372264,0.0211739862454698,-0.4199236298292902,3564700000.0,6726900000.0,1005300000.0,10583200000.0,572950000.0,490450000.0,954350000.0,30.275420058894856,34.06006053847379,67.36020391906962,2.9727085478887743,2.6423910755630398,1.3361004682843762,0.0262955831453108,0.4690026954177897,2010-03-31,0.61,amc,2112918000.0,2025-04-24,2010-02-28,-0.180327868852459,60.01524590163934,4847052.8852459015
2009-11-30,MOS,USD,1285785,2010-01-06,2010-01-05 18:07:37,2009,Q4,1709700000.0,1402700000.0,307000000.0,0.1795636661,0,82900000.0,0.0,82900000.0,24000000.0,106900000.0,1509600000.0,16000000.0,16000000.0,138900000.0,326100000.0,0.1907352167,200100000.0,0.1170380769,-28900000.0,171200000.0,0.1001345265,50400000.0,107800000.0,0.0630519974,0.24,0.24,444600000,446500000,https://www.sec.gov/Archives/edgar/data/1285785/000119312510001363/0001193125-10-001363-index.htm,https://www.sec.gov/Archives/edgar/data/1285785/000119312510001363/d10q.htm,3.845479082321188,0.2424651372019793,0.3931623931623931,-0.0355375618533513,5.956140350877193,18.562528115159697,14.611560953666215,18.50247413405308,3.199280251911831,24208470000.0,22966770000.0,56.14209183673469,14.159484120021055,138.49239130434785,-1532.1816455696203,2.942849675427293,2.942849675427293,13.433216353746271,70.42861085556578,131.38884439359268,-1453.5930379746835,0.0044529869091272,-0.0006526641295381,0.1709659381002163,0.1107698123907187,-3.807727690892365,2.682996038119713,12.50625,1.6036697247706422,0.0009666038374172,0.2170686456400742,0.0484880388372229,0.0,0.138351999747964,1.0903890160183067,0.1114815464701409,1.3722102231821454,0.0018716733929929,10.046870702537593,0.0128531685093096,0.009853747714808,-1.998594242015295,3143500000.0,6496300000.0,567600000.0,10058000000.0,517300000.0,467800000.0,1007900000.0,29.652570626425685,32.45312611392315,62.17936836101804,3.035150008876265,2.773230525899565,1.4474254462903726,0.0131044710802071,0.4286999550157445,2010-01-05,0.35,amc,1869984375.0,2025-04-24,2009-11-30,-0.0857142857142856,53.58421875,5519807.21875
2009-08-31,MOS,USD,1285785,2009-10-06,2009-10-05 18:29:17,2009,Q3,1457200000.0,1235000000.0,222200000.0,0.1524842163,0,81400000.0,0.0,81400000.0,6600000.0,88000000.0,1323000000.0,3900000.0,18800000.0,92100000.0,243700000.0,0.1672385397,134200000.0,0.0920944277,-1400000.0,132800000.0,0.091133681,32800000.0,100600000.0,0.0690365084,0.23,0.23,444917995,446300000,https://www.sec.gov/Archives/edgar/data/1285785/000119312509203647/0001193125-09-203647-index.htm,https://www.sec.gov/Archives/edgar/data/1285785/000119312509203647/d10q.htm,3.2752103002711768,0.2261090833154545,0.3874871368149539,-0.1433972118839562,5.840851638288984,19.362219772657205,15.466895197169986,19.306479163649023,3.1664262084971413,21565175217.65,20356475217.65,53.59138970588966,14.799049696438374,125.08802330423434,-338.0121507468652,2.5105561500442386,2.5105561500442386,13.969582224574523,83.53087902195321,118.0770024225638,-319.06700968103445,0.0046649284777275,-0.0029584735276244,0.1618198328249784,0.1113880229827949,-4.9597866228970044,3.8030867482703568,7.138297872340425,1.681951219512195,0.0010340746029157,0.2216699801192843,0.0558605544880592,0.0,0.1388824335478287,1.3700696055684454,0.1620916826791106,2.564603691639522,0.0097447158934943,9.91064235451901,0.0089425345003247,0.0093617971672653,-0.8738127123853464,3686900000.0,6881500000.0,1137900000.0,10427700000.0,703650000.0,400750000.0,1086300000.0,29.108564370024705,31.321457489878544,76.27773279352226,3.0918735412688307,2.8734295020939973,1.17989872933983,0.0117115648792754,0.5308843486989102,2009-10-05,0.35,amc,2217478260.0,2025-04-24,2009-08-31,-0.3428571428571428,50.3471875,6370730.78125
2009-05-31,MOS,USD,1285785,2009-07-24,2009-07-24 14:40:40,2009,Q2,1593500000.0,1389400000.0,204100000.0,0.1280828365,0,83300000.0,0.0,83300000.0,-4900000.0,78400000.0,1467800000.0,0.0,1574500000.0,88800000.0,809500000.0,0.5080012551,126300000.0,0.0792594917,-313700000.0,-187400000.0,-0.1176027612,-330300000.0,146900000.0,0.0921870097,0.33,0.33,444600000,444917995,https://www.sec.gov/Archives/edgar/data/1285785/000119312509154839/0001193125-09-154839-index.htm,https://www.sec.gov/Archives/edgar/data/1285785/000119312509154839/d10k.htm,3.584120557804768,0.3304093567251462,0.6878092667566352,0.2957714799820063,6.080071974808817,19.15249662618084,15.252136752136751,19.102564102564106,6.673414304993252,25106562000.0,23795862000.0,42.72730088495575,15.75560840916222,82.1012491824722,190.9244258555133,2.9561476510067117,2.9561476510067117,14.93307938500157,29.395752933909822,77.81511445389143,180.9571254752852,0.0058510599738825,0.0052376745171242,0.1639585541033792,0.1098515327937394,-1.619147621988882,3.2727833271673448,0.0802159415687519,2.081688223281144,0.0008882140055655,0.1518039482641252,0.0522748666457483,0.0,0.1367996718259415,0.5699803793328974,0.1093818638217759,1.962837837837838,0.0,11.916899056839585,-0.0086063773141118,0.0134252108827373,-0.4337606837606838,3686000000.0,6781100000.0,1146800000.0,10319400000.0,781950000.0,333850000.0,1280300000.0,52.86476310009413,24.077299553764213,72.9314812149129,1.702457264957265,3.737960721011568,1.2340349942268407,0.0172965971976922,0.3920377867746288,2009-07-22,0.1,amc,482878787.0,2025-04-24,2009-05-31,2.3,47.42507936507937,7317174.333333333
2009-02-28,MOS,USD,1285785,2009-04-09,2009-04-08 20:16:08,2009,Q1,1375500000.0,1235200000.0,140300000.0,0.101999273,0,71300000.0,0.0,71300000.0,24700000.0,96000000.0,1331200000.0,11400000.0,19600000.0,93800000.0,116100000.0,0.0844056707,43700000.0,0.0317702654,39100000.0,82800000.0,0.0601962923,30700000.0,58800000.0,0.0427480916,0.13,0.13,444400000,445800000,https://www.sec.gov/Archives/edgar/data/1285785/000119312509075815/0001193125-09-075815-index.htm,https://www.sec.gov/Archives/edgar/data/1285785/000119312509075815/d10q.htm,3.095184518451845,0.1323132313231323,-0.0252025202520252,-0.4678217821782178,5.690819081908191,17.541179117911792,13.804905490549055,17.495274527452747,3.167191719171917,19131420000.0,17990320000.0,81.34107142857142,13.908702290076336,-1708.1625,-92.02222222222224,2.4606644458449622,2.4606644458449622,13.079113049800071,154.955383290267,-1606.2785714285717,-86.53352573352574,0.0030734780795152,-0.0108669403525718,0.1785103345380648,0.1178853847264573,-9.828596037898365,4.247721354166667,2.229591836734694,-0.1904761904761904,0.0011603947851231,0.3775510204081632,0.0518356961105052,0.0,0.1410309768713954,-17.5625,0.1430025445292621,2.0970149253731343,0.0,7.21694304233327,0.0025784366739703,0.0058143559216446,-0.5866899189918992,3990800000.0,6134900000.0,1241600000.0,10031100000.0,760100000.0,532100000.0,1524450000.0,41.083969465648856,21.567357512953368,104.53610751295336,2.190635451505017,4.172972972972973,0.8609465393462048,0.007562798235347,0.4426192619261926,2009-04-07,0.24,bmo,2539384615.0,2025-04-24,2009-02-28,-0.4583333333333333,39.96475409836066,9377428.770491805
2008-11-30,MOS,USD,1285785,2009-01-08,2009-01-08 16:22:41,2008,Q4,3006500000.0,2232800000.0,773700000.0,0.2573424247,0,91700000.0,0.0,91700000.0,0.0,91700000.0,2324500000.0,23700000.0,23700000.0,79300000.0,1045700000.0,0.3478130717,682000000.0,0.2268418427,701800000.0,1383800000.0,0.4602694163,451200000.0,959800000.0,0.3192416431,2.16,2.15,444300000,446100000,https://www.sec.gov/Archives/edgar/data/1285785/000119312509003231/0001193125-09-003231-index.htm,https://www.sec.gov/Archives/edgar/data/1285785/000119312509003231/d10q.htm,6.766824217870808,2.160252081926626,0.869907720009003,0.3675444519468827,6.328156650911546,17.722934953860005,13.937204591492234,17.674544226873735,3.234526221021832,11285220000.0,9887020000.0,2.939471764951031,3.753607184433727,29.198499353169467,69.10728720146969,1.4370950488997554,1.4370950488997554,3.2885481456843504,9.454929712154538,25.58090556274256,60.54513165952236,0.0850492945640404,0.0144702540136568,0.1799867563162184,0.1137298132397788,-1.337094769054222,3.451355569686109,28.77637130801688,0.4026880600125026,0.0019671747648694,0.0231298187122317,0.0305005820721769,0.0,0.1353428228875817,0.577490297542044,0.0742391485115582,2.814627994955864,0.0,29.31011935615727,0.042406973374738,0.0893194487097164,-0.5975129417060545,4240600000.0,6192300000.0,1417100000.0,10254500000.0,1170700000.0,1017400000.0,1779650000.0,26.71112589389656,30.964707989967756,65.06538874955213,3.369382494676678,2.906534756573809,1.3832238879940528,0.1222239201303993,0.5023632680621202,2009-01-05,1.42,bmo,3811812500.0,2025-04-24,2008-11-30,-0.2112676056338027,33.5353125,12941284.265625
2008-08-31,MOS,USD,1285785,2008-10-09,2008-10-09 16:05:23,2008,Q3,4322500000.0,2673900000.0,1648600000.0,0.381399653,0,99700000.0,0.0,99700000.0,0.0,99700000.0,2773600000.0,0.0,10600000.0,97800000.0,1558500000.0,0.3605552342,1548900000.0,0.3583342973,77600000.0,1626500000.0,0.376286871,497700000.0,1184700000.0,0.2740775014,2.67,2.65,444100000,446500000,https://www.sec.gov/Archives/edgar/data/1285785/000119312508208519/0001193125-08-208519-index.htm,https://www.sec.gov/Archives/edgar/data/1285785/000119312508208519/d10q.htm,9.733168205359153,2.6676424228777305,1.2643548750281468,0.843503715379419,4.930646250844404,17.32447646926368,13.252420625985138,17.26570592208962,3.3791938752533213,47403234000.0,46703634000.0,10.00321473790833,10.966624407171777,84.42250044523597,126.54360384410036,6.182197269063734,6.182197269063734,10.804773626373626,29.967041385948026,83.17655209260909,124.67601174586224,0.0249919657380338,0.007902414421767,0.1943346766305411,0.1145340927433301,-0.448893166506256,2.339949996211834,146.12264150943398,0.4739596522326327,0.0004683224777448,0.018738921245885,0.0230653556969346,0.0,0.1389997002328959,0.3328584149599287,0.0432388663967611,1.911042944785276,0.0,32.19194643883303,0.1019001962851211,0.1057607327459225,-2.403118666966899,3537200000.0,5885400000.0,860700000.0,9904800000.0,1244150000.0,1144350000.0,1648000000.0,30.17212261422788,42.63211040053854,65.4695388757994,2.982885929197433,2.111084793936523,1.3746851061642076,0.1545052623342071,0.4208511596487277,2008-10-01,2.94,bmo,4795528301.0,2025-04-24,2008-08-31,-0.0986394557823129,108.27921875,7892722.890625
2008-05-31,MOS,USD,1285785,2008-07-29,2008-07-28 20:39:44,2008,Q2,3466700000.0,2179000000.0,1287700000.0,0.3714483515,0,107900000.0,0.0,107900000.0,-9100000.0,98800000.0,2277800000.0,0.0,0.0,-300000.0,1179800000.0,0.3403236507,1180100000.0,0.3404101884,2500000.0,1182600000.0,0.3411313353,354000000.0,862500000.0,0.2487956847,1.94,1.94,443900000,444100000,https://www.sec.gov/Archives/edgar/data/1285785/000119312508159285/0001193125-08-159285-index.htm,https://www.sec.gov/Archives/edgar/data/1285785/000119312508159285/d10k.htm,7.809641811218743,1.9430051813471505,2.3376886686190583,2.057670646542014,4.416985807614328,15.216490200495608,10.992115341293085,15.163775625140795,3.494931290831268,55629548000.0,55220248000.0,16.124506666666665,16.046830703550928,53.60850727570588,60.90381869936501,8.264432493463275,8.264432493463275,15.92876453111028,46.80475334802509,53.21407728630626,60.45571272169914,0.0155043503139734,0.016419331683227,0.2304789636320418,0.1312543359447706,-0.3469232073232751,2.200036594849275,0.0,1.2031304347826086,0.0,0.0,0.0311247007240315,0.0,0.1586490465151694,0.1197841379974944,0.0358554244670724,0.0,0.0,25.747313038252543,0.0842854151426404,0.0867304868974116,-3.716264924532553,2623400000.0,4879400000.0,-255700000.0,9146600000.0,841650000.0,786950000.0,1194050000.0,26.978971356044653,42.21615419917393,55.79669573198715,3.335931485758276,2.131885334116036,1.6129987415796876,0.1281346565248395,0.2800180220770444,2008-07-28,1.64,bmo,2945796891.0,2025-04-24,2008-05-31,0.1768292682926829,130.78546875,6964201.4375
2008-02-29,MOS,USD,1285785,2008-04-09,2008-04-09 17:16:15,2008,Q1,2147200000.0,1419300000.0,727900000.0,0.3389996274,0,81200000.0,0.0,81200000.0,100000.0,81300000.0,1500600000.0,0.0,0.0,-29500000.0,646600000.0,0.3011363636,647400000.0,0.3015089419,3300000.0,650700000.0,0.3030458271,159200000.0,520800000.0,0.2425484352,1.17,1.17,443300000,446100000,https://www.sec.gov/Archives/edgar/data/1285785/000119312508078178/0001193125-08-078178-index.htm,https://www.sec.gov/Archives/edgar/data/1285785/000119312508078178/d10q.htm,4.843672456575683,1.1748251748251748,1.1910669975186103,0.9957139634558988,2.558538235957591,13.22648319422513,8.489059327769006,13.163997293029553,3.729528535980149,49339290000.0,49858390000.0,23.684375,22.97843237704918,93.445625,111.77908926144087,8.45487867571458,8.45487867571458,23.220189083457527,77.10855242808537,94.42876893939392,112.9551200724966,0.0105554822535954,0.0089462171020296,0.2833127698951265,0.1559628700262249,0.8028147231673368,1.7486749116607774,0.0,1.0138248847926268,0.0,0.0,0.0378166915052161,0.0,0.1981114276550384,0.1640151515151515,0.0403315946348733,0.0,0.0,18.65399144892549,0.053948719335335,0.0612669842950414,-5.868317166704263,1356000000.0,3763200000.0,-1570100000.0,8058100000.0,600000000.0,533650000.0,951950000.0,26.997485096870346,34.99048826886494,65.7704502219404,3.3336438441235834,2.572127582457412,1.3683956806787505,0.0892453218178079,0.1953530340627114,2008-04-04,0.95,bmo,1888740740.0,2025-04-24,2008-02-29,0.136842105263158,99.91590163934426,6917884.557377049
2007-11-30,MOS,USD,1285785,2008-01-09,2008-01-09 17:10:07,2007,Q4,2195400000.0,1572300000.0,623100000.0,0.283820716,0,83200000.0,0.0,83200000.0,0.0,83200000.0,1655500000.0,0.0,34700000.0,71800000.0,539900000.0,0.2459232942,529600000.0,0.2412316662,-76700000.0,452900000.0,0.2062949804,100900000.0,394000000.0,0.1794661565,0.89,0.89,442300000,445000000,https://www.sec.gov/Archives/edgar/data/1285785/000119312508003974/0001193125-08-003974-index.htm,https://www.sec.gov/Archives/edgar/data/1285785/000119312508003974/d10q.htm,4.9635993669455125,0.8907981008365363,1.2265430703142663,1.0477051774813475,1.4519556861858467,11.79380510965408,6.910241917250735,11.7343432059688,3.89373728238752,30585045000.000004,31630345000.000004,19.406754441624365,13.93142251981416,56.37796313364056,66.00139188605957,5.892958709851448,5.892958709851448,14.407554431994171,58.58556214113725,58.304783410138256,68.25711048769962,0.012882112810362,0.0151511956251821,0.3251382439644708,0.1740749528063461,1.936099277644008,1.5774238227146815,15.262247838616714,1.3769035532994924,0.0,0.0,0.0378974218821171,0.0,0.222815939592123,0.1458064516129032,0.0360298806595609,0.0,0.0,15.33593621057825,0.0481136500807382,0.0522955628409498,-6.749321727334388,833800000.0,3056400000.0,-2199900000.0,7572000000.0,532200000.0,450950000.0,842250000.0,22.78901339163706,29.507727532913567,49.61076130509445,3.949271451699946,3.0500484966052377,1.814122533748702,0.075913758887112,0.1788378928329188,2008-01-09,0.73,bmo,1930893975.0,2025-04-24,2007-11-30,0.1369863013698629,69.64953125,3787701.328125
2007-08-31,MOS,USD,1285785,2007-10-10,2007-10-10 17:21:01,2007,Q3,2003300000.0,1481500000.0,521800000.0,0.2604702241,0,72200000.0,0.0,72200000.0,0.0,72200000.0,1553700000.0,0.0,43300000.0,19400000.0,449600000.0,0.224429691,449600000.0,0.224429691,-53400000.0,396200000.0,0.1977736734,100800000.0,305500000.0,0.1524983777,0.69,0.69,441400000,444300000,https://www.sec.gov/Archives/edgar/data/1285785/000119312507216286/0001193125-07-216286-index.htm,https://www.sec.gov/Archives/edgar/data/1285785/000119312507216286/d10q.htm,4.538513819664703,0.6921159945627549,0.9932034435885818,0.8072043497961033,1.448119619392841,10.3574988672406,5.357272315360217,10.304032623470777,5.05980969642048,18547628000.0,20098528000.0,15.178091653027824,9.258537413268108,42.30754562043795,52.05621105809711,4.078015038916495,4.078015038916495,10.032710028453051,44.70313167259786,45.84518248175183,56.40900364861072,0.0164711088663197,0.0192100035648763,0.4815311551822699,0.2351633720243528,3.449510676156584,1.352614847597083,10.383371824480369,1.4350245499181669,5.391524997158666e-06,0.0003273322422258,0.0360405331203514,0.0,0.2369887577713113,0.1872718978102189,0.040982379074527,0.0,0.0,12.66730753601618,0.040323116763174,0.0429918378834787,-7.503001812415043,565700000.0,2364700000.0,-2571300000.0,7220000000.0,532750000.0,409950000.0,802600000.0,22.844806069984525,23.473506581167733,49.68072899088761,3.9396263520157326,3.834109730848861,1.8115676204450968,0.0671694296644826,0.1859990937924784,2007-10-09,0.58,bmo,1815490624.0,2025-04-24,2007-08-31,0.103448275862069,41.34746031746032,2393749.206349206
2007-05-31,MOS,USD,1285785,2007-08-09,2007-08-09 13:34:35,2007,Q2,1684400000.0,1228200000.0,456200000.0,0.2708382807,0,95900000.0,0.0,95900000.0,2200000.0,98100000.0,1326300000.0,0.0,71900000.0,71200000.0,431000000.0,0.2558774638,359800000.0,0.2136072192,-87400000.0,272400000.0,0.1617193066,85300000.0,202600000.0,0.1202802185,0.46,0.46,440300000,441400000,https://www.sec.gov/Archives/edgar/data/1285785/000119312507177117/0001193125-07-177117-index.htm,https://www.sec.gov/Archives/edgar/data/1285785/000119312507177117/d10k.htm,3.825573472632296,0.4601408130819895,0.6077674312968431,0.3452191687485805,0.9552577787871904,9.55303202362026,4.366114013172837,9.502384737678856,5.524415171473995,15467739000.000002,17407639000.0,19.08654861796644,9.18293695084303,57.801715246636775,101.7614407894737,3.6969667057052034,3.6969667057052034,10.334623011161243,40.388953596287706,65.05096786248131,114.52394078947368,0.0130982298059205,0.0098269048889433,0.5641865245345252,0.2575952682351914,4.50092807424594,1.1999140946186415,5.004172461752434,0.7088741721854305,0.0,0.0,0.0569342199002612,0.0,0.2492251953380767,0.4319880418535127,0.0686297791498456,0.0,0.0,9.91865859815743,0.0305995754187534,0.0294485304805372,-8.460935725641608,325800000.0,1922400000.0,-3001900000.0,7059000000.0,529150000.0,653800000.0,731100000.0,29.7613393493232,31.765999022960436,57.699071812408405,3.024057450628366,2.8332179930795847,1.5598171196342392,0.0484237194961638,0.2625482625482625,2007-07-30,0.41,bmo,1501313043.0,2025-04-24,2007-05-31,0.1219512195121952,32.80428571428572,2610144.634920635
2007-02-28,MOS,USD,1285785,2007-04-09,2007-04-09 16:37:28,2007,Q1,1278700000.0,1165600000.0,113100000.0,0.0884492062,0,77800000.0,0.0,77800000.0,1100000.0,78900000.0,1244500000.0,0.0,0.0,-58000000.0,-23800000.0,-0.0186126535,34200000.0,0.0267459138,9500000.0,43700000.0,0.0341753343,6600000.0,42200000.0,0.0330022679,0.1,0.1,439500000,440900000,https://www.sec.gov/Archives/edgar/data/1285785/000119312507077095/0001193125-07-077095-index.htm,https://www.sec.gov/Archives/edgar/data/1285785/000119312507077095/d10q.htm,2.9094425483503983,0.0960182025028441,0.3356086461888509,0.1947667804323094,1.045961319681456,8.33037542662116,3.162229806598407,8.274175199089875,5.852104664391354,11180880000.0,13293180000.0,66.23744075829384,8.743943067177602,75.80257627118645,130.61775700934578,3.074626701498694,3.074626701498694,10.39585516540236,-558.5369747899159,90.12325423728814,155.29415887850467,0.0037743004128476,0.0076559269037857,0.7072734772446033,0.2948493081587968,-88.75210084033614,1.5580275028466322,0.0,-1.1115297663903545,0.0,0.0,0.0608430437162743,0.0,0.2603890818630991,0.4196610169491525,0.0484085399233596,0.0,0.0,4.2279554362280125,0.0037578668731486,0.006540911697692,-8.848293515358362,637100000.0,1389800000.0,-3283100000.0,7159200000.0,520100000.0,842750000.0,665100000.0,35.28349104559318,67.49227865477008,52.10363761153054,2.5507680031917017,1.333485871181787,1.7273266152934204,0.0116045648288189,0.1408418657565415,2007-04-09,0.16,bmo,4091839999.0,2025-04-24,2007-02-28,-0.6875,23.760163934426227,2487614.9836065574
2006-11-30,MOS,USD,1285785,2007-01-30,2007-01-30 15:02:27,2006,Q4,1522000000.0,1361500000.0,160500000.0,0.1054533509,0,70400000.0,0.0,70400000.0,-600000.0,69800000.0,1431300000.0,0.0,700000.0,-27100000.0,63600000.0,0.0417871222,90700000.0,0.0595926413,-15100000.0,75600000.0,0.0496714849,24100000.0,65900000.0,0.0432982917,0.15,0.15,438100000,439400000,https://www.sec.gov/Archives/edgar/data/1285785/000119312507016194/0001193125-07-016194-index.htm,https://www.sec.gov/Archives/edgar/data/1285785/000119312507016194/d10q.htm,3.474092672905729,0.1504222780187172,0.3245834284409952,0.2574754622232367,0.612645514722666,8.381191508787948,3.1182378452408126,8.327094270714449,5.716046564711253,9331530000.0,11566630000.0,35.40034142640364,6.1310972404730615,65.62257383966245,82.72632978723404,2.557915079082262,2.557915079082262,7.599625492772668,181.86525157232705,81.34057665260197,102.54104609929078,0.0070620787802214,0.0120880498696355,0.6862476357555988,0.2893149355151851,35.143081761006286,1.3192282749675746,129.57142857142858,2.157814871016692,0.0,0.0,0.0462549277266754,0.0,0.2664563398511533,0.2067510548523206,0.0193166885676741,0.0,0.0,5.308772081493348,0.0080114071886954,0.0103820401732965,-9.087251769002512,393800000.0,1366100000.0,-3354000000.0,7004300000.0,486950000.0,610800000.0,713700000.0,31.866622864651777,53.63643040763864,43.32427469702534,2.824271664501763,1.6779640128173527,2.0773573390296,0.0180641978015953,0.0671079662177585,2007-01-29,0.15,bmo,1522000000.0,2025-04-24,2006-11-30,0.0,19.874444444444443,1574160.365079365
2006-08-31,MOS,USD,1285785,2006-10-10,2006-10-10 15:30:07,2006,Q3,1288600000.0,1092300000.0,196300000.0,0.1523358684,0,65700000.0,0.0,65700000.0,-600000.0,65100000.0,1157400000.0,0.0,15200000.0,-27200000.0,104400000.0,0.0810181592,131600000.0,0.1021263387,-17600000.0,114000000.0,0.0884681049,7400000.0,109000000.0,0.0845879249,0.26,0.25,419500000,438100000,https://www.sec.gov/Archives/edgar/data/1285785/000119312506205487/0001193125-06-205487-index.htm,https://www.sec.gov/Archives/edgar/data/1285785/000119312506205487/d10q.htm,3.071752085816448,0.2598331346841478,0.3589988081048867,0.1558998808104886,0.5120381406436234,8.739451728247914,3.172348033373064,8.686293206197854,6.166388557806913,6812679999.999999,9169480000.0,15.625412844036694,5.286884991463603,45.23691899070385,104.16941896024464,1.86961222865611,1.86961222865611,7.115846655284805,87.83026819923371,60.886321381142096,140.20611620795108,0.0159995772588761,0.0095997463553256,0.7057273800049397,0.2940450054884742,22.57471264367816,1.2581071622987792,8.657894736842104,1.381651376146789,0.0,0.0,0.0509855657302498,0.0,0.2670371386754482,0.5657370517928287,0.0661182678876299,0.0,0.0,7.126163261701216,0.0157636738906088,0.0170041496365168,-9.898331346841475,331900000.0,1330800000.0,-3461600000.0,7057800000.0,470400000.0,399700000.0,766450000.0,30.38180971597082,33.79840703103543,63.60889865421588,2.9622988505747125,2.6628473915163333,1.4148963730569948,0.0299130052965229,0.2030989272943981,2006-10-03,0.23,bmo,2116985714.0,2025-04-24,2006-08-31,-0.3913043478260869,15.69015873015873,713168.253968254
2006-05-31,MOS,USD,1285785,2006-08-11,2006-08-11 15:22:05,2006,Q2,1331500000.0,1165300000.0,166200000.0,0.1248216297,0,54600000.0,0.0,54600000.0,6500000.0,61100000.0,1226400000.0,0.0,59600000.0,619600000.0,437100000.0,0.32827638,-182500000.0,-0.1370634623,-79000000.0,-261500000.0,-0.1963950432,-61200000.0,-180900000.0,-0.13586181,-0.43,-0.43,419500000,419500000,https://www.sec.gov/Archives/edgar/data/1285785/000119312506170786/0001193125-06-170786-index.htm,https://www.sec.gov/Archives/edgar/data/1285785/000119312506170786/d10k.htm,3.1740166865315853,-0.4312276519666269,0.4476758045292014,0.1492252681764004,0.4131108462455304,8.465315852205006,2.870321811680572,8.41668653158522,6.364243146603099,6527420000.0,8964320000.0,-9.020757324488669,4.902305670296658,34.75729499467519,104.27188498402556,1.8487085079868584,1.8487085079868584,6.732497183627488,20.50862502859757,47.73333333333333,143.2,-0.0277138593808886,0.0095903128648072,0.7392658887504249,0.2993142673669243,5.575154426904598,1.403427759524021,-3.0620805369127515,-0.8812763960581886,0.0003983197036501,-0.0143725815367606,0.0410063837776943,0.0,0.2691443249317707,0.6666666666666666,0.0940292902741269,0.6520833333333333,0.0,,-0.017883570725028,-0.0283831489762297,-10.0984505363528,454300000.0,1204100000.0,-3589000000.0,7218000000.0,461900000.0,385300000.0,773500000.0,34.18850920015021,30.059212220029178,58.76684115678366,2.632463424278371,2.994090441932169,1.53147588382179,-0.0512348476266002,0.2984505363528009,2006-08-01,0.14,bmo,3106833333.0,2025-04-24,2006-05-31,-0.5714285714285715,15.365714285714285,1070950.7936507936
2006-02-28,MOS,USD,1285785,2006-04-12,2006-04-12 14:26:45,2006,Q1,1073200000.0,1059200000.0,14000000.0,0.0130450988,0,61800000.0,0.0,61800000.0,-3400000.0,58400000.0,1117600000.0,0.0,54400000.0,8700000.0,-35700000.0,-0.0332650019,-44400000.0,-0.041371599,-56300000.0,-100700000.0,-0.0938315319,-27200000.0,-71600000.0,-0.0667163623,-0.19,-0.19,383600000,383600000,https://www.sec.gov/Archives/edgar/data/1285785/000119312506078598/0001193125-06-078598-index.htm,https://www.sec.gov/Archives/edgar/data/1285785/000119312506078598/d10q.htm,2.797705943691345,-0.186652763295099,-0.1973409801876955,-0.4126694473409802,0.4290928050052137,9.519551616266943,3.4442127215849845,9.451251303441085,7.074035453597498,6099240000.0,8593840000.0,-21.29622905027933,5.683227730152814,-80.57120211360633,-38.52962728995578,1.6823169218038891,1.6823169218038891,8.007677972418934,-240.7238095238095,-113.52496697490092,-54.28831332912192,-0.0117391675028364,-0.0259540532918855,0.7334712453454696,0.3055006663296724,-69.87675070028011,1.460878145041934,-0.8161764705882353,1.9213197969543148,0.000426282618818,-0.0363128491620111,0.0575847931420052,0.0,0.2677381554156519,-1.0911492734478203,0.0769660827431979,0.0,0.0,,-0.0040800148497837,-0.011233310845793,-10.900808133472369,467100000.0,1321200000.0,-3572100000.0,7266000000.0,469899999.5,421550000.0,786200000.0,35.05404398061871,32.40747734138973,66.79475075528701,2.567464114832536,2.777136864184583,1.3474112708306831,-0.019749000137912,0.2153284671532846,2006-04-11,-0.00905,bmo,56484210.0,2025-04-24,2006-02-28,19.994475138121544,15.494677419354838,1093762.9032258063
2005-11-30,MOS,USD,1285785,2006-01-17,2006-01-17 16:32:20,2005,Q4,1493300000.0,1284100000.0,209200000.0,0.1400924128,0,66900000.0,0.0,66900000.0,1400000.0,68300000.0,1352400000.0,0.0,43600000.0,71600000.0,212500000.0,0.1423022835,140900000.0,0.0943547847,-54400000.0,86500000.0,0.0579254001,42300000.0,55000000.0,0.0368311793,0.14,0.13,381100000,434500000,https://www.sec.gov/Archives/edgar/data/1285785/000119312506007264/0001193125-06-007264-index.htm,https://www.sec.gov/Archives/edgar/data/1285785/000119312506007264/d10q.htm,3.9183941222776175,0.1443190763579113,0.2261873524009446,-0.0125951193912358,0.4355812122802414,9.472054578850695,3.4253476777748624,9.4033062188402,6.812647599055366,5160094000.0,7546794000.0,23.454972727272725,3.45549722092011,59.86187935034802,-1075.0195833333332,1.4399190757897085,1.4399190757897085,5.053769503783567,35.51432470588235,87.54981438515081,-1572.24875,0.0106587205581913,-0.0009302156123512,0.7123283848643822,0.2935656373986545,11.231529411764706,1.4974605477961185,3.231651376146789,1.5672727272727274,0.0004844872980996,0.0454545454545454,0.0448001071452487,0.0,0.2650106376861595,1.0556844547563806,0.0609388602424161,1.270949720670391,0.0,5.525777821701346,0.0093233177482613,0.0086057173256559,-10.850695357517711,548500000.0,1305400000.0,-3434600000.0,7170000000.0,593499999.5,459250000.0,780550000.0,31.44846977164669,32.35962931235885,55.110193910131606,2.8618244592982456,2.781243231535629,1.6330916952816992,0.0153476950552517,0.2387824717921805,2006-01-17,0.16,bmo,1837907692.0,2025-04-24,2005-11-30,-0.1875,13.815396825396826,904250.7936507936
2005-08-31,MOS,USD,1285785,2005-10-07,2005-10-07 17:01:31,2005,Q3,1403600000.0,1154800000.0,248800000.0,0.1772584782,0,57000000.0,0.0,57000000.0,191600000.0,248600000.0,1403400000.0,0.0,0.0,60500000.0,252500000.0,0.1798945569,200000.0,0.0001424907,-76400000.0,115600000.0,0.0823596466,51500000.0,76100000.0,0.0542177258,0.19,0.18,380000000,433900000,https://www.sec.gov/Archives/edgar/data/1285785/000119312505198535/0001193125-05-198535-index.htm,https://www.sec.gov/Archives/edgar/data/1285785/000119312505198535/d10q.htm,3.693684210526316,0.2002631578947368,0.2136842105263157,-0.025,0.5297368421052632,9.166842105263155,3.352368421052632,9.10421052631579,6.836578947368421,6136999999.999999,8533599999.999999,20.16097240473061,4.3723282986605865,75.57881773399015,-645.9999999999999,1.7739044976297835,1.7739044976297835,6.0797948133371325,33.79643564356435,105.0935960591133,-898.2736842105262,0.0124001955352778,-0.001547987616099,0.7509249624234016,0.3018216883147059,9.491485148514853,1.6203114920283843,0.0,1.067017082785808,0.0004236597686165,0.0341655716162943,0.0406098603590766,0.0,0.2566977252131887,1.1169950738916257,0.0646195497292676,1.4991735537190083,0.0,6.404908576874173,1.4448148570063803e-05,0.0118945278919645,-10.622105263157897,673100000.0,1273900000.0,-3365800000.0,7117300000.0,659600000.0,459750000.0,764100000.0,42.65317754345968,35.60096986491167,60.38448216141322,2.110042092603728,2.528021015761821,1.490449148167269,0.021996762631518,0.2386842105263157,2005-10-03,0.23,bmo,1793488888.0,2025-04-24,2005-08-31,-0.2173913043478261,16.57140625,659792.1875
2005-05-31,MOS,USD,1285785,2005-08-05,2005-08-05 16:44:28,2005,Q2,1449700000.0,1204100000.0,245600000.0,0.1694143616,0,0.0,0.0,65800000.0,3300000.0,69100000.0,1273200000.0,0.0,24100000.0,42100000.0,218600000.0,0.1507898186,176500000.0,0.1217493274,-36200000.0,140300000.0,0.0967786439,54100000.0,94100000.0,0.0649099814,0.25,0.25,377900000,377900000,https://www.sec.gov/Archives/edgar/data/1285785/000119312505159170/0001193125-05-159170-index.htm,https://www.sec.gov/Archives/edgar/data/1285785/000119312505159170/d10k.htm,3.836200052924054,0.2490076739878274,0.7173855517332628,0.4419158507541678,0.6483196612860546,8.561259592484785,2.84466790156126,8.503572373643822,7.125430007938608,4942932000.0,7366532000.0,13.13212539851222,3.409624060150376,18.232873478421247,29.59839520958084,1.5381770655049012,1.5381770655049012,5.081418224460233,33.69868252516011,27.172748063445223,44.11097005988024,0.0190372839440235,0.0337856155010831,0.830434106114828,0.3160350544765514,11.086916742909423,1.5640747764833378,7.323651452282157,2.880977683315621,0.0008699290218841,0.0456960680127523,0.0,0.0,0.255838465182378,0.383991147178163,0.0718079602676415,2.472684085510689,0.0,6.902371512048191,0.0143790704139797,0.0149752534334866,-10.840169356972744,624600000.0,1075000000.0,-3476800000.0,6906300000.0,605200000.0,437550000.0,768800000.0,40.6015037593985,34.58433684909891,56.31259862137696,2.216666666666667,2.602334125783445,1.5982213963366074,0.0292827135522016,0.275469700979095,2005-08-05,,amc,,2025-04-24,2005-05-31,,13.901875,934306.25
2005-02-28,MOS,USD,1285785,2005-04-12,2005-04-12 16:54:12,2005,Q1,1144500000.0,1008000000.0,136500000.0,0.119266055,0,0.0,0.0,64800000.0,-1000000.0,63800000.0,1071800000.0,0.0,0.0,72400000.0,114600000.0,0.1001310616,72700000.0,0.0635211883,-14800000.0,57900000.0,0.0505897772,38500000.0,38800000.0,0.0339012669,0.1,0.09,377900000,432800000,https://www.sec.gov/Archives/edgar/data/1285785/000119312505074853/0001193125-05-074853-index.htm,https://www.sec.gov/Archives/edgar/data/1285785/000119312505074853/d10q.htm,3.028578989150569,0.102672664726118,-0.2212225456469965,-0.3950780629796242,0.2929346387933316,8.400370468377877,2.4953691452765283,8.368351415718443,6.91690923524742,6220234000.0,8723734000.0,40.07882731958763,5.434892092616863,-74.4047129186603,-41.662652377762896,1.966934606627878,1.966934606627878,7.622310179117519,76.12333333333333,-104.35088516746411,-58.4309042196919,0.0062377074560217,-0.0240023124531971,0.8265557804199343,0.3229628714400445,21.845549738219898,1.6859449297799405,0.0,-2.154639175257732,0.000321531312166,0.0515463917525773,0.0,0.0,0.2757150800024711,-0.7858851674641149,0.0574049803407601,0.9074585635359116,0.0,4.39681943367804,0.0033425125755998,0.0066189013988399,-10.581899973537974,620300000.0,943000000.0,-3394400000.0,6721300000.0,546700000.0,414850000.0,534400000.0,43.75360419397117,36.82142857142857,70.01785714285714,2.056973400431344,2.4442289039767218,1.2853863810252486,0.0122691626612699,0.1738555173326277,2005-07-27,0.2,bmo,1317909090.0,2025-04-24,2005-02-28,0.0999999999999999,16.187049180327868,782408.1967213114
2004-11-30,MOS,USD,1285785,2005-01-19,2005-01-19 14:33:25,2004,Q4,612200000.0,621400000.0,-9200000.0,-0.0150277687,0,0.0,0.0,17600000.0,0.0,17600000.0,639000000.0,0.0,69700000.0,41300000.0,37500000.0,0.061254492,-26800000.0,-0.0437765436,-43700000.0,-73500000.0,-0.1200588043,-6700000.0,-66800000.0,-0.1091146684,-0.58,-0.58,115200000,115200000,https://www.sec.gov/Archives/edgar/data/1285785/000119312505008138/0001193125-05-008138-index.htm,https://www.sec.gov/Archives/edgar/data/1285785/000119312505008138/d10q.htm,5.314236111111111,-0.5798611111111112,0.2864583333333333,0.0182291666666666,0.5425347222222222,4.557291666666667,2.048611111111111,4.557291666666667,18.77690972222222,2002176000.0,4033076000.0,-7.49317365269461,3.2704606337798103,60.672,953.4171428571428,3.813668571428571,3.813668571428571,6.587840574975498,107.54869333333332,122.21442424242424,1920.512380952381,-0.03336370029408,0.0010488588415803,3.987428571428571,0.5686578110993399,54.15733333333333,1.2447538337368846,-0.3845050215208034,-0.4940119760479042,0.0012486414780718,-0.0374251497005988,0.0,0.0,0.0785048759948931,0.9363636363636364,0.0504737014047696,0.7481840193704601,0.0,,-0.0075429707357223,-0.0196916546296023,-22.12456597222222,121300000.0,236000000.0,-2539400000.0,2734700000.0,,,,78.94478928454754,60.43933054393306,41.2198261989057,1.1400372439478583,1.489096573208723,2.1834153197470134,-0.1272380952380952,0.2682291666666667,2005-01-19,,amc,,2025-04-24,2004-11-30,,16.5025,1079006.28125
2004-06-30,MOS,USD,1285785,2004-06-30,2004-06-30 00:00:00,2004,Q2,748800000.0,620500000.0,128300000.0,0.171340812,0,0.0,0.0,20100000.0,0.0,20100000.0,640600000.0,0.0,31800000.0,45600000.0,153800000.0,0.2053952991,108200000.0,0.1444978632,-37400000.0,70800000.0,0.0945512821,28100000.0,42700000.0,0.0570245726,0.35,0.32,115000000,134200000,,,6.511304347826087,0.3713043478260869,0.7713043478260869,0.4556521739130434,0.417391304347826,4.725217391304348,2.212173913043478,4.725217391304348,18.46,1541000000.0,3584100000.0,9.02224824355972,2.0579594017094016,17.373167981961668,29.408396946564885,2.835848362164152,2.835848362164152,4.786458333333333,23.30364109232769,40.40698985343856,68.39885496183206,0.0277092796885139,0.0340038935756002,3.848178137651822,0.5757433920704845,13.284135240572173,1.2635024549918168,3.40251572327044,2.077283372365339,0.0016872160934458,0.0608899297423887,0.0,0.0,0.0795704845814977,0.4092446448703495,0.0484775641025641,0.7960526315789473,0.0,6.283001642593431,0.0204783200556284,0.0127729584205803,-23.647608695652178,128800000.0,254400000.0,-2471000000.0,2727800000.0,223300000.0,167750000.0,323500000.0,27.99278846153846,23.22159548751008,42.483481063658346,3.215113782739373,3.8757026858213615,2.118470467736429,0.0785793154214206,0.3156521739130434,2004-06-30,,amc,,2025-04-24,2004-06-30,,12.967096774193548,1026819.3548387096
2004-03-31,MOS,USD,1285785,2004-03-31,2004-03-31 00:00:00,2004,Q1,584200000.0,505400000.0,78800000.0,0.1348853132,0,0.0,0.0,16800000.0,0.0,16800000.0,522200000.0,0.0,49400000.0,45500000.0,107500000.0,0.1840123245,62000000.0,0.1061280383,-42800000.0,19200000.0,0.032865457,7600000.0,9200000.0,0.0157480315,0.06,0.06,114900000,116000000,,,5.084421235857267,0.0800696257615317,-0.402088772845953,-0.6074847693646649,0.0130548302872062,4.561357702349869,2.0461270670147957,4.561357702349869,18.7171453437772,1643070000.0,3742770000.0,44.64864130434783,2.8125128380691544,-35.56428571428572,-23.53968481375358,3.1350314825415,3.1350314825415,6.406658678534749,34.81646511627907,-81.01233766233766,-53.62134670487106,0.0055992745287784,-0.0424814524031234,4.009158557527189,0.577808332187543,19.53209302325581,1.3023304639932816,1.2550607287449391,-5.021739130434782,0.0015824036711765,0.2826086956521739,0.0,0.0,0.0794720197992575,-0.5108225108225108,0.0403971242725094,0.5186813186813187,0.0,2.8666338437812,0.0116925750197694,0.0027483196415235,-24.139033942558747,144000000.0,235100000.0,-2492100000.0,2764700000.0,204250000.0,180550000.0,329900000.0,32.92194453954125,31.23466561139691,63.05698456667985,2.7337388862891903,2.881413911060433,1.427280429257272,0.0175539019271131,0.2053959965187119,2004-03-31,,amc,,2025-04-24,2004-03-31,,11.615645161290322,1573825.838709677
2003-12-31,MOS,USD,1285785,2003-12-31,2003-12-31 00:00:00,2003,Q4,604100000.0,546900000.0,57200000.0,0.0946863102,0,0.0,0.0,17900000.0,-14800000.0,3100000.0,550000000.0,0.0,114000000.0,44800000.0,98900000.0,0.1637146168,53500000.0,0.0885614964,-201600000.0,-148100000.0,-0.2451580864,-200000.0,-63800000.0,-0.1056116537,-0.56,-0.56,114800000,114800000,,,5.262195121951219,-0.5557491289198606,0.4965156794425087,0.1628919860627177,0.6689895470383276,4.587108013937282,2.0696864111498257,4.587108013937282,19.43205574912892,1139964000.0,3179964000.0,-4.466943573667711,1.887045191193511,19.999368421052637,60.96064171122995,2.164762628180782,2.164762628180782,5.263969541466644,32.15332659251769,55.78884210526316,170.05155080213905,-0.0559666796495327,0.0164040267938285,4.019749335358906,0.5766747486855368,20.62689585439838,1.4088105726872246,0.4692982456140351,-0.8934169278996865,0.002280773778821,-0.0407523510971786,0.0,0.0,0.07873157708339,0.6719298245614035,0.0634000993213044,0.8549107142857143,0.0,,0.0164793656948409,-0.0188662507023094,-24.11454703832753,185600000.0,237600000.0,-2504500000.0,2832400000.0,188850000.0,171500000.0,319900000.0,29.02168515146499,30.55951727921009,50.307185957213385,3.101129363449692,2.9450726978998385,1.78900883218842,-0.1211545765286745,0.3336236933797909,2003-12-31,,amc,,2025-04-24,2003-12-31,,7.55796875,1087250.0
2003-09-30,MOS,USD,1285785,2003-09-30,2003-09-30 00:00:00,2003,Q3,495700000.0,451600000.0,44100000.0,0.0889650999,0,0.0,0.0,21300000.0,0.0,21300000.0,472900000.0,0.0,89100000.0,42900000.0,65700000.0,0.1325398426,20600000.0,0.0415573936,-62000000.0,-41400000.0,-0.083518257,-13300000.0,-28100000.0,-0.0566875126,-0.24,-0.24,114800000,114800000,,,4.31794425087108,-0.244773519163763,-0.1750871080139373,-0.4660278745644599,0.4878048780487805,4.781358885017422,2.0026132404181185,4.781358885017422,19.32752613240418,735868000.0,2809568000.0,-6.546868327402136,1.4845027234214243,-36.61034825870647,-13.754542056074769,1.3406230643104389,1.3406230643104389,5.667879765987492,42.76359208523592,-139.77950248756218,-52.51528971962617,-0.0381861964374045,-0.0727032565623182,3.879941701584988,0.5810121402264357,31.56316590563166,1.488252569750367,0.2312008978675645,0.7153024911032029,0.0031255605624921,-0.0818505338078291,0.0,0.0,0.0870276906288364,-1.6616915422885572,0.0673794633851119,0.7785547785547785,0.0,,0.0042685693014607,-0.0083968325115792,-24.01023519163763,199500000.0,229900000.0,-2508500000.0,2867000000.0,178300000.0,155100000.0,325200000.0,33.20758523300383,31.348538529672275,66.58325952170061,2.710224166211044,2.870947234583598,1.3516911104459743,-0.0511932956822736,0.2909407665505226,2003-09-30,,amc,,2025-04-24,2003-09-30,,7.331875,935539.0625
2003-06-30,MOS,USD,1285785,2003-06-30,2003-06-30 00:00:00,2003,Q2,538700000.0,494900000.0,43800000.0,0.0813068498,0,0.0,0.0,22100000.0,-16500000.0,5600000.0,500500000.0,0.0,26000000.0,43100000.0,81300000.0,0.1509188788,37900000.0,0.0703545573,-23900000.0,14000000.0,0.0259884908,-8100000.0,-6900000.0,-0.0128086133,-0.0601,-0.0598,114800000,115400000,,,4.692508710801394,-0.0601045296167247,0.1402439024390244,-0.0766550522648083,1.6088850174216027,5.146341463414634,2.367595818815331,5.146341463414634,19.15156794425087,770308000.0,2758208000.0,-27.909710144927537,1.4299387414145164,47.845217391304345,-87.535,1.3038388625592416,1.3038388625592416,5.120118804529422,33.92629766297663,171.31726708074535,-313.4327272727273,-0.0089574559786475,-0.0114240018278402,3.677386594448206,0.5789894467540774,24.451414514145146,1.7463912394225982,1.4576923076923076,-2.333333333333333,0.0029858186595491,-0.3333333333333333,0.0,0.0,0.0850122588210212,1.546583850931677,0.046222387228513,0.5777262180974478,0.0,,0.0176420904526,-0.0020096697151511,-23.418771777003485,299900000.0,271800000.0,-2459900000.0,2979300000.0,187400000.0,165100000.0,314050000.0,29.019862632262853,27.80561729642352,57.52071125479895,3.1013241220495105,3.23675604970569,1.56465380967436,-0.0116790792146242,0.2168989547038327,2003-06-30,,amc,,2025-04-24,2003-06-30,,8.734603174603174,1363195.238095238
2003-03-31,MOS,USD,1285785,2003-03-31,2003-03-31 00:00:00,2003,Q1,552100000.0,516000000.0,36100000.0,0.0653867053,0,0.0,0.0,18300000.0,0.0,18300000.0,534300000.0,0.0,99400000.0,41100000.0,58900000.0,0.1066835718,14400000.0,0.0260822315,-61000000.0,-46600000.0,-0.0844049991,-14900000.0,-36600000.0,-0.0662923383,-0.32,-0.32,114700000,114700000,,,4.813426329555361,-0.3190932868352223,-0.1185701830863121,-0.3251961639058413,0.0967741935483871,3.5108979947689627,0.7297297297297297,3.5108979947689627,19.85701830863121,1103414000.0,3270514000.0,-7.5369808743169395,1.9985763448650609,-81.13338235294117,-29.582144772117964,2.7400397318102803,2.7400397318102803,5.923771055968122,55.526553480475386,-240.47897058823528,-87.68134048257373,-0.0331697803363017,-0.0338041750421872,5.408989322075987,0.611184376666012,36.792869269949065,1.4921354305518528,0.1448692152917505,0.3715846994535519,0.0020844397479096,-0.0628415300546448,0.0,0.0,0.0895086843065181,-1.7426470588235294,0.042927005977178,0.5766423357664233,0.0,,0.0030564785654798,-0.0112792381891583,-24.789668700959023,184600000.0,83700000.0,-2601500000.0,2846200000.0,190050000.0,166050000.0,330450000.0,32.782104691179136,30.92441860465117,54.38372093023256,2.745400298359025,2.910321489001692,1.6549069916613213,-0.090886516016886,0.2066259808195292,2003-03-31,,amc,,2025-04-24,2003-03-31,,9.484754098360655,641896.7213114754
2002-12-31,MOS,USD,1285785,2002-12-31,2002-12-31 00:00:00,2002,Q4,481000000.0,428800000.0,52200000.0,0.1085239085,0,0.0,0.0,23600000.0,0.0,23600000.0,452400000.0,0.0,86800000.0,43400000.0,72000000.0,0.1496881497,28600000.0,0.0594594595,-41000000.0,-12400000.0,-0.0257796258,20700000.0,-75700000.0,-0.1573804574,-0.66,-0.66,114600000,114700000,,,4.197207678883071,-0.6605584642233857,-0.3577661431064572,-0.705933682373473,0.1544502617801047,3.417975567190227,0.6343804537521816,3.417975567190227,20.57853403141361,1222782000.0,3476582000.0,-4.038249669749009,2.54216632016632,-29.823951219512196,-15.114734239802225,3.121730916517743,3.121730916517743,7.227821205821206,48.28586111111111,-84.79468292682927,-42.9738195302843,-0.0619080097678899,-0.0661606075326591,5.799080929282614,0.6245360314536307,31.302777777777777,1.550387596899225,0.3294930875576037,0.5416116248348745,0.0018809567036479,-0.0303830911492734,0.0,0.0,0.0877072392840449,-0.973170731707317,0.0829521829521829,0.9193548387096774,0.0,,0.0231920373008982,-0.0228142611735631,-25.47033158813263,248500000.0,72700000.0,-2545400000.0,2868200000.0,181800000.0,155500000.0,331300000.0,33.49272349272349,32.490671641791046,73.27192164179105,2.6871508379888267,2.770025839793281,1.2283013463191064,-0.1932601480725044,0.3481675392670157,2002-12-31,,amc,,2025-04-24,2002-12-31,,11.58671875,614662.5
2002-09-30,MOS,USD,1285785,2002-09-30,2002-09-30 00:00:00,2002,Q3,490200000.0,424500000.0,65700000.0,0.1340269278,0,0.0,0.0,18700000.0,0.0,18700000.0,443200000.0,0.0,27500000.0,43600000.0,90600000.0,0.1848225214,47000000.0,0.095879233,-34700000.0,12300000.0,0.0250917993,3900000.0,8100000.0,0.0165238678,0.07,0.07,114700000,115200000,,,4.273757628596338,0.070619006102877,0.3173496076721883,0.015693112467306,0.7785527462946817,4.5030514385353095,1.721883173496077,4.5030514385353095,18.9433304272014,1382135000.0,3438135000.0,42.65848765432099,2.81953284373725,37.97074175824176,767.8527777777778,2.6759632139399807,2.6759632139399807,7.013739290085679,37.94850993377484,94.45425824175824,1910.075,0.005860498431774,0.0013023329848386,4.153533397870281,0.5873672106012485,22.693156732891836,1.163141993957704,1.709090909090909,4.493827160493828,0.0033281842945877,0.5679012345679012,0.0,0.0,0.0873398313437739,0.9505494505494504,0.0705834353325173,0.7935779816513762,0.0,2.674887452387226,0.0098341128636323,0.0024299514009719,-23.98779424585876,86400000.0,197500000.0,-2519900000.0,2693200000.0,190400000.0,151250000.0,303000000.0,33.8922888616891,33.11660777385159,66.46643109540635,2.6554712892741064,2.717669654289373,1.354066985645933,0.0156824782187802,0.3016564952048823,2002-09-30,,amc,,2025-04-24,2002-09-30,,11.8271875,995817.203125
2002-06-30,MOS,USD,1285785,2002-06-30,2002-06-30 00:00:00,2002,Q2,588300000.0,511900000.0,76400000.0,0.1298657148,0,0.0,0.0,19000000.0,0.0,19000000.0,530900000.0,0.0,111200000.0,43700000.0,101100000.0,0.1718510964,57400000.0,0.0975692674,-47500000.0,9900000.0,0.0168281489,3200000.0,-47400000.0,-0.0805711372,-0.41,-0.41,114600000,115400000,,,5.133507853403142,-0.4136125654450261,0.212914485165794,-0.0820244328097731,1.8891797556719023,4.68586387434555,1.9022687609075044,4.68586387434555,20.67452006980803,1403850000.0,3445450000.0,-7.404272151898734,2.3862825089240185,57.53483606557377,-149.34574468085106,2.614245810055866,2.614245810055866,5.856620771715112,34.07962413452028,141.20696721311475,-366.5372340425532,-0.0337642910567368,-0.0066958720661039,4.205027932960894,0.5935651762479299,20.19386745796241,1.8732928679817904,0.5161870503597122,-0.5147679324894515,0.0016326530612244,-0.0483544303797468,0.0,0.0,0.0838524827169255,1.3852459016393444,0.0574536800951895,0.7734553775743707,0.0,,0.0113669245490752,-0.0135999770464522,-24.06108202443281,345300000.0,218000000.0,-2526600000.0,2974600000.0,202550000.0,147850000.0,303350000.0,30.01529831718511,25.72182066809924,51.42605977730025,2.9984709480122325,3.498974709501025,1.75008547008547,-0.088268156424581,0.2949389179755672,2002-06-30,,amc,,2025-04-24,2002-06-30,,13.39046875,658857.8125
2002-03-31,MOS,USD,1285785,2002-03-31,2002-03-31 00:00:00,2002,Q1,497900000.0,429200000.0,68700000.0,0.137979514,0,0.0,0.0,19400000.0,0.0,19400000.0,448600000.0,0.0,44300000.0,43000000.0,92300000.0,0.1853785901,49300000.0,0.0990158666,-42200000.0,7100000.0,0.0142598915,2300000.0,4800000.0,0.0096404901,0.04,0.04,114500000,115900000,,,4.348471615720524,0.0419213973799126,-0.1135371179039301,-0.3903930131004366,1.7467248908296944,4.835807860262009,2.049781659388646,4.835807860262009,19.79301310043668,1648800000.0,3670800000.0,85.875,3.3115083350070296,-126.83076923076923,-36.88590604026846,2.9777858045873216,2.9777858045873216,7.372564772042579,39.770314192849405,-282.3692307692308,-82.12080536912751,0.0029112081513828,-0.0271106259097525,4.01300343146108,0.5776680098791109,21.9068255687974,1.910249872514024,1.1128668171557563,-2.708333333333333,0.0013949539058709,0.4791666666666667,0.0,0.0,0.0829325360717535,-2.4384615384615387,0.0636674030929905,0.7372093023255814,0.0,2.1357167454197548,0.0096200362133547,0.0013607370659107,-24.27096069868996,357000000.0,234700000.0,-2543600000.0,2975400000.0,213250000.0,149850000.0,303250000.0,37.76059449688693,31.32805219012116,65.88536812674744,2.38343705122068,2.8728246318607766,1.366008911521324,0.0086689543073866,0.2768558951965065,2002-03-31,,amc,,2025-04-24,2002-03-31,,13.712333333333332,538483.3333333334
2001-12-31,MOS,USD,1285785,2001-12-31,2001-12-31 00:00:00,2001,Q4,525800000.0,484700000.0,41100000.0,0.0781666033,0,0.0,0.0,19100000.0,0.0,19100000.0,503800000.0,0.0,44900000.0,40700000.0,62700000.0,0.1192468619,22000000.0,0.0418410042,-33800000.0,-11800000.0,-0.0224419932,2100000.0,-24100000.0,-0.0458349182,-0.21,-0.21,116800000,116800000,,,4.501712328767123,-0.2063356164383561,0.3707191780821918,0.1498287671232876,2.129280821917808,4.629280821917808,1.8981164383561644,4.629280821917808,20.003424657534246,1518400000.0,3561200000.0,-15.75103734439834,2.8877900342335487,35.06697459584296,86.76571428571428,2.8082115775846126,2.8082115775846126,6.772917459109928,56.79744816586922,82.24480369515011,203.49714285714285,-0.0158719704952581,0.0115252897787144,4.238024782689107,0.5393160582739062,32.58054226475279,1.4914640455250905,0.4899777282850779,-1.7966804979253113,0.0028977871443624,-0.1825726141078838,0.0,0.0,0.0750782555484949,0.5958429561200924,0.0490680867249904,0.6339066339066339,0.0,,0.007297810322798,-0.0061324715641619,-26.970462328767123,380000000.0,221700000.0,-2555000000.0,3007600000.0,216900000.0,152700000.0,332850000.0,37.24610117915557,27.907984320198057,54.27480916030534,2.416360294117647,3.224883566200932,1.6582278481012658,-0.0445718513038653,0.2208904109589041,2001-12-31,,amc,,2025-04-24,2001-12-31,,11.46828125,525454.6875
2001-09-30,MOS,USD,1285785,2001-09-30,2001-09-30 00:00:00,2001,Q3,405900000.0,385400000.0,20500000.0,0.0505050505,0,0.0,0.0,20200000.0,0.0,20200000.0,405600000.0,0.0,57900000.0,39000000.0,39300000.0,0.0968218773,-6100000.0,-0.0150283321,-37600000.0,-43700000.0,-0.1076619857,-14400000.0,-29300000.0,-0.0721852673,-0.25,-0.25,116800000,116800000,,,3.475171232876712,-0.2508561643835616,-1.077054794520548,-1.4049657534246576,0.3886986301369863,4.7465753424657535,4.7465753424657535,4.7465753424657535,23.38441780821918,1037184000.0,3665184000.0,-8.849692832764507,2.555269770879528,-8.244705882352942,-6.320438756855577,1.870822510822511,1.870822510822511,9.029770879526977,93.26167938931296,-29.1350079491256,-22.33506398537477,-0.0282495680612118,-0.1582168641243983,4.822150072150072,0.607811931611495,66.87022900763358,3.6927871772039182,-0.1053540587219343,4.293515358361775,0.0021211279772923,-0.0750853242320819,0.0,0.0,0.0,-0.3044515103338632,0.0943582163094358,0.982051282051282,0.0,,-0.0010034178974765,-0.0066615132775554,-29.53553082191781,907200000.0,554400000.0,-2599900000.0,3229800000.0,189450000.0,158250000.0,375400000.0,47.93791574279379,36.21951219512195,87.19771665801765,1.8774283071230344,2.484848484848485,1.0321371183717194,-0.0528499278499278,0.3279109589041096,2001-09-30,,amc,,2025-04-24,2001-09-30,,10.904745762711864,514174.57627118647
2001-06-30,MOS,USD,1285785,2001-06-30,2001-06-30 00:00:00,2001,Q2,506900000.0,446300000.0,60600000.0,0.1195502071,0,0.0,0.0,19600000.0,0.0,19600000.0,465900000.0,0.0,70200000.0,42900000.0,83900000.0,0.1655158808,41000000.0,0.0808838035,-34200000.0,6800000.0,0.0134148747,2600000.0,-24200000.0,-0.0477411718,-0.21,-0.21,114500000,116300000,,,4.4270742358078605,-0.211353711790393,-0.8724890829694323,-1.1187772925764192,0.8165938864628821,5.377292576419214,5.377292576419214,5.377292576419214,22.937991266375544,1167900000.0,3630600000.0,-12.0650826446281,2.3040047346616688,-11.69069069069069,-9.117096018735364,1.896865356504791,1.896865356504791,7.162359439731702,43.27294398092968,-36.34234234234234,-28.34192037470726,-0.020720952136313,-0.1096840482918058,4.151697255156733,0.5838205737255618,29.35280095351609,1.9625740441572428,0.584045584045584,4.128099173553719,0.001883722921483,-0.0909090909090909,0.0,0.0,0.0,-0.2822822822822823,0.0556322746103768,0.6573426573426573,0.0,,0.0062943749780683,-0.0055271331993422,-29.331659388646287,357500000.0,615700000.0,-3033800000.0,2691400000.0,116900000.0,172250000.0,372800000.0,28.887354507792462,32.54761371274927,76.10575845843603,3.1155500921942223,2.765179677819083,1.1825649178590356,-0.0393048562611661,0.2462882096069869,2001-06-30,,amc,,2025-04-24,2001-06-30,,11.628571428571428,557836.5079365079
2001-03-31,MOS,USD,1285785,2001-03-31,2001-03-31 00:00:00,2001,Q1,520100000.0,410400000.0,109700000.0,0.2109209767,0,0.0,0.0,22900000.0,0.0,22900000.0,433300000.0,0.0,72600000.0,43000000.0,129800000.0,0.2495673909,39200000.0,0.0753701211,-21200000.0,18000000.0,0.0346087291,6900000.0,11100000.0,0.0213420496,0.1,0.1,114500000,114900000,,,4.5423580786026205,0.096943231441048,0.2235807860262008,-0.045414847161572,0.0873362445414847,5.485589519650655,5.485589519650655,5.485589519650655,20.7353711790393,1408350000.0,3699950000.0,31.7195945945946,2.707844645260527,55.013671875,-270.83653846153845,2.242238497054609,2.242238497054609,7.113920399923091,28.50500770416025,144.529296875,-711.5288461538462,0.0078815635317925,-0.0036922639968757,3.6643846521254577,0.5564258775747026,17.654853620955315,0.9214092140921408,0.5399449035812672,2.3063063063063063,0.0061774416870806,0.7837837837837838,0.0,0.0,0.0,1.203125,0.0592193808882907,0.7162790697674418,0.0,3.459088380464833,0.0064270268354071,0.0026834928923701,-28.4792576419214,-46400000.0,628100000.0,-2964300000.0,2283900000.0,76800000.0,192200000.0,350400000.0,12.303403191693905,40.15350877192982,80.74561403508773,7.315049226441632,2.241398143091207,1.1146116241173276,0.0176723451679668,0.2689956331877729,2001-03-31,,amc,,2025-04-24,2001-03-31,,14.45532258064516,385980.6451612903
2000-12-31,MOS,USD,1285785,2000-12-31,2000-12-31 00:00:00,2000,Q4,485900000.0,475800000.0,10100000.0,0.02078617,0,0.0,0.0,800000.0,8600000.0,9400000.0,485200000.0,0.0,416700000.0,8600000.0,9300000.0,0.0191397407,700000.0,0.0014406256,6500000.0,7200000.0,0.0148178638,1200000.0,-414500000.0,-0.8530561844,-3.62,-3.62,114400000,114400000,,,4.247377622377623,-3.623251748251748,-0.1660839160839161,-0.2805944055944055,0.7386363636363636,5.903846153846154,5.903846153846154,5.903846153846154,24.277097902097903,1801800000.0,4077900000.0,-1.0867310012062723,3.7081704054332167,-94.8315789473684,-56.13084112149533,2.6677524429967425,2.6677524429967425,8.392467585923029,438.4838709677419,-214.6263157894737,-127.03738317757008,-0.23004773004773,-0.0178155178155178,3.495114006514658,0.5539234090482448,244.74193548387092,0.940364789849326,0.0016798656107511,0.04583835946924,0.005079365079365,-0.0220796139927623,0.0,0.0,0.0,-0.6894736842105263,0.026960279892982,1.5232558139534884,0.0,,0.0001515702679762,-0.0972639384268819,-28.61472902097902,-37600000.0,675400000.0,-2993300000.0,2308200000.0,107250000.0,218000000.0,363700000.0,15.280922000411609,38.07692307692307,62.91298865069356,5.88969696969697,2.363636363636364,1.4305472038484666,-0.613710393840687,0.1145104895104895,2000-12-31,,amc,,2025-04-24,2000-12-31,,13.105555555555556,472461.90476190473
2000-09-30,MOS,USD,1285785,2000-09-30,2000-09-30 00:00:00,2000,Q3,483400000.0,368300000.0,115100000.0,0.238105089,0,0.0,0.0,31200000.0,51500000.0,82700000.0,451000000.0,0.0,39200000.0,51500000.0,84200000.0,0.1741828713,32400000.0,0.0670252379,-20400000.0,1500000.0,0.0031030203,-300000.0,-7000000.0,-0.0144807613,-0.0612,-0.0609,114400000,114900000,,,4.225524475524476,-0.0611888111888111,1.3461538461538465,0.8924825174825175,0.1923076923076923,9.609265734265737,9.609265734265737,9.609265734265737,20.159965034965037,1658800000.0,3903900000.0,-59.24285714285714,3.4315266859743483,10.77142857142857,16.246816846229187,1.5089602474301826,1.5089602474301826,8.07592056268101,46.3646080760095,25.35,38.236043095004895,-0.0042199180130214,0.0615505184470701,2.06231238060584,0.4657435749943505,26.663895486935868,1.3963909164639092,0.826530612244898,-22.0,0.0144080057873161,-3.414285714285714,0.0,0.0,0.0,0.337012987012987,0.1073645014480761,1.007766990291262,0.0,,0.0088123300090661,-0.0014380508248248,-30.157342657342657,195500000.0,1099300000.0,-3079700000.0,3377500000.0,166900000.0,198700000.0,406450000.0,24.57592056268101,57.35270160195493,96.47569915829489,3.662121212121212,1.5692373242437154,0.9328774062816616,-0.0063676885290639,0.4536713286713286,2000-09-30,,amc,,2025-04-24,2000-09-30,,14.383174603174602,303652.38095238095
2000-06-30,MOS,USD,1285785,2000-06-30,2000-06-30 00:00:00,2000,Q2,505800000.0,337100000.0,168700000.0,0.3335310399,0,0.0,0.0,35400000.0,55300000.0,90700000.0,427800000.0,0.0,27900000.0,55300000.0,133300000.0,0.2635429023,78000000.0,0.1542111507,-32700000.0,45300000.0,0.0895610913,17000000.0,28300000.0,0.0559509688,0.25,0.25,114400000,114800000,,,4.421328671328672,0.2473776223776223,0.8977272727272727,0.611013986013986,0.1914335664335664,9.841783216783217,9.841783216783217,9.841783216783217,20.902972027972027,1487200000.0,3828700000.0,13.137809187279151,2.940292605773033,14.481012658227847,21.276108726752504,1.3208988364863663,1.3208988364863663,7.569592724396995,28.722430607651912,37.28042843232716,54.77396280400572,0.0190290478752017,0.0470010758472296,2.0991207034372503,0.4762326959114998,17.565641410352587,1.8153632577510408,2.795698924731183,3.628975265017668,0.0248789671866594,1.3074204946996466,0.0,0.0,0.0,0.3193768257059396,0.0648477659153815,0.593128390596745,0.0,7.401306031558616,0.0107055554674499,0.0057025409555282,-30.196678321678323,352400000.0,1125900000.0,-3052200000.0,3538600000.0,249750000.0,177400000.0,404100000.0,35.90747330960854,43.43814891723524,111.6256303767428,2.506442021803766,2.071911493546404,0.806266443434585,0.0251354471977973,0.2867132867132867,2000-06-30,,amc,,2025-04-24,2000-06-30,,15.177301587301589,430868.253968254
2000-03-31,MOS,USD,1285785,2000-03-31,2000-03-31 00:00:00,2000,Q1,620800000.0,411000000.0,209800000.0,0.3379510309,0,0.0,0.0,35300000.0,56200000.0,91500000.0,502500000.0,0.0,41900000.0,56200000.0,205400000.0,0.3308634021,118300000.0,0.190560567,-57000000.0,77100000.0,0.1241945876,28900000.0,48200000.0,0.0776417526,0.42,0.42,114400000,114600000,,,5.426573426573427,0.4213286713286713,1.0987762237762235,0.9213286713286714,0.5043706293706294,9.763111888111888,9.763111888111888,9.763111888111888,21.631993006993007,1680536000.0,4055636000.0,8.716473029045643,2.707048969072165,13.369419252187749,15.944364326375712,1.504643208881726,1.504643208881726,6.53291881443299,19.74506329113924,32.26440731901352,38.47851992409867,0.02868132548187,0.0627180851823465,2.178171725311129,0.4764963961140708,11.563291139240508,1.8170731707317072,2.8233890214797137,2.607883817427386,0.0078546368539561,0.2738589211618257,0.0,0.0,0.0,0.1614956245027844,0.0326997422680412,0.3612099644128114,0.0,9.620461350509917,0.015970605432503,0.0094406142275148,-30.70520104895105,402000000.0,1116900000.0,-3094700000.0,3620800000.0,275950000.0,196500000.0,414850000.0,43.15882731958763,42.06569343065693,85.42335766423358,2.085320792744373,2.139510671525247,1.0535760061522683,0.0431551616080222,0.1774475524475524,2000-03-31,,amc,,2025-04-24,2000-03-31,,15.71873015873016,591861.9047619047
1999-12-31,MOS,USD,1285785,1999-12-31,1999-12-31 00:00:00,1999,Q4,209000000.0,142800000.0,66200000.0,0.3167464115,0,0.0,0.0,34500000.0,28700000.0,63200000.0,206000000.0,0.0,1528600000.0,28700000.0,31700000.0,0.1516746411,3000000.0,0.014354067,-682500000.0,-679500000.0,-3.2511961722,65200000.0,-899400000.0,-4.3033492823,-8.18,-8.18,110000000,110000000,,,1.9,-8.176363636363636,0.32,-0.03,0.7345454545454545,9.819090909090908,9.819090909090908,9.819090909090908,37.06545454545454,1801800000.0,4269600000.0,-0.5008338892595063,8.621052631578948,51.18749999999999,-546.0,1.6681788723266364,1.6681788723266364,20.42870813397129,134.6876971608833,121.29545454545456,-1293.8181818181818,-0.4991674991674991,-0.0018315018315018,2.359596333672808,0.4905021266768029,77.84858044164038,1.890201670401304,0.0019625801386889,-0.0391154572730303,0.005050505050505,-0.0101178563486768,0.0,0.0,0.0,1.09375,0.1842105263157894,1.3414634146341464,0.0,,0.0006943882066457,-0.1730980195923709,-32.95045454545455,437000000.0,1080100000.0,-3187900000.0,3687700000.0,305750000.0,208450000.0,474900000.0,109.4641148325359,126.61764705882352,277.05882352941177,0.8221872541306058,0.710801393728223,0.3248407643312102,-0.832700675863346,0.35,1999-12-31,,amc,,2025-04-24,1999-12-31,,14.85453125,579696.875
1999-09-30,MOS,USD,1285785,1999-09-30,1999-09-30 00:00:00,1999,Q3,625500000.0,445400000.0,180100000.0,0.2879296563,0,0.0,0.0,41000000.0,68500000.0,109500000.0,554900000.0,0.0,53100000.0,68500000.0,133100000.0,0.2127897682,70600000.0,0.1128697042,-41200000.0,21200000.0,0.0338928857,8000000.0,13200000.0,0.0211031175,0.12,0.12,110000000,110000000,,,5.6863636363636365,0.12,0.0918181818181818,-0.4736363636363636,0.5881818181818181,18.07,18.07,18.07,23.693636363636365,1601600000.0,4090100000.0,30.333333333333336,2.560511590727418,158.5742574257426,-30.74088291746641,0.8057553956834532,0.8057553956834532,6.538928856914469,30.729526671675437,404.9603960396039,-78.50479846449136,0.0082417582417582,-0.03252997002997,1.2844996729888816,0.4240984668538112,18.69646882043576,2.3098808998676663,1.329566854990584,0.7651515151515151,0.0057442557442557,0.696969696969697,0.0,0.0,0.0,6.158415841584159,0.0994404476418864,0.908029197080292,0.0,6.984912311546938,0.0078712357988858,0.0021925817650283,-31.31659090909091,593900000.0,1987700000.0,-2985300000.0,4342300000.0,341500000.0,196100000.0,500350000.0,51.410071942446045,43.64616075437809,103.09384822631344,1.7506297229219143,2.062037037037037,0.8729909839278714,0.0066408411732152,0.5654545454545454,1999-09-30,,amc,,2025-04-24,1999-09-30,,17.32046875,788064.0625
1999-06-30,MOS,USD,1285785,1999-06-30,1999-06-30 00:00:00,1999,Q2,765400000.0,513400000.0,252000000.0,0.3292396133,0,0.0,0.0,45200000.0,69300000.0,114500000.0,627900000.0,0.0,50900000.0,69300000.0,200300000.0,0.2616932323,137500000.0,0.1796446303,-45900000.0,83500000.0,0.1090932846,31300000.0,52200000.0,0.0681996342,0.46,0.46,114400000,114600000,,,6.690559440559441,0.4562937062937063,2.002622377622377,1.3347902097902098,0.5673076923076923,17.312937062937063,17.312937062937063,17.312937062937063,22.295454545454547,1988272000.0,4423072000.0,9.522375478927202,2.597690096681473,8.678620689655173,13.020772757039948,1.003873573664546,1.003873573664546,5.778771883982231,22.08223664503245,19.306294194674816,28.965762933857235,0.026253953181456,0.0768003572951789,1.2620922952640614,0.4193001878690284,12.15576635047429,2.238569488456315,2.701375245579568,4.388888888888889,0.0046271335109079,0.1762452107279693,0.0,0.0,0.0,0.3334788302051505,0.0998170891037366,1.1024531024531024,0.0,13.332109545519703,0.0155189809948428,0.0087560386473429,-29.95257867132867,547200000.0,1980600000.0,-2992000000.0,4299200000.0,361350000.0,199050000.0,506450000.0,38.29762215834858,30.888196338137902,85.98558628749514,2.3500153515505064,2.913734392735528,1.0466870540265036,0.0263556498030899,0.6678321678321678,1999-06-30,,amc,,2025-04-24,1999-06-30,,21.58111111111111,710947.619047619
1999-03-31,MOS,USD,1285785,1999-03-31,1999-03-31 00:00:00,1999,Q1,769400000.0,492500000.0,276900000.0,0.359890824,0,0.0,0.0,43800000.0,66000000.0,109800000.0,602300000.0,0.0,63000000.0,66000000.0,229400000.0,0.298154406,167100000.0,0.2171822199,-49700000.0,109100000.0,0.1417988043,40900000.0,60700000.0,0.0788926436,0.53,0.53,114300000,114500000,,,6.731408573928259,0.531058617672791,1.6097987751531058,0.9063867016622922,0.5441819772528433,16.825896762904637,16.825896762904637,16.825896762904637,26.00699912510936,2336292000.0,5183692000.0,9.622289950576606,3.03651156745516,12.697239130434784,22.55108108108108,1.2147940931780363,1.2147940931780363,6.737317390174161,22.596739319965128,28.172239130434782,50.03563706563707,0.0259813413734242,0.044343772096981,1.5128951747088186,0.4588623066126259,12.412380122057542,1.8397946778333107,2.6523809523809523,2.697947214076246,0.0038950610625726,0.1499176276771004,0.0,0.0,0.0,0.4369565217391304,0.1044970106576553,1.2181818181818185,0.0,14.179195788559293,0.0177228397630703,0.0095727735810373,-33.2156605424322,621700000.0,1923200000.0,-3055700000.0,4350100000.0,409250000.0,238900000.0,551500000.0,46.43878346763712,40.5502538071066,95.46395939086295,1.9380352644836272,2.219468228931951,0.9427641653905052,0.0315619800332778,0.7034120734908137,1999-03-31,,amc,,2025-04-24,1999-03-31,,20.14147540983607,654768.8524590164
1998-12-31,MOS,USD,1285785,1998-12-31,1998-12-31 00:00:00,1998,Q4,40800000.0,-96700000.0,137500000.0,3.3700980392,0,0.0,0.0,-41900000.0,57800000.0,15900000.0,-80800000.0,0.0,533600000.0,57800000.0,179400000.0,4.3970588235,121600000.0,2.9803921569,-246600000.0,-125000000.0,-3.0637254902,-9300000.0,-178200000.0,-4.3676470588,-1.55,-1.55,115312500,115312500,,,0.3538211382113821,-1.5453658536585366,0.1482926829268292,-0.8524661246612466,0.9591327913279132,16.133550135501356,16.133550135501356,16.133550135501356,31.051273712737128,2465381250.0,5401781250.0,-3.458727904040404,60.42601102941177,144.17434210526315,-25.08017548321465,1.3251888034831218,1.3251888034831218,132.39659926470588,30.110263377926422,315.8936403508772,-54.95199643947101,-0.072280909899838,-0.0398721293106289,1.6378198236938293,0.4718982793600644,16.367892976588628,1.6380510440835268,0.2278860569715142,-0.0925324675324675,0.0010951653015126,-0.0151515151515151,0.0,0.0,0.0,6.748538011695906,2.82843137254902,1.9965397923875432,0.0,,0.0188844079797318,-0.027598383125029,-33.64314363143632,577500000.0,1860400000.0,-3113900000.0,4274900000.0,430250000.0,259650000.0,647650000.0,929.779411764706,-238.16959669079623,-540.3722854188211,0.096797153024911,-0.3778819851504494,-0.166551842921116,-0.0957858525048376,1.0007588075880758,1998-12-31,,amc,,2025-04-24,1998-12-31,,22.40578125,525123.4375
1998-09-30,MOS,USD,1285785,1998-09-30,1998-09-30 00:00:00,1998,Q3,756800000.0,495900000.0,260900000.0,0.3447410148,0,0.0,0.0,65400000.0,69300000.0,134700000.0,630600000.0,0.0,69400000.0,69300000.0,209300000.0,0.2765591966,126200000.0,0.1667547569,-64800000.0,58400000.0,0.077167019,20600000.0,36900000.0,0.0487579281,0.32,0.32,115312500,115312500,,,6.563035230352304,0.32,0.3503523035230352,-0.3278048780487805,0.6209214092140921,17.769972899728998,17.769972899728998,17.769972899728998,26.16628726287263,2234756250.0,5111056250.0,15.140624999999998,2.9529020216701904,55.31574876237623,-59.12053571428572,1.0906038016690254,1.0906038016690254,6.753509844080338,24.41976230291448,126.51129331683168,-135.2131283068783,0.0165118679050567,-0.0169145963905459,1.4386315943584989,0.4374258072174738,13.74247491638796,0.8543832627390578,1.818443804034582,1.0687830687830688,0.0069806270818126,0.4227642276422764,0.0,0.0,0.0,1.935643564356436,0.1033298097251585,1.1284271284271283,0.0,11.31122472935839,0.0132524695516236,0.0054754273504273,-34.09777777777778,-226900000.0,2049100000.0,-3358800000.0,3635000000.0,468200000.0,279850000.0,683700000.0,52.20665961945032,47.80399274047187,129.70961887477313,1.7239179954441914,1.8826879271070616,0.693857562613684,0.0180079059099116,0.6781571815718157,1998-09-30,,amc,,2025-04-24,1998-09-30,,23.34203125,555762.5
1998-06-30,MOS,USD,1285785,1998-06-30,1998-06-30 00:00:00,1998,Q2,1221800000.0,851500000.0,370300000.0,0.3030774267,0,0.0,0.0,93100000.0,76400000.0,169500000.0,1021000000.0,0.0,61700000.0,76400000.0,227100000.0,0.1858733017,200800000.0,0.1643476837,-16500000.0,134200000.0,0.109837944,47200000.0,87000000.0,0.0712064168,0.76,0.76,114473684,114473684,,,10.673195421927716,0.7600000013977012,1.50427586483545,-2.6678620738719303,1.221241381556306,17.797103481006168,17.797103481006168,17.797103481006168,26.162344875700864,3449092098.92,6242492098.92,9.91118419229885,2.8229596488132263,20.02957084157956,-11.293687291814017,1.6929721194325822,1.6929721194325822,5.109258552070715,27.48785600581241,36.25140591707317,-20.44038015363457,0.0252240292531596,-0.0885450406197122,1.43974868698768,0.4351218643841509,12.300308234258036,0.7241095326333128,3.254457050243112,1.9793103448275864,0.0026673686106789,0.1057471264367816,0.0,0.0,0.0,2.773519163763066,0.390898674087412,6.2513089005235605,0.0,17.44507007967849,0.0213669255022577,0.0129059055643737,-33.759724200017885,-536000000.0,2037300000.0,-3297000000.0,3145200000.0,397700000.0,308100000.0,666100000.0,36.63938451465051,31.31767469172049,68.98766881972988,2.4563731403297147,2.873776577792777,1.3045809713497778,0.0427035782653512,4.1721379387073805,1998-06-30,,amc,,2025-04-24,1998-06-30,,34.10968253968254,340415.873015873
1998-03-31,MOS,USD,1285785,1998-03-31,1998-03-31 00:00:00,1998,Q1,676800000.0,455400000.0,221400000.0,0.3271276596,0,0.0,0.0,73800000.0,48200000.0,122000000.0,577400000.0,0.0,24000000.0,48200000.0,155200000.0,0.2293144208,99400000.0,0.1468676123,-22700000.0,74000000.0,0.1093380615,26000000.0,45300000.0,0.0669326241,0.4,0.4,113250000,113250000,,,5.976158940397351,0.4,0.3479028697571744,-0.4441501103752759,1.093156732891832,17.4719646799117,17.4719646799117,17.4719646799117,13.45783664459161,4310295000.0,5686595000.0,23.7875,6.368639184397163,109.39835025380712,-85.6917495029821,2.178346894425633,2.178346894425633,8.40217937352246,36.64043170103093,144.32982233502537,-113.05357852882705,0.0105097214923804,-0.0116697349021354,0.7581240208217517,0.3097012614323761,8.86791237113402,1.8702375259046708,4.141666666666667,0.8208333333333333,0.0021112244057541,0.2008830022075055,0.0,0.0,0.0,2.2766497461928936,0.1325354609929078,1.860995850622407,0.0,12.53984378368428,0.0149135326430448,0.0093523546049507,-19.231346578366445,545900000.0,1978700000.0,-1691800000.0,3090400000.0,293050000.0,286600000.0,636150000.0,39.62765957446808,63.22134387351779,134.28853754940712,2.271140939597315,1.4235698655829947,0.6701986754966888,0.0228938191742052,0.7920529801324503,1998-03-31,,amc,,2025-04-24,1998-03-31,,34.83,469426.2295081967
1997-12-31,MOS,USD,1285785,1997-12-31,1997-12-31 00:00:00,1997,Q4,676900000.0,475900000.0,201000000.0,0.2969419412,0,0.0,0.0,237900000.0,41700000.0,279600000.0,755500000.0,0.0,50900000.0,41700000.0,-36900000.0,-0.054513222,-78600000.0,-0.1161175949,-32800000.0,-111400000.0,-0.1645737923,-45100000.0,-87900000.0,-0.1298566997,-0.97,-0.95,90994086,92068966,,,7.438944988139119,-0.9659968451136484,1.183593404081228,0.2373780643282685,1.2055728544819937,21.272811070380996,21.272811070380996,21.272811070380996,16.209844670564635,2980056316.5,4294456316.5,-8.47570055887372,4.402506007534348,27.669975083565458,137.96557020833333,1.5395238500284134,1.5395238500284134,6.344299477766287,-116.38092998644989,39.87424620705664,198.8174220601852,-0.0294960868736991,0.0072481851703288,0.7357028465154725,0.30469201309399,-35.62059620596206,1.5780716089734066,-1.544204322200393,-1.6244343891402715,0.0024496181362685,-0.0830489192263936,0.0,0.0,0.0,0.7994428969359332,0.1271975180972078,2.064748201438849,0.0,,-0.0111652372757007,-0.0188065641113417,-23.25453326714002,389100000.0,1935700000.0,-1676000000.0,2895100000.0,275850000.0,221250000.0,582550000.0,38.30551041512779,47.90292078167682,112.1075856272326,2.3495314127039224,1.8787998420844847,0.8028002699055331,-0.0454099292245699,0.9462153397529594,1997-12-31,,amc,,2025-04-24,1997-12-31,,33.90484375,478834.375
1997-09-30,MOS,USD,1285785,1997-09-30,1997-09-30 00:00:00,1997,Q3,598700000.0,492300000.0,106400000.0,0.1777183898,0,0.0,0.0,65100000.0,-42900000.0,22200000.0,514500000.0,0.0,82400000.0,-42900000.0,81500000.0,0.1361282779,84200000.0,0.1406380491,-42200000.0,42000000.0,0.070151996,15300000.0,26700000.0,0.044596626,0.29,0.29,92068966,92068966,,,6.502734048300271,0.2899999984794008,,,0.808089883403274,18.73921338488802,18.73921338488802,14.21108606780704,10.05550556525203,3245431051.5,4014431051.5,30.387931193820226,5.420796812259897,0.0,0.0,2.4804578504280035,2.4804578504280035,6.705246453148488,49.25682271779141,0.0,0.0,0.0082269503114723,,0.6446040966065424,0.2313156523408573,9.43558282208589,2.4020517830972152,1.0218446601941749,0.0,0.0022695035460992,0.275862070411985,0.0,0.0,0.0,0.0,,0.0,,9.62950341950353,0.0163681557266047,0.0073228929541153,-14.799232132138858,574000000.0,1725300000.0,-937400000.0,3019700000.0,313050000.0,216100000.0,553250000.0,39.62585602137965,34.588665447897625,104.62522851919562,2.2712443095599397,2.60200845665962,0.8602131749082649,0.0204066034851727,,1997-09-30,,amc,,2025-04-24,1997-09-30,,35.171875,671500.0
1997-06-30,MOS,USD,1285785,1997-06-30,1997-06-30 00:00:00,1997,Q2,1048200000.0,732500000.0,315700000.0,0.3011829803,0,0.0,0.0,69400000.0,57200000.0,126600000.0,859100000.0,0.0,54600000.0,57200000.0,246300000.0,0.2349742416,189100000.0,0.180404503,-50000000.0,139100000.0,0.1327036825,50800000.0,85000000.0,0.0810913948,0.89,0.89,95365854,95365854,,,10.991355459365993,0.8913043446347159,2.6697186605176317,2.097186693258155,0.4529923257437614,18.635600956291967,18.635600956291967,14.05010225148301,8.282838845023083,3337804890.0,4029904890.0,9.817073205882354,3.1843206353749283,13.109995640219951,16.68902445,2.4910850735129486,2.4910850735129486,3.844595392100744,16.361773812423873,15.82837741555381,20.14952445,0.0254658384181347,0.0599196198073758,0.5487722964400329,0.2035939749695426,2.8099878197320343,2.4049312470365103,3.4633699633699635,2.8833522083805208,0.0022469857427765,0.088235294117647,0.0,0.0,0.0,0.2144540455616653,0.05208929593589,0.9545454545454546,0.0,16.785876102677758,0.0371605595676968,0.0235352752242773,-13.130748034825968,592600000.0,1777200000.0,-820000000.0,3001800000.0,338200000.0,285200000.0,608050000.0,31.12478534630796,29.85665529010239,65.63549488054608,2.891586206896552,3.01440329218107,1.371209284912018,0.063437569967908,0.5725319672594763,1997-06-30,,amc,,2025-04-24,1997-06-30,,36.80984375,435731.25
1997-03-31,MOS,USD,1285785,1997-03-31,1997-03-31 00:00:00,1997,Q1,664800000.0,450000000.0,214800000.0,0.3231046931,0,0.0,0.0,63200000.0,43300000.0,106500000.0,556500000.0,0.0,45400000.0,43300000.0,151600000.0,0.2280385078,108300000.0,0.1629061372,-46700000.0,61600000.0,0.0926594465,22500000.0,39100000.0,0.0588146811,0.41,0.41,95365854,95365854,,,6.971048568390107,0.4099999985319693,0.758132989612823,0.2296419429117679,0.5568030670600401,18.306342645450435,18.306342645450435,13.363273609440965,8.990639353997711,3445568305.0200005,4204468305.020001,22.03048788375959,5.182864478068593,47.65654640414938,157.3318860739726,2.7036788331920905,2.7036788331920905,6.324410807791818,27.73395979564644,58.15308858948825,191.9848541105023,0.0113479102831987,0.0063559906701291,0.6371625863151287,0.2209463688062909,5.005936675461742,2.219066534260179,2.3854625550660797,1.8491048593350383,0.0021767091336058,0.1918158567774936,0.0,0.0,0.0,0.6970954356846473,0.075812274368231,1.163972286374134,0.0,11.102981518749582,0.0213260439690606,0.0106391662811896,-13.629878467821406,613800000.0,1745800000.0,-812000000.0,2993800000.0,270350000.0,255650000.0,626700000.0,42.495487364620935,65.48,136.38,2.117871933736859,1.3744654856444716,0.6599208095028597,0.0306811048336472,0.5284910467010551,1997-03-31,,amc,,2025-04-24,1997-03-31,,37.05,547190.1639344263
1996-12-31,MOS,USD,1285785,1996-12-31,1996-12-31 00:00:00,1996,Q4,665400000.0,439200000.0,226200000.0,0.3399458972,0,0.0,0.0,58200000.0,41700000.0,99900000.0,539100000.0,0.0,47500000.0,41700000.0,168000000.0,0.2524797115,126300000.0,0.1898106402,-50000000.0,76300000.0,0.114667869,27800000.0,47900000.0,0.0719867749,0.5,0.5,95800000,95800000,,,6.945720250521921,0.5,0.7369519832985386,-0.0396659707724425,0.6607515657620042,18.775574112734866,18.775574112734866,13.843423799582464,7.926931106471816,3748654000.000001,4397254000.0,19.565,5.633685001502856,53.09708215297451,-986.4878947368422,2.8266128789021265,2.8266128789021265,6.608437030357679,26.174130952380956,62.28405099150142,-1157.1721052631578,0.0127779197546639,-0.0010136971830422,0.5367968632182175,0.204263743831057,3.8607142857142858,2.65982905982906,2.6589473684210527,1.2607142857142857,0.0020273943660844,0.1586638830897703,0.0,0.0,0.0,1.0538243626062322,0.1118124436429215,1.7841726618705036,0.0,12.479523939049226,0.0251724321154298,0.0137438310570412,-12.185281837160751,582600000.0,1798700000.0,-752900000.0,2964000000.0,225600000.0,181450000.0,592950000.0,30.67628494138864,37.6844262295082,117.11065573770492,2.933862433862434,2.388254486133768,0.768503937007874,0.0361182325441109,0.7766179540709812,1996-12-31,,amc,,2025-04-24,1996-12-31,,37.559375,654753.125
1996-09-30,MOS,USD,1285785,1996-09-30,1996-09-30 00:00:00,1996,Q3,603600000.0,405900000.0,197700000.0,0.3275347913,0,0.0,0.0,56400000.0,42200000.0,98600000.0,504500000.0,0.0,59000000.0,42200000.0,141300000.0,0.2340954274,99100000.0,0.1641815772,-54100000.0,45000000.0,0.0745526839,16400000.0,21100000.0,0.0349569251,0.23,0.23,91739130,91739130,,,6.579526097533299,0.2300000010900474,1.913033184421958,1.433412329068305,0.5940758321994115,18.18308065489612,18.18308065489612,12.796066411355763,8.735639851827678,3589752156.9,4277652156.9,42.53260849407583,5.947236840457257,20.454428244444447,27.29849548973384,3.057971,3.057971,7.086898868290259,30.273546757961785,24.374086364102563,32.529674196958176,0.0058778431150024,0.0366320554323614,0.6324218417241673,0.2192363346425302,4.868365180467091,2.665044113173106,1.6796610169491526,8.317535545023697,0.0020892807280814,0.3554502369668246,0.0,0.0,0.0,0.2507122507122507,0.0728959575878065,1.042654028436019,0.0,8.137545329680398,0.0204346101990641,0.006230989575643,-12.951943189345702,547300000.0,1668100000.0,-842200000.0,2896700000.0,287300000.0,186250000.0,545550000.0,33.45924453280318,39.68957871396896,136.23059866962305,2.689839572192513,2.2675977653631283,0.66064453125,0.0179742737882272,0.4796208553536533,1996-09-30,,amc,,2025-04-24,1996-09-30,,40.0825,481507.8125
1996-06-30,MOS,USD,1285785,1996-06-30,1996-06-30 00:00:00,1996,Q2,955100000.0,692300000.0,262800000.0,0.2751544341,0,0.0,0.0,63000000.0,44100000.0,107100000.0,799400000.0,0.0,51900000.0,44100000.0,199800000.0,0.2091927547,155700000.0,0.1630195791,-54800000.0,100900000.0,0.1056433881,34500000.0,66400000.0,0.0695215161,0.72,0.72,91785714,92222222,,,10.40575878725528,0.7234241267655226,0.7844358001071932,0.3115953317092462,0.1045914400142924,18.150972819147,18.150972819147,12.59782105088816,8.894630377882118,3660414274.32,4415314274.32,13.781680249698796,3.832493219893205,50.83908714333334,127.98651308811188,3.165626804739255,3.165626804739255,4.622881660894147,22.09867004164164,61.32380936555556,154.38161798321678,0.0181400232388546,0.0078133232625187,0.6611605984606072,0.2224452979515828,3.7782782782782784,2.506004366812227,3.0,1.0843373493975903,0.0681343643941316,3.7560240963855422,0.0,0.0,0.0,0.6027777777777777,0.0454402680347607,0.984126984126984,0.0,14.3197511532135,0.0330716662170092,0.0193202979515828,-13.729805490209513,551800000.0,1666000000.0,-852600000.0,2903100000.0,305450000.0,233150000.0,542950000.0,32.99968589676474,25.15527950310559,61.9716885743175,2.727298686464877,3.577777777777778,1.4522760646108663,0.0574245438035112,0.4728404683979469,1996-06-30,,amc,,2025-04-24,1996-06-30,,37.14936507936508,661998.4126984127
1996-03-31,MOS,USD,1285785,1996-03-31,1996-03-31 00:00:00,1996,Q1,717000000.0,471400000.0,245600000.0,0.3425383543,0,0.0,0.0,60100000.0,61600000.0,121700000.0,593100000.0,0.0,167700000.0,61600000.0,185500000.0,0.2587168759,123900000.0,0.1728033473,-121300000.0,2600000.0,0.0036262204,10900000.0,-8300000.0,-0.0115760112,-0.09,-0.09,92222222,92222222,,,7.774698813914937,-0.0900000002168674,1.4681927746221513,1.1884337378034548,0.5334939771891422,17.60963859664973,17.60963859664973,11.756385570497317,10.098433759273334,3032266659.36,3746666659.36,-91.33333311325302,4.2291027327196655,22.394879315805024,27.666666600000003,2.7967779555063643,2.7967779555063643,5.225476512357044,20.19766393185984,27.671097927326443,34.184914775182484,-0.0027372262839679,0.0361445784003483,0.7042980999815532,0.2165503941920481,3.851212938005391,1.6826622843056698,0.738819320214669,33.02439024390244,0.0067276405051743,-2.4578313253012047,0.0,0.0,0.0,0.190546528803545,0.0359832635983263,0.4188311688311688,0.0,,-0.1324959544006844,-0.0023538086325222,-14.669728951011397,415400000.0,1624000000.0,-878300000.0,2760000000.0,204500000.0,192200000.0,455050000.0,32.72384937238493,52.08315655494272,116.30886720407295,2.750287686996548,1.728005865102639,0.7738017071569271,-0.0076554141302342,0.2797590368186964,1996-03-31,,amc,,2025-04-24,1996-03-31,,38.82603174603175,760655.5555555555
1995-12-31,MOS,USD,1285785,1995-12-31,1995-12-31 00:00:00,1995,Q4,549600000.0,368300000.0,181300000.0,0.3298762737,0,0.0,0.0,21600000.0,32200000.0,53800000.0,422100000.0,0.0,52200000.0,32200000.0,159700000.0,0.2905749636,127500000.0,0.2319868996,-56800000.0,70700000.0,0.1286390102,27100000.0,43600000.0,0.0793304221,0.73,0.7,59726027,62285714,,,9.20201840982994,0.7300000048555046,1.361215605384232,-0.0602752297587113,2.1498165280607062,22.92467905156323,22.92467905156323,14.0658945889704,9.65743125689576,2433835600.25,2830035600.25,13.955479359231653,4.428376274108443,29.93647724784748,-676.0654445138889,2.8970784433400785,2.8970784433400785,5.149264192594615,17.72094928146525,34.80978598093481,-786.1210000694444,0.0179141105486013,-0.001479146742545,0.6244494703011546,0.1954472635147721,2.4809016906700063,2.4956190476190474,2.442528735632184,1.864678899082569,0.0019721956567267,0.110091743119266,0.0,0.0,0.0,1.044280442804428,0.1544759825327511,2.6366459627329197,0.0,15.199747371601994,0.0323518785622566,0.0162438061175068,-15.484455378222297,392600000.0,1369200000.0,-659800000.0,2318500000.0,130200000.0,105900000.0,278200000.0,24.284934497816597,27.271246266630467,73.52973119739343,3.706001348617667,3.300179211469534,1.2239946826188102,0.051898583501964,1.4214908351429436,1995-12-31,,amc,,2025-04-24,1995-12-31,,36.5236507936508,487368.253968254
1995-09-30,MOS,USD,1285785,1995-09-30,1995-09-30 00:00:00,1995,Q3,484900000.0,340400000.0,144500000.0,0.2979995875,0,0.0,0.0,17500000.0,30700000.0,48200000.0,388600000.0,0.0,43700000.0,30700000.0,127000000.0,0.2619096721,96300000.0,0.198597649,-46700000.0,49600000.0,0.1022891318,19400000.0,30200000.0,0.0622808827,0.51,0.51,59215686,59215686,,,8.188708647232424,0.5100000023642384,0.9000993419209903,0.5859933801999693,3.681456970708741,21.5500332124836,21.5500332124836,13.455894102113415,10.132450378097452,1876545089.34,2214845089.34,15.534313653476824,3.8699630631882864,35.20722494071295,54.079109202881845,2.35510176875,2.35510176875,4.567632685790885,17.439725112913386,41.554316873170734,63.828388741786746,0.0160934049341823,0.0184914288482161,0.6981676706827309,0.2013536991457941,2.663779527559055,2.029522828698936,2.203661327231121,1.7649006622516556,0.0015453931890439,0.0960264900662251,0.0,0.0,0.0,0.348968105065666,0.0383584244174056,0.6058631921824105,0.0,12.426036598108931,0.0233388823761288,0.0109309396264659,-17.84788915558624,299900000.0,1276100000.0,-895500000.0,2155600000.0,80350000.0,103100000.0,254950000.0,20.80635182511858,26.492361927144536,67.55287896592245,4.325602140945584,3.397205588822356,1.3322896281800392,0.0379016064257028,0.314105961721021,1995-09-30,,amc,,2025-04-24,1995-09-30,,30.784126984126985,299298.4126984127
1995-06-30,MOS,USD,1285785,1995-06-30,1995-06-30 00:00:00,1995,Q2,501400000.0,358800000.0,142600000.0,0.2844036697,0,0.0,0.0,20000000.0,34700000.0,54700000.0,413500000.0,0.0,34700000.0,34700000.0,122600000.0,0.244515357,87900000.0,0.1753091344,-35900000.0,52000000.0,0.1037096131,20300000.0,28900000.0,0.0576386119,0.49,0.49,58977604,59210526,,,8.501532208734693,0.4900165154216844,2.78919435248675,2.3602179566331656,3.3249909575845096,21.072405722009325,21.072405722009325,12.935418671806335,9.478174121824278,1595933964.24,1924133964.24,13.805657130103809,3.1829556526525726,9.70172622638298,11.465042846551723,2.091930743531262,2.091930743531262,3.837522864459513,15.694404276019576,11.69686300449848,13.82280146724138,0.0181085186778153,0.0872216539775744,0.687246034866955,0.1946754789841081,2.6769983686786296,2.0015873015873016,2.53314121037464,5.189274447949527,0.1447428309541645,7.993079584775087,0.0,0.0,0.0,0.1537993920972644,0.0504587155963302,0.729106628242075,0.0,11.942269366384286,0.0218715070643642,0.0107307292440219,-18.49261289081869,252400000.0,1242800000.0,-946000000.0,2120600000.0,83900000.0,104050000.0,246000000.0,8.723573992820103,26.58862876254181,63.812709030100336,10.316872427983538,3.3849056603773584,1.410377358490566,0.0378817669419321,0.4289763958535854,1995-06-30,,amc,,2025-04-24,1995-06-30,,24.31047619047619,406968.253968254
1995-03-31,MOS,USD,1285785,1995-03-31,1995-03-31 00:00:00,1995,Q1,550000000.0,367000000.0,183000000.0,0.3327272727,0,0.0,0.0,19300000.0,33000000.0,52300000.0,419300000.0,0.0,54800000.0,33000000.0,163700000.0,0.2976363636,130700000.0,0.2376363636,-55500000.0,75200000.0,0.1367272727,29500000.0,45000000.0,0.0818181818,0.76,0.76,59210526,59210526,,,9.28888893842963,0.7600000040533333,3.097422238741808,2.899822237687941,2.3678222348506077,20.84933344452978,20.84933344452978,12.431911177414635,10.354577833002192,1465460518.5,1883560518.5,8.141447325,2.66447367,7.990515368047983,8.535005931857892,1.990844339763619,1.990844339763619,3.424655488181818,11.506172990226023,10.27023183478735,10.970067085032031,0.0307070708708417,0.1171645348560784,0.7584567314223611,0.2078787653125814,2.554062309102016,2.18804537521815,2.3850364963503647,4.013129102844639,0.002020202020202,0.0657894733333333,0.0,0.0,0.0,0.0637949836423118,0.0212727272727272,0.3545454545454545,0.0,14.58031831845864,0.032218415004518,0.0167554082734482,-18.625066766000355,272300000.0,1234500000.0,-949700000.0,2148100000.0,124550000.0,99050000.0,246350000.0,19.505454545454544,25.038147138964572,58.26702997275204,4.614093959731544,3.594515181194907,1.5446127946127943,0.0611329982339356,0.1976000010538666,1995-03-31,,amc,,2025-04-24,1995-03-31,,23.577460317460314,403968.253968254
1994-12-31,MOS,USD,1285785,1994-12-31,1994-12-31 00:00:00,1994,Q4,451800000.0,304000000.0,147800000.0,0.3271359008,0,0.0,0.0,21600000.0,33900000.0,55500000.0,359500000.0,0.0,48100000.0,33900000.0,126200000.0,0.2793271359,92300000.0,0.2042939354,-46800000.0,45500000.0,0.100708278,17600000.0,26100000.0,0.0577689243,0.44,0.44,59318182,59318182,,,7.616551700792178,0.439999998651341,1.5425287309041265,1.279540225963095,1.291340992210449,20.595708749131926,20.595708749131926,11.6878160561293,10.676321806356102,1297881822.1599998,1806481822.16,12.431818219923372,2.8726910627711373,14.18450078863388,17.09989225507246,1.872034937487379,1.872034937487379,3.998410407613988,14.314435991759112,19.74297073398907,23.80081452121212,0.020109689152255,0.058479900638167,0.8440790422616472,0.2186110799805745,4.030110935023772,2.1865042174320526,1.9189189189189189,3.2795698924731185,0.0022851919561243,0.1136363639846743,0.0,0.0,0.0,0.1704918032786885,0.0345285524568393,0.4601769911504424,0.0,10.75682939350696,0.0228925061105621,0.0097500840524487,-19.44808423157675,253200000.0,1221700000.0,-988600000.0,2150100000.0,186500000.0,96050000.0,198550000.0,25.87649402390438,28.421052631578945,75.52302631578947,3.4780600461893765,3.1666666666666665,1.191689533516268,0.0376460406750324,0.2629885049410314,1994-12-31,,amc,,2025-04-24,1994-12-31,,20.24936507936508,279266.6666666667
1994-09-30,MOS,USD,1285785,1994-09-30,1994-09-30 00:00:00,1994,Q3,420800000.0,311300000.0,109500000.0,0.2602186312,0,0.0,0.0,14300000.0,32800000.0,47100000.0,358400000.0,0.0,26000000.0,32800000.0,95200000.0,0.2262357414,62400000.0,0.1482889734,-27700000.0,34700000.0,0.0824619772,12900000.0,14700000.0,0.0349334601,0.25,0.25,58800000,58800000,,,7.156462585034014,0.25,0.8367346938775511,0.6394557823129252,2.001700680272109,20.86394557823129,20.86394557823129,11.394557823129253,11.306122448979592,1308300000.0,1829400000.0,22.25,3.109077946768061,26.591463414634145,34.795212765957444,1.9526865671641789,1.9526865671641789,4.347433460076045,19.21638655462185,37.18292682926829,48.65425531914894,0.0112359550561797,0.0287395857219292,0.9534328358208956,0.2337443741080903,5.473739495798319,2.4764448761534728,2.4,2.256880733944954,0.0339371703737674,3.020408163265306,0.0,0.0,0.0,0.2357723577235772,0.0275665399239543,0.3536585365853658,0.0,8.005897061235677,0.0155066276949109,0.0053789015331698,-19.303996598639458,304000000.0,1226800000.0,-996200000.0,2217700000.0,176100000.0,103200000.0,197550000.0,51.993821292775664,27.783488596209445,41.05364600064247,1.7309749074454956,3.239334027055151,2.1922535211267604,0.0219402985074626,0.1972789115646258,1994-09-30,,amc,,2025-04-24,1994-09-30,,19.43703125,407343.75
1994-06-30,MOS,USD,1285785,1994-06-30,1994-06-30 00:00:00,1994,Q2,435600000.0,307400000.0,128200000.0,0.2943067034,0,0.0,0.0,20600000.0,39500000.0,60100000.0,367500000.0,0.0,20900000.0,39500000.0,107600000.0,0.2470156107,68100000.0,0.1563360882,-31400000.0,36700000.0,0.084251607,19600000.0,15700000.0,0.0360422406,0.32,0.32,49090909,49090909,,,8.873333349765431,0.3198148154070644,2.2835185227472565,1.8557407441772973,3.442592598967764,25.118703750219822,25.118703750219822,13.342592617301095,14.465000026787036,849763634.79,1369963634.79,13.531268069904458,1.9507888769283743,7.58040709000892,9.327811578375412,1.2973490607480915,1.2973490607480915,3.1450037529614323,12.732004040799255,12.22090664397859,15.03802014039517,0.0184757259045097,0.1072062821592893,1.0522137404580152,0.2480653637116222,4.83457249070632,2.5501432664756445,3.2583732057416266,6.555555555555555,0.1160322658716347,6.280254777070064,0.0,0.0,0.0,0.1873327386262266,0.0482093663911845,0.5316455696202531,0.0,9.798524015710772,0.0123465049459811,0.0056509376237267,-23.78902782183153,324600000.0,1233100000.0,-1011200000.0,2252000000.0,148250000.0,101250000.0,259100000.0,22.541322314049587,32.293428757319454,74.10214703968771,3.992667277726856,2.786944696282865,1.2145397076254445,0.0239694656488549,0.4277777785699588,1994-06-30,,amc,,2025-04-24,1994-06-30,,18.287258064516127,485458.064516129
1994-03-31,MOS,USD,1285785,1994-03-31,1994-03-31 00:00:00,1994,Q1,410500000.0,305200000.0,105300000.0,0.2565164434,0,0.0,0.0,15800000.0,27600000.0,43400000.0,348600000.0,0.0,36300000.0,28900000.0,90800000.0,0.2211936663,61900000.0,0.1507917174,-40200000.0,21700000.0,0.052862363,16300000.0,5400000.0,0.0131546894,0.11,0.11,49090909,49090909,,,8.362037052522291,0.1100000002037037,1.933148151728052,1.7864814847897803,2.509629634277092,23.468703747164263,23.468703747164263,10.232037055985254,18.524814849120027,969545452.75,1719445452.75,44.88636355324074,2.3618646839220463,10.216495814014753,11.055250316419611,1.930211930619152,1.930211930619152,4.188661273447016,18.93662392896476,18.118497921496317,19.605991479475485,0.0055696202634786,0.0904547587235331,1.73820426040215,0.307169997185477,8.258810572687224,2.204272863568216,1.7052341597796143,17.574074074074073,0.0319737459570071,5.7407407407407405,0.0,0.0,0.0,0.0758693361433087,0.0175395858708891,0.2491349480968858,0.0,5.032324687503812,0.0058656131281918,0.0018998029833943,-26.3592593080727,321300000.0,1152100000.0,-1102200000.0,2249700000.0,175200000.0,81400000.0,279700000.0,41.086479902557855,27.18872870249017,78.17496723460026,2.1905016008537888,3.3101952277657265,1.1512636740852509,0.0107505474815847,0.1466666669382716,1994-03-31,,amc,,2025-04-24,1994-03-31,,22.02523809523809,469279.3650793651
1993-12-31,MOS,USD,1285785,1993-12-31,1993-12-31 00:00:00,1993,Q4,329000000.0,268200000.0,60800000.0,0.1848024316,0,0.0,0.0,15700000.0,27000000.0,42700000.0,310900000.0,0.0,61900000.0,28600000.0,46700000.0,0.1419452888,18100000.0,0.0550151976,-44400000.0,-26300000.0,-0.0799392097,-22700000.0,-3600000.0,-0.0109422492,-0.07,-0.07,51428571,51428571,,,6.397222275532408,-0.0700000005833333,-0.5541666712847223,-0.5677777825092593,1.6936111252245372,22.343611297307877,22.343611297307877,9.599722302219908,18.58694459933565,1166914275.99,1973814275.99,-81.03571361041668,3.5468519027051677,-40.94436056105263,-39.96281767089041,2.363610038464655,2.363610038464655,5.999435489331307,42.26583032098501,-69.25664126280702,-67.59637931472602,-0.0030850595232848,-0.0250232605777549,1.8108162851934373,0.3163146162827725,17.278372591006423,2.6986899563318776,0.2924071082390953,7.916666666666667,0.0,0.0,0.0,0.0,0.0,-0.0245614035087719,0.002127659574468,0.0244755244755244,0.0,,0.0009289713310551,-0.0012737501326823,-25.68027799178009,350100000.0,1149100000.0,-1121000000.0,2298700000.0,154450000.0,88250000.0,301000000.0,44.589665653495445,23.69127516778524,98.75838926174497,2.01840490797546,3.798866855524079,0.91131498470948,-0.007291877658497,0.013611111224537,1993-12-31,,amc,,2025-04-24,1993-12-31,,19.001875,336412.5
1993-09-30,MOS,USD,1285785,1993-09-30,1993-09-30 00:00:00,1993,Q3,266400000.0,233600000.0,32800000.0,0.1231231231,0,0.0,0.0,13900000.0,25400000.0,39300000.0,272900000.0,0.0,34800000.0,25400000.0,18900000.0,0.0709459459,-6500000.0,-0.0243993994,-17800000.0,-24300000.0,-0.0912162162,-1800000.0,-46300000.0,-0.1737987988,-1.05,-1.05,44095238,44095238,,,6.041468695553928,-1.0500000022678186,-0.8028077771118959,-1.0704103694825278,1.492224625253185,23.67149033190387,23.67149033190387,8.703887707783775,22.301727909938936,755351426.9399999,1638151426.94,-4.078571419762419,2.835403254279279,-21.337610930508472,-16.003208197881353,1.968086052475248,1.968086052475248,6.149217068093093,86.67467867407407,-46.27546403785311,-34.706598028389834,-0.0612959721113729,-0.0624874704893478,2.4715997915581034,0.3359065155807365,46.70899470899471,2.039664378337147,-0.1867816091954023,1.5733333333333333,0.022770857890186,-0.3714902807775378,0.0,0.0,0.0,-0.3333333333333333,0.0442942942942942,0.4645669291338583,0.0,,-0.0023126800332456,-0.0163951841359773,-32.908882360494346,272600000.0,1043800000.0,-1245400000.0,2250900000.0,145500000.0,90900000.0,236000000.0,49.29054054054054,40.80051369863014,118.548801369863,1.8259081562714188,2.205854579792257,0.7591810204744881,-0.1206357477853048,0.2676025923706319,1993-09-30,,amc,,2025-04-24,1993-09-30,,14.8590625,221453.125
1993-06-30,MOS,USD,1285785,1993-06-30,1993-06-30 00:00:00,1993,Q2,255900000.0,222600000.0,33300000.0,0.1301289566,0,0.0,0.0,51600000.0,13500000.0,65100000.0,287700000.0,0.0,60200000.0,13500000.0,-18300000.0,-0.0715123095,-31800000.0,-0.1242672919,-13100000.0,-44900000.0,-0.1754591637,-15000000.0,-77000000.0,-0.3008987886,-1.76,-1.75,43858839,44069767,,,5.834627770242618,-1.7556324279354498,-1.0830200042458944,-1.4318664477187826,2.5445269994493014,9.813301259524904,9.813301259524904,9.813301259524904,22.501735625058384,644286344.91,1459386344.9099998,-2.0918387821753246,2.5177270219226258,-13.56392305073684,-10.259336702388534,1.4969478273931227,1.4969478273931227,5.702955626846424,-79.74788769999999,-30.72392305073684,-23.238636065445856,-0.1195120781440061,-0.0974721884083582,2.1531133828996283,0.4508172796263864,-44.540983606557376,1.818715904322283,-0.5282392026578073,1.588628762541806,0.0001552104910961,-0.0012987012987012,0.0,0.0,0.0,-0.3221052631578947,0.0597889800703399,1.1333333333333333,0.0,,-0.0114429871296782,-0.0374586495427125,-30.156407012962656,195100000.0,430400000.0,-1191800000.0,1521600000.0,121850000.0,70500000.0,192050000.0,51.031652989449,30.68733153638814,66.42857142857143,1.7636113025499656,2.932806324110672,1.3548387096774193,-0.178903345724907,0.3488464434728881,1993-06-30,,amc,,2025-04-24,1993-06-30,,16.215555555555557,247307.9365079365
1993-03-31,MOS,USD,1285785,1993-03-31,1993-03-31 00:00:00,1993,Q1,222800000.0,185900000.0,36900000.0,0.1656193896,0,0.0,0.0,184000000.0,16000000.0,200000000.0,385900000.0,0.0,11000000.0,16100000.0,-147000000.0,-0.6597845601,-163100000.0,-0.7320466786,-10700000.0,-173800000.0,-0.7800718133,-60100000.0,-113700000.0,-0.5103231598,-2.58,-2.58,44069767,44069767,,,5.055620103460043,-2.580000025868074,1.7358839224178335,1.3841688793135667,1.2639050258650109,11.513562120716454,11.513562120716454,11.513562120716454,20.256517353495425,707760458.02,1533760458.02,-1.5562015347845206,3.176662737971274,9.251770693071895,11.602630459344262,1.3948767402837996,1.3948767402837996,6.8840235997307,-10.433744612380952,20.049156313986927,25.14361406590164,-0.1606475732171901,0.0861873523856517,1.7376823019314152,0.460201471893105,-5.619047619047619,0.5624353480124131,-14.827272727272728,-0.6728232189973615,0.0084774444969493,-0.0527704485488126,0.0,0.0,0.0,0.2026143790849673,0.0695691202872531,0.9627329192546584,0.0,,-0.0638387325220768,-0.0593454773213633,-26.5249870733376,-296100000.0,507400000.0,-1027900000.0,1013000000.0,92700000.0,62750000.0,216450000.0,39.8294434470377,31.51694459386767,106.41204948897256,2.259634888438134,2.855606758832565,0.845768880800728,-0.2240835632636972,0.3517150431042669,1993-03-31,,amc,,2025-04-24,1993-03-31,,19.988064516129032,213683.87096774197
1992-12-31,MOS,USD,1285785,1992-12-31,1992-12-31 00:00:00,1992,Q4,197500000.0,149100000.0,48400000.0,0.2450632911,0,0.0,0.0,13800000.0,16000000.0,29800000.0,178900000.0,0.0,10900000.0,15500000.0,34600000.0,0.1751898734,18600000.0,0.0941772152,-11700000.0,6900000.0,0.0349367089,3000000.0,3900000.0,0.0197468354,0.09,0.09,43333333,43333333,,,4.55769234275148,0.0900000006923077,-0.7453846211183432,-1.6753846282721894,0.0600000004615384,14.47153857285799,14.47153857285799,14.47153857285799,16.49538474227219,923433326.23,1624733326.23,59.19444398910256,4.675611778379746,-28.58926706594427,-12.719467303443524,1.4725455688566416,1.4725455688566416,8.226497854329114,46.95761058468208,-50.30134136934985,-22.379246917768597,0.0042233693426704,-0.0786196446866348,1.122468505820443,0.3817245119305857,20.26878612716763,1.7606594656054575,1.7064220183486238,-8.282051282051283,0.0064974912964161,1.5384615384615383,0.0,0.0,0.0,-1.2476780185758514,0.2040506329113924,2.6,0.0,5.413396885086062,0.0062566467168129,0.002114967462039,-24.06115403123965,133800000.0,627100000.0,-907200000.0,1444300000.0,78900000.0,61700000.0,200850000.0,39.55443037974683,36.45875251509055,128.6317907444668,2.275345622119816,2.468543046357616,0.699671515720319,0.0062191038111943,0.9300000071538462,1992-12-31,,amc,,2025-04-24,1992-12-31,,20.92734375,147084.375
1992-09-30,MOS,USD,1285785,1992-09-30,1992-09-30 00:00:00,1992,Q3,220900000.0,152700000.0,68200000.0,0.3087369851,0,0.0,0.0,16200000.0,16400000.0,32600000.0,185300000.0,0.0,0.0,16400000.0,52000000.0,0.2354006338,35600000.0,0.1611588954,-1100000.0,34500000.0,0.1561792666,14800000.0,19700000.0,0.0891806247,0.45,0.45,43777778,43777778,,,5.045939060680513,0.449999997715736,0.6738578645997063,-0.1256345171287587,0.9982233451866837,14.372588759530004,14.372588759530004,14.372588759530004,15.2086293644232,914080004.64,1536180004.64,11.600000058883248,4.137981007876867,30.985762869152538,-166.19636448,1.4527654237762238,1.4527654237762238,6.954187436124943,29.541923166153843,52.07389846237288,-279.30545538909087,0.0215517240285314,-0.0060169787896915,1.0581691036236491,0.364302910921427,11.96346153846154,1.5978538579458357,0.0,1.49746192893401,0.0064545772471236,0.299492385786802,0.0,0.0,0.0,1.1864406779661016,0.1584427342688999,2.1341463414634148,0.0,12.063269061558255,0.0123642819427218,0.0107791639308382,-23.00596435022353,117000000.0,629200000.0,-885700000.0,1401000000.0,63150000.0,68150000.0,178200000.0,28.927116342236307,37.13163064833006,111.1591355599214,3.111267605633803,2.423809523809524,0.8096500530222693,0.0313095994914176,0.799492381728465,1992-09-30,,amc,,2025-04-24,1992-09-30,,21.1634375,217646.875
1992-06-30,MOS,USD,1285785,1992-06-30,1992-06-30 00:00:00,1992,Q2,279700000.0,214600000.0,65100000.0,0.2327493743,0,0.0,0.0,24700000.0,16700000.0,41400000.0,256000000.0,0.0,27000000.0,16700000.0,40400000.0,0.1444404719,23700000.0,0.0847336432,-14900000.0,8800000.0,0.031462281,1200000.0,7600000.0,0.02717197,0.17,0.17,43987402,44252874,,,6.358638775711282,0.1727767418498596,1.3708470438877025,0.5706179237409839,0.7411212874086085,13.99036933347416,13.99036933347416,13.99036933347416,15.227087064609998,943089898.88,1553289898.88,31.022694042105268,3.371790843332142,15.639965155555556,37.57330274422311,1.53248277361066,1.53248277361066,5.553414011011799,38.44776977425743,25.759368140630183,61.88405971633467,0.0080586166907583,0.0266146419655309,1.0445238869028275,0.3615298087739033,15.103960396039604,1.4321120689655171,0.8777777777777778,7.934210526315789,0.0063620658084934,0.7894736842105263,0.0,0.0,0.0,0.5837479270315091,0.1258491240614944,2.1077844311377247,0.0,7.374770144964642,0.0127559403079782,0.0042744656917885,-22.838925563278323,80200000.0,615400000.0,-896800000.0,1347000000.0,64450000.0,36650000.0,184350000.0,17.794065069717554,30.74091332712022,70.37278657968314,5.057866184448463,2.927694406548431,1.2789034564958284,0.0123496912577185,0.8002291201467183,1992-06-30,,amc,,2025-04-24,1992-06-30,,24.266031746031747,280244.44444444444
1992-03-31,MOS,USD,1285785,1992-03-31,1992-03-31 00:00:00,1992,Q1,267500000.0,186400000.0,81100000.0,0.3031775701,0,0.0,0.0,15900000.0,22200000.0,38100000.0,224500000.0,0.0,0.0,22100000.0,65200000.0,0.2437383178,43000000.0,0.1607476636,19400000.0,62400000.0,0.233271028,23900000.0,38500000.0,0.1439252336,0.87,0.87,44252874,44252874,,,6.044805135142183,0.8699999914129871,1.65638959404083,0.7818701221529702,1.143428560142783,13.825090772635468,13.825090772635468,13.825090772635468,15.045350500851086,1194827598.0,1810027598.0,7.758620766233766,4.466645226168224,16.30051293315143,34.53258953757226,1.952970902255639,1.952970902255639,6.766458310280374,27.76115947852761,24.693418799454296,52.31293635838151,0.0322222219041847,0.0289581526723322,1.088264138607388,0.3639046786182772,9.43558282208589,1.4154239454622923,0.0,1.779126213592233,0.0050216449720807,0.1558441558441558,0.0,0.0,0.0,0.5279672578444747,0.1446728971962617,1.751131221719457,0.0,16.450718805062106,0.0165144405340483,0.0210428508963707,-22.8584023717872,97500000.0,611800000.0,-885600000.0,1346300000.0,93800000.0,0.0,201400000.0,24.76261682242991,0.0,97.0010729613734,3.6345108695652177,0.0,0.927824788451966,0.062929061784897,0.8745194718878597,1992-03-31,,amc,,2025-04-24,1992-03-31,,30.108888888888888,322085.71428571426
1991-12-31,MOS,USD,1285785,1991-12-31,1991-12-31 00:00:00,1991,Q4,252600000.0,165100000.0,87500000.0,0.3463974663,0,0.0,0.0,13900000.0,22300000.0,36200000.0,201300000.0,0.0,13600000.0,22200000.0,73600000.0,0.2913697546,51300000.0,0.203087886,-14500000.0,36800000.0,0.1456848773,14700000.0,22100000.0,0.0874901029,0.5,0.5,44200000,44200000,,,5.714932126696833,0.5,-0.6832579185520362,-1.6968325791855203,0.6131221719457014,16.751131221719458,16.751131221719458,16.751131221719458,17.28054298642534,1254396000.0,1977496000.0,14.19,4.965938242280285,-41.53629139072847,-16.72528,1.6942139384116692,1.6942139384116692,7.828566904196358,26.86815217391304,-65.48,-26.366613333333333,0.0176180408738548,-0.059789731472358,1.0132360886007563,0.39830103530661,9.824728260869565,1.595890410958904,3.772058823529412,-1.3665158371040724,0.0047831785177886,0.2714932126696832,0.0,0.0,0.0,-1.4834437086092715,0.1773555027711797,2.018018018018018,0.0,13.727717444802828,0.0183785005278187,0.0117334749137244,-21.03054298642534,130500000.0,740400000.0,-793600000.0,1409800000.0,93750000.0,0.0,192550000.0,40.61757719714964,0.0,110.06056935190792,2.2157894736842105,0.0,0.8177315502724121,0.0298487304159913,1.013574660633484,1991-12-31,,amc,,2025-04-24,1991-12-31,,25.6009375,262250.0
1991-09-30,MOS,USD,1285785,1991-09-30,1991-09-30 00:00:00,1991,Q3,258700000.0,179400000.0,79300000.0,0.3065326633,0,0.0,0.0,13600000.0,22300000.0,35900000.0,215300000.0,0.0,9100000.0,22300000.0,65700000.0,0.2539621183,43400000.0,0.1677618864,-10000000.0,33400000.0,0.1291070738,13400000.0,20000000.0,0.077309625,0.46,0.46,43478261,43478261,,,5.9500999821497,0.45999999862,0.942999997171,-0.413999998758,0.2483999992548,16.6496999500509,16.6496999500509,16.6496999500509,15.0396999548809,1187391307.9099998,1821391307.91,14.842391348875,4.58983884000773,28.960763607560978,-65.96618377277777,1.640269799571764,1.640269799571764,7.040553954039427,27.722850957534245,44.42417824170732,-101.188405995,0.0168436469652142,-0.0151592822686927,0.8907307639176681,0.3631244016444219,9.64992389649924,1.1714164185452998,4.769230769230769,2.05,0.0048846576199121,0.29,0.0,0.0,0.0,1.4390243902439024,0.2280633938925396,2.645739910313901,0.0,13.127238626842036,0.0167373117486287,0.0112631638227178,-20.568324938295024,40300000.0,723900000.0,-776400000.0,1297600000.0,73150000.0,0.0,179900000.0,25.570158484731348,0.0,91.90635451505015,3.5197278911564625,0.0,0.9792576419213974,0.0276281254316894,1.356999995929,1991-09-30,,amc,,2025-04-24,1991-09-30,,26.050625,268800.0
1991-06-30,MOS,USD,1285785,1991-06-30,1991-06-30 00:00:00,1991,Q2,302600000.0,226100000.0,76500000.0,0.2528089888,0,0.0,0.0,19100000.0,21300000.0,40400000.0,266500000.0,0.0,0.0,21300000.0,57400000.0,0.1896893589,36100000.0,0.1192994052,8600000.0,44700000.0,0.1477197621,15400000.0,29300000.0,0.096827495,0.6,0.6,48947368,48947368,,,6.182150590814199,0.5986021556869002,2.104301093370332,0.7967742004023587,0.7926881788618338,14.272473241053532,14.272473241053532,14.272473241053532,12.883225917275062,1150263148.0,1742063148.0,9.814531979522185,3.8012661863846655,11.167603378640775,29.493926871794876,1.6465261208130548,1.6465261208130548,5.756983304692664,30.349532195121952,16.91323444660194,44.66828584615384,0.0254724321568893,0.0339052851235046,0.9026624677927284,0.3625596504340826,10.310104529616725,1.1943434343434345,0.0,3.515358361774744,0.0060855639965264,0.2389078498293515,0.0,0.0,0.0,0.6213592233009708,0.2115003304692663,3.004694835680751,0.0,13.864685286881215,0.0156221453321949,0.0168458575288909,-17.549462516554517,48100000.0,698600000.0,-745100000.0,1269000000.0,81250000.0,0.0,186000000.0,21.652346331791144,0.0,70.29632905793898,4.156593406593407,0.0,1.280294450736127,0.0419410249069567,1.3075268929679733,1991-06-30,,amc,,2025-04-24,1991-06-30,,20.5259375,234106.25
1991-03-31,MOS,USD,1285785,1991-03-31,1991-03-31 00:00:00,1991,Q1,286100000.0,205000000.0,81100000.0,0.2834673191,0,0.0,0.0,17200000.0,23000000.0,40200000.0,245200000.0,0.0,11300000.0,22400000.0,63900000.0,0.2233484796,40900000.0,0.142957008,-12200000.0,28700000.0,0.1003145753,10100000.0,18600000.0,0.0650122335,0.38,0.38,48947368,48947368,,,5.845053813720893,0.3800000032688172,1.3483871083732224,0.4086021540524917,0.0326881723241993,13.320430222111227,13.320430222111227,13.320430222111227,13.324516243651752,1024957885.92,1664257885.92,13.776315670967744,3.58251620384481,15.52966493818182,51.247894296000005,1.572021297423313,1.572021297423313,5.817049583781895,26.044724349295777,25.21602857454545,83.212894296,0.0181470870710992,0.0195129968506443,0.9829754601226994,0.3823757532366804,10.004694835680752,1.3934897079942556,3.6194690265486726,3.548387096774193,0.006634418929219,0.3655913978494624,0.0,0.0,0.0,0.696969696969697,0.1607829430269136,2.0535714285714284,0.0,10.671910765122952,0.0179256240001753,0.0110971899051369,-17.519328107693145,82200000.0,652000000.0,-733000000.0,1260700000.0,89250000.0,0.0,192850000.0,28.217406501223348,0.0,85.78536585365853,3.189520624303233,0.0,1.0491299897645854,0.0285276073619631,0.9397849543207308,1991-03-31,,amc,,2025-04-24,1991-03-31,,19.32032786885246,112645.90163934426
1990-12-31,MOS,USD,1285785,1990-12-31,1990-12-31 00:00:00,1990,Q4,276400000.0,185700000.0,90700000.0,0.3281476122,0,0.0,0.0,15800000.0,23300000.0,39100000.0,224800000.0,0.0,10200000.0,23000000.0,74700000.0,0.270260492,51600000.0,0.1866859624,-10100000.0,41500000.0,0.1501447178,16600000.0,24900000.0,0.0900868307,0.47,0.47,52978723,52978723,,,5.217188794829955,0.4700000035863454,0.6002409684355736,-0.083052209469073,0.1075903622667537,16.11024108678497,16.11024108678497,16.11024108678497,8.367510104009114,923948929.12,1351348929.12,9.276595673895583,3.3427964150506515,29.054997771069186,-209.9883929818182,1.082541217480961,1.082541217480961,4.889106111143271,18.090347110040163,42.49524934339623,-307.12475661818183,0.0269495414900427,-0.004762167974144,0.5074399531341535,0.2633467104463091,5.721552878179384,1.5404255319148936,5.0588235294117645,1.2771084337349397,0.0076844074128234,0.285140562248996,0.0,0.0,0.0,1.1383647798742138,0.1309696092619392,1.5739130434782609,0.0,13.052425092400687,0.0210884817110551,0.0151404596862458,-11.771706917133509,101600000.0,853500000.0,-501500000.0,1257000000.0,79900000.0,0.0,182000000.0,28.914616497829236,0.0,92.22940226171244,3.112612612612613,0.0,0.9758276405675248,0.0291739894551845,0.6832931779046467,1990-12-31,,amc,,2025-04-24,1990-12-31,,17.650625,113015.625
1990-09-30,MOS,USD,1285785,1990-09-30,1990-09-30 00:00:00,1990,Q3,266100000.0,182400000.0,83700000.0,0.3145434047,0,0.0,0.0,13000000.0,23500000.0,36500000.0,218900000.0,0.0,9100000.0,23500000.0,70700000.0,0.2656895904,47200000.0,0.177376926,-9300000.0,37900000.0,0.1424276588,14900000.0,23000000.0,0.0864336716,0.44,0.44,52272727,52272727,,,5.090608722211871,0.4400000022956521,0.1702608704535349,-0.2563478274244234,0.0899130439473724,15.985391387749868,15.985391387749868,15.985391387749868,8.042434824569225,885499995.3800001,1292099995.38,9.62499994978261,3.3276963373919584,99.4943815033708,-66.0820892074627,1.0597175626854956,1.0597175626854956,4.855693331003383,18.275813230268746,145.17977476179777,-96.42537278955224,0.0259740261095426,-0.0151326934725161,0.4922211584490186,0.2578845068656342,5.751060820367751,1.3789189189189188,5.186813186813187,0.3869565217391304,0.0080180689294675,0.308695652173913,0.0,0.0,0.0,2.50561797752809,0.0838030815482901,0.948936170212766,0.0,12.579959283098017,0.0201518217759219,0.0144209668317762,-11.75565223524688,70100000.0,835600000.0,-504200000.0,1212700000.0,62950000.0,0.0,164300000.0,24.01352874859076,0.0,85.70723684210526,3.747887323943662,0.0,1.0500863557858378,0.0275251316419339,0.4266086978779584,1990-09-30,,amc,,2025-04-24,1990-09-30,,17.050476190476193,139028.57142857142
1990-06-30,MOS,USD,1285785,1990-06-30,1990-06-30 00:00:00,1990,Q2,307100000.0,226200000.0,80900000.0,0.2634321068,0,0.0,0.0,16500000.0,27800000.0,44300000.0,270500000.0,0.0,4000000.0,27800000.0,64400000.0,0.2097036796,36600000.0,0.1191794204,-6600000.0,30000000.0,0.0976880495,6200000.0,23800000.0,0.0774991859,0.45,0.45,52812500,52812500,,,5.81491124260355,0.4506508875739645,2.315739644970414,1.6302958579881657,0.5604733727810651,15.52094674556213,15.52094674556213,15.52094674556213,7.772781065088758,927387500.0,1304287500.0,9.741465336134452,3.01982253337675,7.582890433360588,10.771051103368174,1.1313742832743687,1.1313742832743687,4.2471100618690985,20.25291149068323,10.66465658217498,15.148519163763066,0.0256634901807496,0.0928414497715356,0.4959131389532756,0.2565154287877831,5.85248447204969,1.1602079395085063,9.15,5.138655462184874,0.0076879271070615,0.2995667016806723,0.0,0.0,0.0,0.2959934587080948,0.1178769130576359,1.3021582733812949,0.0,12.544994603614054,0.0208203068980352,0.0150186155108222,-11.678579881656804,33900000.0,819700000.0,-519500000.0,1178000000.0,78400000.0,0.0,172600000.0,16.089221751872355,0.0,61.631299734748005,5.593806921675774,0.0,1.460296965784377,0.0290350128095644,0.6854437869822485,1990-06-30,,amc,,2025-04-24,1990-06-30,,16.71047619047619,168847.61904761905
1990-03-31,MOS,USD,1285785,1990-03-31,1990-03-31 00:00:00,1990,Q1,284400000.0,209300000.0,75100000.0,0.2640646976,0,0.0,0.0,15200000.0,21600000.0,36800000.0,246100000.0,0.0,10700000.0,22500000.0,60800000.0,0.2137834037,38300000.0,0.1346694796,-11100000.0,27200000.0,0.0956399437,10300000.0,16900000.0,0.0594233474,0.32,0.32,52812500,52812500,,,5.38508875739645,0.32,2.3176331360946745,2.0487573964497043,0.2366863905325443,15.20284023668639,15.20284023668639,15.20284023668639,8.280236686390532,917881250.0,1331981250.0,13.578124999999998,3.227430555555556,7.499029820261438,8.483190850277264,1.1432074355461452,1.1432074355461452,4.683478375527426,21.90758634868421,10.88219975490196,12.310362754158964,0.0184119677790563,0.1178801724079231,0.5313239506787893,0.2663752731813924,6.810855263157895,1.418231791113147,3.5794392523364484,7.242603550295858,0.0077675489067894,0.421875,0.0,0.0,0.0,0.1160130718954248,0.0499296765119549,0.6311111111111111,0.0,10.462334811319222,0.0170720217924317,0.0105526069310021,-11.635976331360949,91300000.0,802900000.0,-489000000.0,1227700000.0,125600000.0,0.0,188750000.0,32.24683544303797,0.0,81.82990922121357,2.7909715407262023,0.0,1.0998423541776143,0.0210486984680533,0.2688757396449704,1990-03-31,,amc,,2025-04-24,1990-03-31,,17.9468253968254,250968.253968254
1989-12-31,MOS,USD,1285785,1989-12-31,1989-12-31 00:00:00,1989,Q4,263200000.0,178700000.0,84500000.0,0.3210486322,0,0.0,0.0,15700000.0,21100000.0,36800000.0,215500000.0,0.0,11200000.0,18900000.0,66300000.0,0.251899696,47700000.0,0.181231003,-11500000.0,36200000.0,0.1375379939,14300000.0,21900000.0,0.0832066869,0.42,0.42,52142857,52142857,,,5.047671246705948,0.4200000011506849,0.1764383566477763,-0.4334246587217114,0.398904110681929,15.206301411524114,15.206301411524114,15.206301411524114,10.29479454875286,880171426.16,1384971426.1599998,10.047619020091323,3.3441163607902733,95.67080719130432,-38.94563832566372,1.110066119510657,1.110066119510657,5.262049491489361,20.889463441327297,150.54037240869565,-61.28192151150442,0.0248815166558462,-0.0256768162749829,0.662883087400681,0.3157135992311389,7.613876319758672,1.7715959004392388,4.258928571428571,0.4200913242009132,0.0079976303317535,0.3214285705479452,0.0,0.0,0.0,3.4565217391304346,0.1208206686930091,1.6825396825396826,0.0,11.987474660352792,0.0196227269960845,0.0131547333012974,-12.379931540766936,158100000.0,792900000.0,-508900000.0,1303000000.0,126400000.0,0.0,185250000.0,51.05243161094225,0.0,94.28091773922776,1.7628935030140656,0.0,0.9545940170940173,0.027620128641695,0.6098630153694877,1989-12-31,,amc,,2025-04-24,1989-12-31,,,
1989-09-30,MOS,USD,1285785,1989-09-30,1989-09-30 00:00:00,1989,Q3,251000000.0,167700000.0,83300000.0,0.33187251,0,0.0,0.0,14900000.0,23300000.0,38200000.0,205900000.0,0.0,7500000.0,23300000.0,68400000.0,0.2725099602,45100000.0,0.1796812749,-10900000.0,34200000.0,0.1362549801,14200000.0,20000000.0,0.0796812749,0.38,0.38,52631579,52631579,,,4.768999995231,0.37999999962,0.6440999993559,0.4141999995858,1.3603999986396,14.7838999852161,14.7838999852161,14.7838999852161,10.3245999896754,944210527.26,1408510527.2600002,11.802631590750002,3.7617949293227095,27.852817913274336,43.31240950733945,1.21348223526539,1.21348223526539,5.611595726135459,20.59225917046784,41.54898310501475,64.61057464495414,0.021181716812709,0.0230880713258528,0.6887289551471534,0.3257156749528961,6.788011695906433,1.650112866817156,6.013333333333334,1.695,0.0075250836120401,0.35526315825,0.0,0.0,0.0,0.3569321533923303,0.048207171314741,0.51931330472103,0.0,11.242879735512396,0.01808314638728,0.0121558378411232,-11.900174988099826,144000000.0,778100000.0,-501700000.0,1276100000.0,110000000.0,0.0,181350000.0,37.11155378486056,0.0,98.3720930232558,2.42512077294686,0.0,0.9148936170212766,0.0257036370646446,0.2298999997701,1989-09-30,,amc,,2025-04-24,1989-09-30,,,
1989-06-30,MOS,USD,1285785,1989-06-30,1989-06-30 00:00:00,1989,Q2,319700000.0,0.0,319700000.0,1.0,0,0.0,0.0,0.0,-955800000.0,-955800000.0,-955800000.0,0.0,0.0,0.0,-636100000.0,-1.989677823,-636100000.0,-1.989677823,636100000.0,0.0,0.0,0.0,0.0,0.0,0.57,0.57,52631579,52631579,,,6.0742999939257,0.0,,,1.7384999982615,14.5406999854593,14.5406999854593,14.5406999854593,10.6741999893258,881578948.25,1351878948.25,0.0,2.7575193877072257,0.0,0.0,1.1519390412256632,1.1519390412256632,4.228586012668126,-2.125261669941833,0.0,0.0,0.0,,0.7340912060629818,0.3348232910185351,-0.739349158937274,1.4594894561598224,0.0,0.0,0.0080597014925373,0.0,0.0,0.0,0.0,0.0,,0.0,,0.0,,0.0,-12.236474987763524,124200000.0,765300000.0,-518100000.0,1268300000.0,,,,32.79637159837348,0.0,0.0,2.744206008583691,0.0,0.0,0.0,,1989-06-30,,amc,,2025-04-24,1989-06-30,,,
1989-03-31,MOS,USD,1285785,1989-03-31,1989-03-31 00:00:00,1989,Q1,322600000.0,0.0,322600000.0,1.0,0,0.0,0.0,0.0,0.0,0.0,0.0,0.0,0.0,0.0,322600000.0,1.0,322600000.0,1.0,-322600000.0,0.0,0.0,0.0,0.0,0.0,0.74,0.74,52631579,52631579,,,6.1293999938706,0.0,,,,,,,,1204210527.52,,0.0,3.7328286655920646,0.0,0.0,0.0,0.0,,,0.0,0.0,0.0,,0.0,0.0,,0.0,0.0,0.0,0.0054632867132867,0.0,0.0,0.0,0.0,0.0,,0.0,,,0.0,0.0,,,,,,,,,,0.0,0.0,0.0,0.0,0.0,0.0,,1989-03-31,,amc,,2025-04-24,1989-03-31,,,
1988-12-31,MOS,USD,1285785,1988-12-31,1988-12-31 00:00:00,1988,Q4,310800000.0,0.0,310800000.0,1.0,0,0.0,0.0,0.0,0.0,0.0,0.0,0.0,0.0,0.0,310800000.0,1.0,310800000.0,1.0,-310800000.0,0.0,0.0,0.0,0.0,0.0,0.7,0.7,52631579,52631579,,,5.9051999940948,0.0,,,,,,,,1161052632.74,,0.0,3.735690581531532,0.0,0.0,0.0,0.0,,,0.0,0.0,0.0,,0.0,0.0,,0.0,0.0,0.0,0.0056663644605621,0.0,0.0,0.0,0.0,0.0,,0.0,,,0.0,0.0,,,,,,,,,,0.0,0.0,0.0,0.0,0.0,0.0,,1988-12-31,,amc,,2025-04-24,1988-12-31,,,
1988-09-30,MOS,USD,1285785,1988-09-30,1988-09-30 00:00:00,1988,Q3,268600000.0,0.0,268600000.0,1.0,0,0.0,0.0,0.0,0.0,0.0,0.0,0.0,0.0,0.0,268600000.0,1.0,268600000.0,1.0,-268600000.0,0.0,0.0,0.0,0.0,0.0,0.63,0.63,52631579,52631579,,,5.1033999948966,0.0,,,,,,,,983684211.51,,0.0,3.6622643764333582,0.0,0.0,0.0,0.0,,,0.0,0.0,0.0,,0.0,0.0,,0.0,0.0,0.0,0.0066880684858212,0.0,0.0,0.0,0.0,0.0,,0.0,,,0.0,0.0,,,,,,,,,,0.0,0.0,0.0,0.0,0.0,0.0,,1988-09-30,,amc,,2025-04-24,1988-09-30,,,
1988-06-30,MOS,USD,1285785,1988-06-30,1988-06-30 00:00:00,1988,Q2,314900000.0,0.0,314900000.0,1.0,0,0.0,0.0,0.0,-877400000.0,-877400000.0,-877400000.0,0.0,0.0,0.0,-562500000.0,-1.7862813592,-562500000.0,-1.7862813592,562500000.0,0.0,0.0,0.0,0.0,0.0,0.65,0.65,52631579,52631579,,,5.9830999940169,0.0,,,2.7986999972013,9.0458999909541,9.0458999909541,9.0458999909541,9.2225999907774,1036315790.51,1374415790.5100002,0.0,3.290936140076215,0.0,0.0,2.1766767286494435,2.1766767286494435,4.364610322356304,-2.443405849795556,0.0,0.0,0.0,,1.019533711405167,0.329733034440595,-0.6010666666666666,1.628781331028522,0.0,0.0,0.0058405281868969,0.0,0.0,0.0,0.0,0.0,,0.0,,0.0,,0.0,-13.577874986422126,145500000.0,476100000.0,-619100000.0,925500000.0,,,,25.865354080660527,0.0,0.0,3.479558011049724,0.0,0.0,0.0,,1988-06-30,,amc,,2025-04-24,1988-06-30,,,
1988-03-31,MOS,USD,1285785,1988-03-31,1988-03-31 00:00:00,1988,Q1,290900000.0,0.0,290900000.0,1.0,0,0.0,0.0,0.0,0.0,0.0,0.0,0.0,0.0,0.0,290900000.0,1.0,290900000.0,1.0,-290900000.0,0.0,0.0,0.0,0.0,0.0,0.47,0.47,52631579,52631579,,,5.5270999944729,0.0,,,,,,,,792631579.74,,0.0,2.7247562039876247,0.0,0.0,0.0,0.0,,,0.0,0.0,0.0,,0.0,0.0,,0.0,0.0,0.0,0.0046480743691899,0.0,0.0,0.0,0.0,0.0,,0.0,,,0.0,0.0,,,,,,,,,,0.0,0.0,0.0,0.0,0.0,0.0,,1988-03-31,,amc,,2025-04-24,1988-03-31,,,
1987-12-31,MOS,USD,1285785,1987-12-31,1987-12-31 00:00:00,1987,Q4,253400000.0,0.0,253400000.0,1.0,0,0.0,0.0,0.0,0.0,0.0,0.0,0.0,0.0,0.0,253400000.0,1.0,253400000.0,1.0,-253400000.0,0.0,0.0,0.0,0.0,0.0,0.46,0.46,52631579,52631579,,,4.8145999951854,0.0,,,,,,,,605263158.5,,0.0,2.3885681077348067,0.0,0.0,0.0,0.0,,,0.0,0.0,0.0,,0.0,0.0,,0.0,0.0,0.0,,0.0,0.0,0.0,0.0,0.0,,0.0,,,0.0,0.0,,,,,,,,,,0.0,0.0,0.0,0.0,0.0,0.0,,1987-12-31,,amc,,2025-04-24,1987-12-31,,,
1987-09-30,MOS,USD,1285785,1987-09-30,1987-09-30 00:00:00,1987,Q3,226400000.0,0.0,226400000.0,1.0,0,0.0,0.0,0.0,0.0,0.0,0.0,0.0,0.0,0.0,226400000.0,1.0,226400000.0,1.0,-226400000.0,0.0,0.0,0.0,0.0,0.0,0.37,0.37,52631579,52631579,,,4.3015999956984,0.0,,,,,,,,605263158.5,,0.0,2.673423844964664,0.0,0.0,0.0,0.0,,,0.0,0.0,0.0,,0.0,0.0,,0.0,0.0,0.0,,0.0,0.0,0.0,0.0,0.0,,0.0,,,0.0,0.0,,,,,,,,,,0.0,0.0,0.0,0.0,0.0,0.0,,1987-09-30,,amc,,2025-04-24,1987-09-30,,,
