date,symbol,reportedCurrency,cik,fillingDate,acceptedDate,calendarYear,period,revenue,costOfRevenue,grossProfit,grossProfitRatio,researchAndDevelopmentExpenses,generalAndAdministrativeExpenses,sellingAndMarketingExpenses,sellingGeneralAndAdministrativeExpenses,otherExpenses,operatingExpenses,costAndExpenses,interestIncome,interestExpense,depreciationAndAmortization,ebitda,ebitdaratio,operatingIncome,operatingIncomeRatio,totalOtherIncomeExpensesNet,incomeBeforeTax,incomeBeforeTaxRatio,incomeTaxExpense,netIncome,netIncomeRatio,eps,epsdiluted,weightedAverageShsOut,weightedAverageShsOutDil,link,finalLink,revenuePerShare,netIncomePerShare,operatingCashFlowPerShare,freeCashFlowPerShare,cashPerShare,bookValuePerShare,tangibleBookValuePerShare,shareholdersEquityPerShare,interestDebtPerShare,marketCap,enterpriseValue,peRatio,priceToSalesRatio,pocfratio,pfcfRatio,pbRatio,ptbRatio,evToSales,enterpriseValueOverEBITDA,evToOperatingCashFlow,evToFreeCashFlow,earningsYield,freeCashFlowYield,debtToEquity,debtToAssets,netDebtToEBITDA,currentRatio,interestCoverage,incomeQuality,dividendYield,payoutRatio,salesGeneralAndAdministrativeToRevenue,researchAndDdevelopementToRevenue,intangiblesToTotalAssets,capexToOperatingCashFlow,capexToRevenue,capexToDepreciation,stockBasedCompensationToRevenue,grahamNumber,roic,returnOnTangibleAssets,grahamNetNet,workingCapital,tangibleAssetValue,netCurrentAssetValue,investedCapital,averageReceivables,averagePayables,averageInventory,daysSalesOutstanding,daysPayablesOutstanding,daysOfInventoryOnHand,receivablesTurnover,payablesTurnover,inventoryTurnover,roe,capexPerShare,report_date,epsEstimated,time,revenueEstimated,updatedFromDate,fiscalDateEnding,surprise(%),QuarterAvgPrice,QuarterAvgVolume
2025-03-31,MPC,USD,1510295,2025-05-06,2025-05-06 06:31:30,2025,Q1,31850000000.0,29360000000.0,1364000000.0,0.0428257457,0,783000000.0,0.0,783000000.0,1020000000.0,1803000000.0,31163000000.0,46000000.0,334000000.0,793000000.0,1176000000.0,0.0369230769,687000000.0,0.0215698587,-304000000.0,383000000.0,0.0120251177,37000000.0,-74000000.0,-0.0023233909,-0.24,-0.24,313000000,313000000,https://www.sec.gov/Archives/edgar/data/1510295/000151029525000038/0001510295-25-000038-index.htm,https://www.sec.gov/Archives/edgar/data/1510295/000151029525000038/mpcq12025earningsrelease.htm,101.75718849840256,-0.2364217252396166,,,,,,,,45600970000.0,,-154.0573310810811,1.431741601255887,0.0,0.0,0.0,0.0,,,0.0,0.0,-0.0016227724980411,,0.0,0.0,,0.0,2.05688622754491,0.0,0.0062461390623927,-3.849054054054054,0.0245839874411302,0.0,0.0,0.0,,0.0,,,0.0,0.0,,,,,,,,,,,,0.0,0.0,0.0,0.0,,2025-05-06,-0.54208,bmo,31869074549.0,2025-05-11,2025-03-31,-0.5572609208972845,147.99266666666665,2837105.6333333333
2024-12-31,MPC,USD,1510295,2025-02-27,2025-02-27 12:01:38,2024,Q4,33137000000.0,31384000000.0,1753000000.0,0.0529015904,0,804000000.0,0.0,804000000.0,137000000.0,941000000.0,32325000000.0,197000000.0,344000000.0,826000000.0,2066000000.0,0.0623472252,812000000.0,0.0245043305,84000000.0,896000000.0,0.0270392612,111000000.0,371000000.0,0.0111959441,1.16,1.15,320000000,321000000,https://www.sec.gov/Archives/edgar/data/1510295/000151029525000012/0001510295-25-000012-index.htm,https://www.sec.gov/Archives/edgar/data/1510295/000151029525000012/mpc-20241231.htm,103.553125,1.159375,6.896875,4.365625,10.03125,76.58125,50.81875,55.453125,90.94375,44640000000.0,70188000000.0,30.08086253369272,1.3471346229290522,20.226551880380608,31.954187544738726,2.5156382079459,2.5156382079459,2.118115701481728,33.972894482091,31.80244676030811,50.2419470293486,0.0083109318996415,0.0312948028673835,1.620625528317836,0.3646808186867534,12.36592449177154,1.173812839103087,2.36046511627907,2.8114649681528663,0.0065412186379928,0.7870619946091644,0.024262908531249,0.0,0.1045423419310659,0.3670140462165836,0.0244439750128255,0.980629539951574,0.0,38.03349514480213,0.0115681456005984,0.0052539156541195,-118.74765625,3620000000.0,16262000000.0,-29905000000.0,48192000000.0,10662500000.0,13334500000.0,9727000000.0,30.26978905754896,39.87828192709661,27.43818506245221,2.97326155226559,2.256867539191716,3.2801003344481607,0.0209072978303747,2.53125,2025-02-04,0.02199,bmo,33140962219.0,2025-05-04,2024-12-31,34.015916325602554,152.646875,2544974.125
2024-09-30,MPC,USD,1510295,2024-11-05,2024-11-05 13:31:29,2024,Q3,35107000000.0,32990000000.0,2117000000.0,0.0603013644,0,815000000.0,0.0,815000000.0,-47000000.0,768000000.0,33758000000.0,102000000.0,329000000.0,846000000.0,2303000000.0,0.0655994531,1349000000.0,0.0384253853,-221000000.0,1128000000.0,0.0321303444,113000000.0,622000000.0,0.0177172644,1.88,1.87,331000000,332000000,https://www.sec.gov/Archives/edgar/data/1510295/000151029524000079/0001510295-24-000079-index.htm,https://www.sec.gov/Archives/edgar/data/1510295/000151029524000079/mpc-20240930.htm,106.06344410876132,1.8791540785498488,5.087613293051359,3.120845921450151,15.537764350453172,77.6797583081571,52.77341389728097,57.19939577039275,89.8036253776435,53923210000.0,79317210000.0,21.67331591639871,1.5359674708747544,32.020908551068885,52.20059051306873,2.8481070089262137,2.8481070089262137,2.2592990001993902,34.44082066869301,47.1004809976247,76.7833591481123,0.011534921604259,0.0191568714102888,1.5526329688902971,0.3682186564453296,11.02648719062093,1.231678374786406,4.100303951367781,1.6591133004926109,0.0050627549806474,0.4389067524115755,0.0232147434984476,0.0,0.1032655668708428,0.3865795724465558,0.0185433104509072,0.7695035460992907,0.0,49.17769567275099,0.0191409372187715,0.0086884856612049,-109.96978851963746,4881000000.0,17468000000.0,-28172000000.0,48859000000.0,11243500000.0,13814000000.0,9843000000.0,26.097359500954227,34.8187329493786,26.96999090633525,3.448624754420432,2.5848154822533886,3.3370422820149708,0.0328526910685047,1.9667673716012084,2024-11-05,0.98,bmo,34342726082.0,2025-04-25,2024-09-30,0.9081632653061226,169.02015625,2631601.859375
2024-06-30,MPC,USD,1510295,2024-08-06,2024-08-06 13:45:11,2024,Q2,37914000000.0,34783000000.0,3131000000.0,0.0825816321,0,823000000.0,0.0,823000000.0,-214000000.0,609000000.0,35392000000.0,147000000.0,328000000.0,838000000.0,3494000000.0,0.0921559318,2522000000.0,0.066518964,-194000000.0,2328000000.0,0.0614021206,373000000.0,1515000000.0,0.0399588542,4.34,4.33,349000000,350000000,https://www.sec.gov/Archives/edgar/data/1510295/000151029524000068/0001510295-24-000068-index.htm,https://www.sec.gov/Archives/edgar/data/1510295/000151029524000068/mpc-20240630.htm,108.63610315186246,4.340974212034384,9.289398280802292,7.893982808022923,24.35243553008596,80.48137535816619,56.85959885386819,61.10028653295129,87.21776504297995,61001710000.0,86671710000.0,10.066288778877889,1.6089494645777285,18.8160734114744,22.142181488203267,2.860706715438004,2.860706715438004,2.286008070897294,24.805870062965084,26.734025293029,31.459785843920145,0.0248353693691537,0.0451626683907713,1.4120709060213843,0.3532952398831384,7.346880366342301,1.306125,7.689024390243903,1.658312020460358,0.0047539650937654,0.1914191419141914,0.021707021153136,0.0,0.0967276396531696,0.1502159161011721,0.0128448594186843,0.581145584725537,0.0,77.25142253847304,0.0318029381585204,0.0196791582775865,-98.88753581661892,7347000000.0,19844000000.0,-25794000000.0,51464000000.0,12739000000.0,15168000000.0,9790500000.0,29.21427441050799,38.46275479400857,25.35721473133427,3.080685788575608,2.339926000672721,3.5492857142857144,0.0710467079347214,1.3954154727793695,2024-08-06,3.09,bmo,36655673911.0,2025-04-25,2024-06-30,0.3333333333333334,185.9842857142857,2562638.238095238
2024-03-31,MPC,USD,1510295,2024-04-30,2024-04-30 13:01:56,2024,Q1,32706000000.0,30420000000.0,2286000000.0,0.069895432,0,779000000.0,0.0,779000000.0,-277000000.0,502000000.0,30922000000.0,101000000.0,329000000.0,827000000.0,2761000000.0,0.0844187611,1784000000.0,0.0545465664,-179000000.0,1605000000.0,0.0490735645,293000000.0,937000000.0,0.0286491775,2.59,2.58,361000000,362000000,https://www.sec.gov/Archives/edgar/data/1510295/000151029524000047/0001510295-24-000047-index.htm,https://www.sec.gov/Archives/edgar/data/1510295/000151029524000047/mpc-20240331.htm,90.5983379501385,2.595567867036011,4.243767313019391,2.623268698060942,20.980609418282548,82.46814404432133,59.63157894736842,63.49584487534626,79.94459833795014,73792010000.0,99148010000.0,19.68836979722519,2.2562224056748,48.16710835509138,77.92186906019008,3.219265770875142,3.219265770875142,3.031492998226625,35.91018109380659,64.71802219321148,104.69694825765576,0.0126978517050829,0.0128333677318181,1.2446994154087776,0.3335866616780469,9.1836291198841,1.434800569146739,5.422492401215806,1.1676829268292683,0.0040519291993808,0.3191035218783351,0.023818259646548,0.0,0.0963894864839584,0.3818537859007833,0.0178866263070996,0.7073760580411125,0.0,60.89478573405869,0.0218737474341236,0.0121241136587133,-92.56024930747922,9473000000.0,21527000000.0,-24497000000.0,53935000000.0,12679000000.0,14616000000.0,9549000000.0,36.24380847550909,45.77218934911242,28.937869822485208,2.483182749981019,1.966259453170448,3.110111440548001,0.0408777593578221,1.6204986149584488,2024-04-30,2.42,bmo,32071573397.0,2025-04-25,2024-03-31,0.0661157024793389,171.01131147540983,2901734.819672131
2023-12-31,MPC,USD,1510295,2024-02-28,2024-02-28 14:31:30,2023,Q4,36334000000.0,33334000000.0,3000000000.0,0.0825672923,0,888000000.0,-68000000.0,820000000.0,214000000.0,820000000.0,34154000000.0,191000000.0,336000000.0,828000000.0,2958000000.0,0.0814113503,2180000000.0,0.0599988991,104000000.0,2284000000.0,0.0628612319,407000000.0,1451000000.0,0.0399350471,3.85,3.84,376000000,377000000,https://www.sec.gov/Archives/edgar/data/1510295/000151029524000015/0001510295-24-000015-index.htm,https://www.sec.gov/Archives/edgar/data/1510295/000151029524000015/mpc-20231231.htm,96.63297872340424,3.859042553191489,2.9867021276595747,1.571808510638298,27.19148936170213,83.50797872340425,61.58244680851064,64.90425531914893,76.69414893617021,55783360000.00001,78841360000.0,9.61119228118539,1.5352936643364343,49.67351736420303,94.38808798646365,2.28582855269628,2.28582855269628,2.1699058732867287,26.653603786342124,70.20601959038291,133.40331641285957,0.0260113410163891,0.0105945572299696,1.1678823143746926,0.3314570807215044,7.795131845841785,1.594590570719603,6.488095238095238,0.5982951518380394,0.0055751392529958,0.2143349414197105,0.0244399185336048,0.0,0.0958749578424645,0.4737310774710596,0.014641933175538,0.642512077294686,0.0,75.07020961137326,0.0262514821496003,0.0186640597867332,-81.29055851063829,11981000000.0,23155000000.0,-22457000000.0,56570000000.0,12328000000.0,14800000000.0,9730000000.0,30.1874277536192,37.15395692086158,25.15539689206216,2.9813735948141464,2.4223530266695734,3.577761081893313,0.0594574659891821,1.4148936170212767,2024-01-30,2.2,bmo,34659700000.0,2025-04-25,2023-12-31,0.809090909090909,148.50666666666666,3079034.1428571427
2023-09-30,MPC,USD,1510295,2023-10-31,2023-10-31 13:01:35,2023,Q3,41032000000.0,35936000000.0,5096000000.0,0.1241957497,0,804000000.0,20000000.0,824000000.0,361000000.0,824000000.0,36760000000.0,182000000.0,331000000.0,845000000.0,5293000000.0,0.1289968805,4272000000.0,0.1041138624,-118000000.0,4635000000.0,0.1129606161,1004000000.0,3280000000.0,0.0799376097,8.32,8.28,394000000,396000000,https://www.sec.gov/Archives/edgar/data/1510295/000151029523000078/0001510295-23-000078-index.htm,https://www.sec.gov/Archives/edgar/data/1510295/000151029523000078/mpc-20230930.htm,104.14213197969544,8.3248730964467,12.571065989847716,11.50507614213198,33.13705583756345,83.24365482233503,62.31979695431472,65.63959390862944,73.38578680203045,59627960000.0,79758960000.0,4.544814024390244,1.453206278026906,12.038756309307493,13.154193690712551,2.305620601654938,2.305620601654938,1.9438233573796064,15.068762516531269,16.103161720169595,17.595181998676374,0.0550077513971633,0.0760213832571163,1.1052122805660816,0.3176983183096399,3.8033251464198,1.6689671037497125,12.906344410876132,1.3640870283668411,0.0049808848063894,0.0905487804878048,0.0195944628582569,0.0,0.0916315619824606,0.0847970926711084,0.0102359134334178,0.4970414201183432,0.0,110.88250092468066,0.0481487989628517,0.0401345977363108,-75.35977157360406,14540000000.0,24554000000.0,-20896000000.0,58784000000.0,11371500000.0,14445500000.0,9839500000.0,27.3496295574186,39.668020926090826,25.402660284951025,3.290720988050365,2.2688301029105373,3.5429360149857043,0.1268270048720129,1.065989847715736,2023-10-31,7.75,bmo,40047700000.0,2025-04-25,2023-09-30,0.0503225806451613,139.40285714285713,3393472.888888889
2023-06-30,MPC,USD,1510295,2023-08-01,2023-08-01 13:00:10,2023,Q2,36385000000.0,32549000000.0,3836000000.0,0.105428061,0,704000000.0,0.0,704000000.0,269000000.0,704000000.0,33253000000.0,150000000.0,330000000.0,834000000.0,3952000000.0,0.108616188,3132000000.0,0.0860794283,-142000000.0,3163000000.0,0.0869314278,583000000.0,2226000000.0,0.0611790573,5.34,5.31,417000000,419000000,https://www.sec.gov/Archives/edgar/data/1510295/000151029523000069/0001510295-23-000069-index.htm,https://www.sec.gov/Archives/edgar/data/1510295/000151029523000069/mpc-20230630.htm,87.25419664268586,5.338129496402877,9.553956834532372,8.400479616306955,27.467625899280577,78.10071942446044,58.33093525179856,61.66426858513189,69.29256594724221,48622200000.0,69842200000.0,5.460714285714285,1.3363254088223169,12.204367469879518,13.880159862974594,1.8908843431593685,1.8908843431593685,1.919532774494984,17.67262145748988,17.53067269076305,19.93782472166714,0.0457815565729234,0.07204527972819,1.1108734541494905,0.3304527891534208,5.369433198380567,1.844326119317531,9.49090909090909,1.544186046511628,0.0064990888935506,0.141958670260557,0.0193486326783015,0.0,0.0953703061012008,0.1207329317269076,0.0132197334066236,0.5767386091127098,0.0,86.06025010240815,0.0367738175530592,0.0284662011816159,-71.81414868105516,14747000000.0,24324000000.0,-21661000000.0,59338000000.0,10208500000.0,13041500000.0,9902000000.0,25.413219733406624,36.0895880057759,26.367630341945983,3.541463889429628,2.4937940545510267,3.4132760067114094,0.0865676285292058,1.1534772182254196,2023-08-01,4.59,bmo,34109000000.0,2025-04-25,2023-06-30,0.1590413943355121,116.2633870967742,3945905.822580645
2023-03-31,MPC,USD,1510295,2023-05-02,2023-05-02 13:01:45,2023,Q1,34864000000.0,30094000000.0,4770000000.0,0.1368173474,0,668000000.0,0.0,668000000.0,41000000.0,709000000.0,30803000000.0,143000000.0,311000000.0,800000000.0,4748000000.0,0.136186324,4061000000.0,0.116481184,-154000000.0,3907000000.0,0.1120640202,823000000.0,2724000000.0,0.0781321707,6.13,6.09,444000000,447000000,https://www.sec.gov/Archives/edgar/data/1510295/000151029523000047/0001510295-23-000047-index.htm,https://www.sec.gov/Archives/edgar/data/1510295/000151029523000047/mpc-20230331.htm,78.52252252252252,6.135135135135135,9.137387387387388,8.108108108108109,25.792792792792792,75.81756756756756,57.25,60.490990990990994,64.98423423423424,59864520000.00001,80446520000.0,5.494174008810573,1.717086966498394,14.755859009120044,16.629033333333336,2.2289269491399213,2.2289269491399213,2.307438044974759,16.94324347093513,19.829065812176484,22.346255555555555,0.0455027451986585,0.0601357866061566,1.0627001265917044,0.3279295012465962,4.334877843302444,1.9045553145336225,13.057877813504824,1.3154993514915694,0.005629377801743,0.1237151248164464,0.0191601652134006,0.0,0.0947183381780162,0.1126448114370224,0.0131080770995869,0.57125,0.0,91.37947851804236,0.0454953984079667,0.0345715989999111,-65.72240990990991,15429000000.0,25419000000.0,-20888000000.0,60333000000.0,11810000000.0,14171500000.0,9547500000.0,26.183742542450663,38.97089120754968,30.70778228218249,3.4372473627132014,2.3094160079809685,2.930853135956369,0.1014222950331372,1.029279279279279,2023-05-02,5.74,bmo,35571000000.0,2025-04-25,2023-03-31,0.0609756097560975,125.12096774193547,3940588.322580645
2022-12-31,MPC,USD,1510295,2023-02-23,2023-02-23 13:32:52,2022,Q4,39918000000.0,33575000000.0,6343000000.0,0.1589007465,0,0.0,0.0,763000000.0,841000000.0,1604000000.0,35179000000.0,139000000.0,324000000.0,797000000.0,5362000000.0,0.134325367,4564000000.0,0.1143343855,-186000000.0,4553000000.0,0.1140588206,984000000.0,3321000000.0,0.0831955509,7.14,7.09,465000000,468000000,https://www.sec.gov/Archives/edgar/data/1510295/000151029523000012/0001510295-23-000012-index.htm,https://www.sec.gov/Archives/edgar/data/1510295/000151029523000012/mpc-20221231.htm,85.84516129032258,7.141935483870967,9.423655913978497,7.862365591397849,25.311827956989248,75.45591397849462,57.72688172043011,59.60215053763441,60.71612903225807,54121350000.0,73405350000.0,4.074175700090335,1.3558131669923343,12.350832952989505,14.803432713347922,1.9527818870647664,1.9527818870647664,1.838903502179468,13.68991980604252,16.75156321314468,20.07804978118162,0.0613621057124406,0.067551899573828,1.0069998195922785,0.3104311265349706,3.596419246549795,1.7603396603396604,14.08641975308642,1.2035155177149135,0.0064854258070059,0.1056910569105691,0.0,0.0,0.0916978109983982,0.1656777727065267,0.0181872839320607,0.9109159347553324,0.0,97.86562757881022,0.0501643717767438,0.0406686260102865,-61.34569892473118,15222000000.0,26843000000.0,-19575000000.0,60337000000.0,13467500000.0,15997000000.0,9330500000.0,30.385540357733355,41.04482501861504,23.661355174981384,2.961935148771982,2.192724660397074,3.803670556247875,0.1198268085874075,1.5612903225806452,2023-01-31,5.67,bmo,33925034667.0,2025-04-25,2022-12-31,0.1728395061728395,113.96825396825396,3679135.444444445
2022-09-30,MPC,USD,1510295,2022-11-01,2022-11-01 13:01:48,2022,Q3,45787000000.0,39615000000.0,6172000000.0,0.1347980868,0,0.0,0.0,712000000.0,226000000.0,936000000.0,40551000000.0,59000000.0,303000000.0,794000000.0,6256000000.0,0.1366326687,6686000000.0,0.1460239806,-240000000.0,6446000000.0,0.1407823181,1426000000.0,4475000000.0,0.097735165,9.12,9.06,491000000,494000000,https://www.sec.gov/Archives/edgar/data/1510295/000151029522000077/0001510295-22-000077-index.htm,https://www.sec.gov/Archives/edgar/data/1510295/000151029522000077/mpc-20220930.htm,93.25254582484725,9.114052953156822,5.120162932790224,3.6924643584521375,22.67820773930753,68.78818737270876,51.9979633401222,53.57230142566191,57.431771894093686,48771030000.0,69291030000.0,2.724638547486033,1.0651719920501452,19.39977326968973,26.90073359073359,1.8541297901459857,1.8541297901459857,1.513334134142879,11.075931905370844,27.56206443914081,38.21899062327634,0.0917552899743966,0.0371737074242639,1.0605231143552312,0.3110129997547216,3.2800511508951407,1.6554846579712863,22.066006600660067,0.500796812749004,0.0058436329927828,0.0636871508379888,0.0,0.0,0.091912502508529,0.2788385043754972,0.0153100224954681,0.8828715365239295,0.0,104.8134906410388,0.0745985846322957,0.0549416820135052,-60.63849287169043,13971000000.0,25531000000.0,-20634000000.0,58799000000.0,15381500000.0,19592000000.0,10441000000.0,26.45336012405268,37.89928057553957,22.34153729647861,3.402214296329321,2.3747152619589977,4.028370957901159,0.1701262165450121,1.4276985743380854,2022-11-01,7.07,bmo,35849384000.0,2025-04-25,2022-09-30,0.1046676096181045,93.61296875,4817009.953125
2022-06-30,MPC,USD,1510295,2022-08-02,2022-08-02 13:01:39,2022,Q2,54238000000.0,44207000000.0,10031000000.0,0.1849441351,0,0.0,0.0,726000000.0,1008000000.0,1734000000.0,45941000000.0,18000000.0,299000000.0,819000000.0,8929000000.0,0.1646262768,8296000000.0,0.1529554925,-312000000.0,8016000000.0,0.1477930602,1799000000.0,5870000000.0,0.1082267045,11.03,10.95,532000000,536000000,https://www.sec.gov/Archives/edgar/data/1510295/000151029522000063/0001510295-22-000063-index.htm,https://www.sec.gov/Archives/edgar/data/1510295/000151029522000063/mpc-20220630.htm,101.95112781954889,11.033834586466163,13.06766917293233,12.13157894736842,25.035714285714285,63.287593984962406,47.79135338345865,49.44736842105263,53.276315789473685,43735720000.0,62701720000.0,1.862679727427598,0.8063667539363546,6.291098964326812,6.776529284164859,1.6625758382118148,1.6625758382118148,1.1560477893727643,7.022255571732557,9.019234752589185,9.715171986365045,0.1342152364245975,0.1475681662494638,1.066068577510834,0.289899418009655,2.1240900436779038,1.4914723775363083,27.745819397993312,1.1182242239022036,0.0071566216355875,0.0533219761499148,0.0,0.0,0.0852207531761373,0.0716340621403912,0.0091817544894723,0.608058608058608,0.0,110.79651117076644,0.0922090154295439,0.0663329302882713,-58.73355263157895,13976000000.0,25425000000.0,-20655000000.0,60558000000.0,16483000000.0,21146500000.0,10265000000.0,28.715107489214205,45.8112968534395,22.49236546248332,3.1342386593470097,1.9645809261398988,4.001357711803041,0.2231430091994221,0.9360902255639098,2022-08-02,8.04,bmo,40342661400.0,2025-04-25,2022-06-30,0.3196517412935324,93.4932258064516,6706388.645161291
2022-03-31,MPC,USD,1510295,2022-05-03,2022-05-03 14:59:31,2022,Q1,38384000000.0,35068000000.0,3316000000.0,0.0863901626,0,0.0,0.0,582000000.0,998000000.0,1580000000.0,36648000000.0,5000000.0,287000000.0,805000000.0,2418000000.0,0.0629949979,1737000000.0,0.0452532305,-262000000.0,1454000000.0,0.0378803668,282000000.0,845000000.0,0.022014381,1.5,1.48,564000000,570000000,https://www.sec.gov/Archives/edgar/data/1510295/000151029522000039/0001510295-22-000039-index.htm,https://www.sec.gov/Archives/edgar/data/1510295/000151029522000039/mpc-20220331.htm,68.05673758865248,1.49822695035461,4.455673758865248,3.578014184397163,18.78900709219858,55.49468085106383,40.8563829787234,42.50354609929078,50.2145390070922,48222000000.0,69108000000.0,14.266863905325444,1.2563047102959566,19.18901711102268,23.89593657086224,2.011596863006841,2.011596863006841,1.8004376823676531,28.580645161290324,27.500198965380022,34.24578790882062,0.0175231222263697,0.0418481191157562,1.1694476889704657,0.3082285161403817,8.63771712158809,1.4485668789808916,6.052264808362369,2.14419795221843,0.006843349508523,0.3905325443786982,0.0,0.0,0.0907731550708065,0.1969757262236371,0.0128959983326386,0.6149068322981367,0.0,37.85233230147031,0.02079571037321,0.0102181483989552,-57.746897163120565,11268000000.0,23043000000.0,-23265000000.0,58000000000.0,13347500000.0,16745500000.0,8768500000.0,36.72076907044602,50.79246036272385,24.335006273525725,2.450929059447034,1.7719165277146178,3.6983758700696057,0.0352494577006507,0.8776595744680851,2022-05-03,1.11,bmo,30825524750.0,2025-04-25,2022-03-31,0.3423423423423422,76.02451612903226,7189780.0
2021-12-31,MPC,USD,1510295,2022-02-24,2022-02-24 13:07:50,2021,Q4,35438000000.0,32184000000.0,3254000000.0,0.0918223376,0,0.0,0.0,654000000.0,956000000.0,1610000000.0,33794000000.0,6000000.0,302000000.0,813000000.0,2423000000.0,0.068372933,1610000000.0,0.0454314578,-430000000.0,1348000000.0,0.038038264,243000000.0,774000000.0,0.0218409617,1.28,1.27,606606597,609000000,https://www.sec.gov/Archives/edgar/data/1510295/000151029522000011/0001510295-22-000011-index.htm,https://www.sec.gov/Archives/edgar/data/1510295/000151029522000011/mpc-20211231.htm,58.420070232107946,1.2759505152562658,6.0566436602732825,5.263708004151495,17.868252758220496,55.35877810441946,41.74863927501929,43.20098088217791,44.84949575976999,38816756142.03,60429756142.03,12.537711932180231,1.0953427434400924,10.56525752368808,12.156829358606323,1.4812163680847898,1.4812163680847898,1.7052247909597045,24.94005618738341,16.447946690808383,18.9256987604228,0.0199398424012543,0.0822582904227456,1.0266351217278489,0.3151347615756738,8.919933966157656,1.703877528215443,5.33112582781457,3.3248868778280545,0.0091197728811938,0.4573643410852713,0.0,0.0,0.0967050472631862,0.1309199782253674,0.0135730007336757,0.5916359163591636,0.0,35.21721256522579,0.0192712170678346,0.0100366974856387,-47.22995124301294,12598000000.0,25325000000.0,-21296000000.0,59666000000.0,10272500000.0,12948000000.0,8633000000.0,28.02246176420791,38.31096196868009,22.5251677852349,3.211709262280225,2.3491970802919706,3.995530726256983,0.029535220941769,0.792935656121788,2022-02-02,0.56,bmo,21163216000.0,2025-04-25,2021-12-31,1.3214285714285714,64.26265625,6315198.046875
2021-09-30,MPC,USD,1510295,2021-11-02,2021-11-02 13:11:26,2021,Q3,32491000000.0,29563000000.0,2928000000.0,0.0901172632,0,0.0,0.0,691000000.0,917000000.0,1608000000.0,31171000000.0,5000000.0,323000000.0,823000000.0,2044000000.0,0.0629097288,1208000000.0,0.0371795266,-328000000.0,1012000000.0,0.0311470869,18000000.0,694000000.0,0.0213597612,1.1,1.09,636697247,637000000,https://www.sec.gov/Archives/edgar/data/1510295/000151029521000127/0001510295-21-000127-index.htm,https://www.sec.gov/Archives/edgar/data/1510295/000151029521000127/mpc-20210930.htm,51.030533197829264,1.090000001209366,-1.8030547570437352,-2.395172913320293,20.77282423054045,56.48524501944328,43.51832857854339,44.416714746687134,45.68105192388244,39354256837.07,62242256837.07,14.176605488858067,1.211235629468776,-34.28071153054878,-25.80607005709508,1.39159324034901,1.39159324034901,1.9156768593478195,30.45120197508317,-54.217993760513934,-40.81459464725901,0.017634686963426,-0.0387505729383642,1.017043847241867,0.3220828667413213,11.197651663405088,2.0205349745532017,3.739938080495356,-1.1145631067961166,0.0094017783522588,0.5331412103746398,0.0,0.0,0.0924524076147816,-0.328397212543554,0.0116032131975008,0.450956937799043,0.0,33.004847073893764,0.0162716690299112,0.0085632495928137,-44.560032470189086,17245000000.0,27708000000.0,-19193000000.0,64555000000.0,9641000000.0,12183000000.0,9045000000.0,26.345449509094827,37.12884348679092,28.041470757365627,3.4161497213752496,2.423991472613972,3.2095320812072523,0.0245403111739745,0.5921181562765576,2021-11-02,0.72,bmo,23133300000.0,2025-04-25,2021-09-30,0.0138888888888889,57.50890625,5607676.171875
2021-06-30,MPC,USD,1510295,2021-08-04,2021-08-04 13:08:33,2021,Q2,29734000000.0,27177000000.0,2557000000.0,0.0859958297,0,0.0,0.0,681000000.0,967000000.0,1648000000.0,28825000000.0,2000000.0,318000000.0,828000000.0,1687000000.0,0.056736396,816000000.0,0.0274433309,-372000000.0,593000000.0,0.019943499,5000000.0,298000000.0,0.0100221968,0.46,0.45,654000000,662222222,https://www.sec.gov/Archives/edgar/data/1510295/000151029521000114/0001510295-21-000114-index.htm,https://www.sec.gov/Archives/edgar/data/1510295/000151029521000114/mpc-20210630.htm,45.46483180428135,0.45565749235474,2.110091743119266,1.6483180428134556,26.3868501529052,56.10550458715596,43.48165137614679,44.2217125382263,46.07186544342508,39514680000.0,57488680000.0,33.149899328859064,1.328939261451537,28.633826086956525,36.65554730983303,1.3662971543169324,1.3662971543169324,1.933432434250353,34.07746295198577,41.65846376811594,53.32901669758812,0.0075415010320215,0.0272810003775811,1.0308426402959787,0.3161505832449628,10.65441612329579,1.977859778597786,2.5660377358490565,0.1567825494205862,0.0096419862187926,1.278523489932886,0.0,0.0,0.0875503711558854,0.2188405797101449,0.0101567229434317,0.3467278989667049,0.0,21.292580385265858,0.0107408600733495,0.0034633443354562,-43.70374617737003,19080000000.0,28437000000.0,-19015000000.0,66832000000.0,8619500000.0,11061500000.0,8643000000.0,29.57523373915383,40.302461640357656,29.40390771608345,3.0430866850885274,2.233114215283484,3.0608176596463568,0.0103039313993292,0.4617737003058104,2021-08-04,0.45,bmo,21822500000.0,2025-04-25,2021-06-30,0.4888888888888889,58.62190476190476,6939355.555555556
2021-03-31,MPC,USD,1510295,2021-05-06,2021-05-06 13:06:20,2021,Q1,22788000000.0,21084000000.0,1704000000.0,0.074776198,0,0.0,0.0,575000000.0,932000000.0,1507000000.0,22591000000.0,1000000.0,354000000.0,844000000.0,967000000.0,0.0424346147,123000000.0,0.0053975777,-353000000.0,-136000000.0,-0.0059680534,34000000.0,-476000000.0,-0.0208881868,-0.73,-0.73,651000000,651000708,https://www.sec.gov/Archives/edgar/data/1510295/000151029521000070/0001510295-21-000070-index.htm,https://www.sec.gov/Archives/edgar/data/1510295/000151029521000070/mpc-20210331.htm,35.004608294930875,-0.7311827956989247,0.6973886328725039,0.2304147465437788,0.9585253456221198,45.2826420890937,32.60061443932412,33.16743471582181,52.71274961597543,34821990000.0,68159990000.0,-18.288860294117647,1.5280845181674565,76.70041850220264,232.1466,1.6127264727676918,1.6127264727676918,2.9910474811304195,70.48602895553257,150.13213656387666,454.3999333333333,-0.0136695231949696,0.0043076228555576,1.5728973693960726,0.3919400814762668,34.47569803516029,1.887534970469381,0.3474576271186441,7.09375,0.0108839270817089,-0.7962184873949579,0.0,0.0,0.0952787619300412,0.6696035242290749,0.013340354572582,0.3601895734597156,0.0,,0.0021111675614813,-0.0060718158045793,-71.8026113671275,14276000000.0,21223000000.0,-26811000000.0,62537000000.0,6614000000.0,8878000000.0,8203000000.0,29.494470774091628,42.48577120091065,35.886454183266935,3.0514193893947508,2.118356274490103,2.507910074937552,-0.0220452019266394,0.466973886328725,2021-05-04,-0.72,bmo,19273300000.0,2025-04-25,2021-03-31,-0.7222222222222223,50.5072131147541,6394795.639344262
2020-12-31,MPC,USD,1510295,2021-02-26,2021-02-26 08:25:25,2020,Q4,18020000000.0,16031000000.0,1989000000.0,0.1103773585,0,0.0,0.0,639000000.0,959000000.0,1598000000.0,17629000000.0,0.0,334000000.0,849000000.0,1229000000.0,0.0682019978,380000000.0,0.0210876804,-283000000.0,57000000.0,0.0031631521,193000000.0,-40000000.0,-0.0022197558,-0.0615,-0.0615,650000000,650004875,https://www.sec.gov/Archives/edgar/data/1510295/000151029521000027/0001510295-21-000027-index.htm,https://www.sec.gov/Archives/edgar/data/1510295/000151029521000027/mpc-20201231.htm,27.723076923076924,-0.0615384615384615,2.043076923076923,1.34,0.6384615384615384,46.49230769230769,33.79076923076923,34.152307692307694,51.42923076923077,26884000000.0,59564000000.0,-168.02499999999998,1.4918978912319645,20.24397590361446,30.86567164179105,1.2110455425920086,1.2110455425920086,3.3054384017758047,48.465419039869815,44.85240963855421,68.3857634902411,-0.0014878738282993,0.0323984526112185,1.4908329204018198,0.3886305455741093,26.590724165988608,1.8059758666922048,1.1377245508982037,2.313588850174216,0.0140232108317214,-9.425,0.0,0.0,0.0969492003100119,0.3441265060240964,0.0253607103218645,0.5382803297997645,0.0,,-0.0124463480035508,-0.0005201425190502,-71.0823076923077,12624000000.0,21964000000.0,-26651000000.0,61436000000.0,5335500000.0,7252000000.0,7701000000.0,28.76803551609323,43.80699893955462,44.90736697648307,3.1284722222222223,2.054466230936819,2.004125515689461,-0.0018018829677012,0.703076923076923,2021-02-02,-1.42,bmo,23962666666.0,2025-04-25,2020-12-31,-0.3380281690140845,35.89078125,6926118.703125
2020-09-30,MPC,USD,1510295,2020-11-06,2020-11-06 08:02:28,2020,Q3,17430000000.0,16143000000.0,1287000000.0,0.07383821,0,0.0,0.0,679000000.0,1681000000.0,2360000000.0,18503000000.0,1000000.0,354000000.0,830000000.0,-242000000.0,-0.0138841079,-400000000.0,-0.0229489386,-359000000.0,-1416000000.0,-0.0812392427,436000000.0,-1257000000.0,-0.0721170396,-1.93,-1.93,650000000,650000051,https://www.sec.gov/Archives/edgar/data/1510295/000151029520000108/0001510295-20-000108-index.htm,https://www.sec.gov/Archives/edgar/data/1510295/000151029520000108/mpc-20200930x10q.htm,26.815384615384616,-1.933846153846153,2.0323076923076924,1.0569230769230769,0.9507692307692308,46.94461538461538,34.24307692307692,34.543076923076924,52.12,19071000000.0,51977000000.0,-3.7929594272076375,1.0941480206540448,14.436790310370933,27.75982532751092,0.8493742484300538,0.8493742484300538,2.9820424555364315,-214.7809917355372,39.34670704012112,75.65793304221252,-0.0659115935189554,0.0360232814220544,1.493074422126219,0.3990002380385622,-135.97520661157026,1.8391127333988488,-1.1299435028248588,-2.1691297208538587,0.0198206701274185,-0.3007159904534606,0.0,0.0,0.0982623184955962,0.4799394398183194,0.0363740676993689,0.763855421686747,0.0,,-0.0071858229765525,-0.0165909930837864,-70.005,11954000000.0,22258000000.0,-27306000000.0,61607000000.0,4636000000.0,6405500000.0,7744500000.0,25.35800344234079,37.35922690949638,41.27299758409218,3.5491753207086134,2.4090434263542755,2.180602458462785,-0.05598361020799,0.9753846153846154,2020-11-02,-1.75,bmo,29593600000.0,2025-04-25,2020-09-30,-0.4285714285714285,35.13765625,7602897.171875
2020-06-30,MPC,USD,1510295,2020-08-03,2020-08-03 16:17:20,2020,Q2,12219000000.0,10032000000.0,2187000000.0,0.1789835502,0,0.0,0.0,664000000.0,954000000.0,1618000000.0,11650000000.0,2000000.0,347000000.0,833000000.0,1353000000.0,0.1107291922,520000000.0,0.042556674,-341000000.0,234000000.0,0.0191505033,150000000.0,-183000000.0,-0.0149766757,-0.28,-0.28,650000000,650001065,https://www.sec.gov/Archives/edgar/data/1510295/000151029520000083/0001510295-20-000083-index.htm,https://www.sec.gov/Archives/edgar/data/1510295/000151029520000083/mpc-20200630x10q.htm,18.79846153846153,-0.2815384615384615,0.8276923076923077,-0.3184615384615384,1.6784615384615384,48.949230769230766,29.39538461538461,36.52461538461539,53.82769230769231,24297000000.0,57847000000.0,-33.19262295081968,1.988460594156641,45.16171003717472,-117.3768115942029,1.023419401036182,1.023419401036182,4.7341844668139785,42.754619364375465,107.52230483271376,-279.45410628019323,-0.0075317940486479,-0.0085195703173231,1.4591213512488943,0.4095019682479637,24.796747967479675,1.2728616133518775,1.4985590778097984,1.9492753623188408,0.0155574762316335,-2.065573770491804,0.0,0.0,0.1502488385563817,1.3847583643122676,0.0609706195269662,0.8943577430972389,0.0,,0.0024747334137621,-0.0025458035975126,-68.26346153846154,3139000000.0,19107000000.0,-38133000000.0,63328000000.0,4972000000.0,7108000000.0,7765500000.0,32.1212865209919,54.8145933014354,72.54186602870813,2.801880302682871,1.64189852700491,1.2406628741033885,-0.0077081841539951,1.146153846153846,2020-08-03,-1.86,bmo,19768421052.0,2025-04-25,2020-06-30,-0.2849462365591398,32.13079365079365,10506858.15873016
2020-03-31,MPC,USD,1510295,2020-05-07,2020-05-07 09:10:37,2020,Q1,22227000000.0,23527000000.0,-1300000000.0,-0.0584874252,0,821000000.0,-82000000.0,739000000.0,10136000000.0,10875000000.0,34402000000.0,6000000.0,347000000.0,863000000.0,-10846000000.0,-0.4879650875,-3100000000.0,-0.1394700139,-670000000.0,-12487000000.0,-0.5617942142,1951000000.0,-9552000000.0,-0.4297476043,-14.74,-14.74,648000000,648000032,https://www.sec.gov/Archives/edgar/data/1510295/000151029520000066/0001510295-20-000066-index.htm,https://www.sec.gov/Archives/edgar/data/1510295/000151029520000066/mpc-20200331x10q.htm,34.300925925925924,-14.74074074074074,-1.1851851851851851,-2.6527777777777777,2.6080246913580245,49.68518518518518,30.070987654320987,37.17283950617284,53.29475308641975,15305760000.0,47803760000.0,-0.4005904522613066,0.6886111486030504,-19.929375,-8.903874345549738,0.6354101627366323,0.6354101627366323,2.1507067980384216,-4.4075013829983405,-62.244479166666665,-27.809051774287376,-0.6240787781854674,-0.1123106595164173,1.4192959149784126,0.3960749330954505,-2.996312004425594,1.1565332743754146,-8.93371757925072,0.0751614797416324,0.0246312499346651,-0.0394681742043551,0.0369370585324155,0.0,0.1472479349374978,-1.23828125,0.0427858010527736,1.1019698725376594,0.0,,-0.0477353468702699,-0.129770266414879,-68.70563271604938,2124000000.0,19486000000.0,-38428000000.0,62729000000.0,6408000000.0,9664000000.0,8624500000.0,22.60628964772574,31.0086283844094,28.48004420453097,3.981192907039226,2.902417962003454,3.1601074546675623,-0.3965459980073065,1.4675925925925926,2020-05-05,-0.24,bmo,48854062500.0,2025-04-25,2020-03-31,-0.3333333333333333,46.0758064516129,9675775.564516127
2019-12-31,MPC,USD,1510295,2020-02-28,2020-02-28 16:23:56,2019,Q4,28042000000.0,24602000000.0,3440000000.0,0.1226731332,0,790000000.0,9000000.0,799000000.0,2085000000.0,2884000000.0,27486000000.0,10000000.0,315000000.0,978000000.0,1832000000.0,0.0653305756,1637000000.0,0.0583767206,-19000000.0,261000000.0,0.0093074674,184000000.0,258000000.0,0.009200485,0.4,0.4,648000241,653000000,https://www.sec.gov/Archives/edgar/data/1510295/000151029520000006/0001510295-20-000006-index.htm,https://www.sec.gov/Archives/edgar/data/1510295/000151029520000006/mpc-20191231x10k.htm,43.27467526358528,0.3981480000715,3.717591209969936,1.3240735816331275,2.149690558525579,66.52312340729516,42.37189782156269,51.996894241895816,47.61263661320151,39042014520.25,68187014520.25,37.831409418846896,1.3922692575511733,16.206730809568285,45.5035134268648,1.158723052182881,1.158723052182881,2.431603113909493,37.21998609183952,28.305111880552097,79.47204489539627,0.0066082655613526,0.0219763250063589,0.906333471834748,0.3098542960347417,15.908842794759826,1.7971442058059948,5.196825396825397,9.19465648854962,0.0088110207484702,1.3333333333333333,0.0281720276727765,0.0,0.1587929704939323,0.6438356164383562,0.0553098923044005,1.5858895705521472,0.0,21.58252389498625,0.0058308545644273,0.0031119581212457,-67.48338539583969,13510000000.0,27457000000.0,-24991000000.0,71836000000.0,7347000000.0,11301000000.0,9750000000.0,23.2141074103131,41.0527599382164,35.86537679863425,3.876952854970275,2.192300837640349,2.5093839249286005,0.0076571496408856,2.393517628336808,2020-01-29,0.85,bmo,21475172091.0,2025-04-25,2019-12-31,0.835294117647059,62.55953125,5463634.59375
2019-09-30,MPC,USD,1510295,2019-11-04,2019-11-04 16:07:26,2019,Q3,27582000000.0,24345000000.0,3237000000.0,0.1173591473,0,833000000.0,-66000000.0,767000000.0,809000000.0,1576000000.0,25921000000.0,12000000.0,323000000.0,570000000.0,2138000000.0,0.0775143209,1568000000.0,0.0568486694,-200000000.0,1368000000.0,0.0495975636,255000000.0,841000000.0,0.0304908999,1.27,1.27,660000000,662204724,https://www.sec.gov/Archives/edgar/data/1510295/000151029519000144/0001510295-19-000144-index.htm,https://www.sec.gov/Archives/edgar/data/1510295/000151029519000144/mpc-20190930x10q.htm,41.79090909090909,1.2742424242424242,4.222727272727273,2.643939393939394,2.310606060606061,66.0969696969697,33.85909090909091,51.11818181818182,48.04545454545455,40095000000.0,69957000000.0,11.918846611177171,1.4536654339786816,14.38643702906351,22.977077363896846,1.1884225502400854,1.1884225502400854,2.536328040026104,32.720767072029936,25.10118406889128,40.08997134670487,0.0209751839381469,0.0435216361142287,0.9303159641946768,0.3198218852851567,13.967259120673528,1.247734532890019,4.854489164086687,2.0387710314557426,0.0086793864571642,0.4137931034482758,0.0302008556304836,0.0,0.2168047361395571,0.3738787226408324,0.0377782611848306,1.8280701754385964,0.0,38.28291405136844,0.0151974470562835,0.0109416877000338,-64.46401515151516,3800000000.0,22347000000.0,-35376000000.0,72633000000.0,7532000000.0,11142500000.0,9392000000.0,24.34522514683489,42.07024029574861,35.84473197781885,3.696823482106956,2.139279437609842,2.510829207920792,0.0249273815875274,1.5787878787878789,2019-10-31,1.38,bmo,26281803680.0,2025-04-25,2019-09-30,0.1811594202898551,52.710625,6127742.734375
2019-06-30,MPC,USD,1510295,2019-08-05,2019-08-05 12:51:17,2019,Q2,27363000000.0,24321000000.0,3042000000.0,0.1111720206,0,904000000.0,-138000000.0,766000000.0,731000000.0,1497000000.0,25818000000.0,9000000.0,328000000.0,886000000.0,2387000000.0,0.0872345869,1501000000.0,0.0548550963,-322000000.0,1241000000.0,0.0453532142,241000000.0,738000000.0,0.0269707269,1.11,1.1,666000000,671463964,https://www.sec.gov/Archives/edgar/data/1510295/000151029519000108/0001510295-19-000108-index.htm,https://www.sec.gov/Archives/edgar/data/1510295/000151029519000108/mpc-20190630x10q.htm,41.085585585585584,1.108108108108108,3.936936936936937,2.1681681681681684,1.8723723723723724,66.16516516516516,35.71921921921922,51.36186186186186,47.174174174174176,36709920000.0,66552920000.0,12.43560975609756,1.341589737967328,14.000732265446224,25.422382271468145,1.073169819042886,1.073169819042886,2.4322230749552314,27.881407624633432,25.382501906941265,46.08927977839336,0.0201035578394068,0.0393354166939072,0.9088782997632064,0.3208594782034346,12.502304147465438,1.2354600402955005,4.576219512195122,1.9180687637161669,0.0095886888339718,0.4769647696476964,0.0330373131601067,0.0,0.209265604359313,0.4492753623188406,0.0430508350692541,1.329571106094808,0.0,35.78513868178799,0.0145417308195805,0.0096320755948263,-62.0671921921922,3506000000.0,23789000000.0,-34434000000.0,71706000000.0,7248000000.0,10736500000.0,9460500000.0,25.00712641157768,40.354015048723326,33.630196126804,3.598974089175325,2.2302613480055022,2.6761663732394365,0.0215745315286344,1.7687687687687688,2019-08-01,1.33,bmo,25790468208.0,2025-04-25,2019-06-30,0.300751879699248,54.72492063492064,7703622.349206349
2019-03-31,MPC,USD,1510295,2019-05-09,2019-05-09 12:14:29,2019,Q1,28288000000.0,25960000000.0,2328000000.0,0.0822963801,0,881000000.0,-17000000.0,864000000.0,802000000.0,1666000000.0,27626000000.0,9000000.0,318000000.0,919000000.0,1278000000.0,0.0451781674,359000000.0,0.0126908937,-306000000.0,363000000.0,0.0128322964,104000000.0,-7000000.0,-0.0002474548,-0.0104,-0.0104,673000000,673012210,https://www.sec.gov/Archives/edgar/data/1510295/000151029519000051/0001510295-19-000051-index.htm,https://www.sec.gov/Archives/edgar/data/1510295/000151029519000051/mpc-20190331x10q.htm,42.03268945022288,-0.0104011887072808,2.411589895988113,0.5676077265973254,1.3031203566121845,65.1738484398217,35.11589895988113,50.44725111441308,46.35809806835067,41086650000.0,71090650000.0,-1467.380357142857,1.452440964366516,25.315249537892797,107.55667539267016,1.2101749580277457,1.2101749580277457,2.5131027290723984,55.62648669796557,43.80200246457178,186.1011780104712,-0.0001703716413969,0.009297423859088,0.9095755647845424,0.3202227383964494,23.477308294209703,1.1983231002838846,1.128930817610063,6.2664092664092665,0.0086159372935004,-50.57142857142857,0.0311439479638009,0.0,0.2097660624662989,0.7646333949476278,0.0438701923076923,1.3503808487486395,0.0,,0.0031066075475384,-9.18550789297571e-05,-61.82875185735513,3004000000.0,23633000000.0,-34423000000.0,71004000000.0,6373000000.0,9967000000.0,9835000000.0,21.93050056561086,36.63790446841295,34.08975346687211,4.103873494849847,2.456472369417108,2.6400894945591378,-0.0002061794939766,1.843982169390788,2019-05-08,-0.0238,bmo,15703888888.0,2025-04-25,2019-03-31,2.7815126050420163,62.92672131147541,6266197.819672131
2018-12-31,MPC,USD,1510295,2019-02-28,2019-02-28 14:17:56,2018,Q4,32413000000.0,28294000000.0,4119000000.0,0.1270786413,0,1147000000.0,-238000000.0,909000000.0,1268000000.0,2177000000.0,30471000000.0,16000000.0,326000000.0,874000000.0,3001000000.0,0.092586308,2127000000.0,0.0656218184,-385000000.0,1632000000.0,0.0503501681,437000000.0,951000000.0,0.0293400796,1.38,1.35,704000000,704326013,https://www.sec.gov/Archives/edgar/data/1510295/000151029519000014/0001510295-19-000014-index.htm,https://www.sec.gov/Archives/edgar/data/1510295/000151029519000014/mpc-20181231x10k.htm,46.04119318181818,1.3508522727272727,3.8735795454545454,2.0795454545454546,2.3963068181818183,63.99573863636363,35.32528409090909,49.96448863636363,39.55965909090909,41543040000.0,67380040000.0,10.920883280757096,1.2816783389380804,15.233971397139712,28.376393442622952,1.181038805970149,1.181038805970149,2.0787967790701263,22.452529156947683,24.70848551521819,46.0246174863388,0.0228919212460137,0.0352405601515921,0.7824875621890547,0.2961480525069938,8.609463512162613,1.3637257869249395,6.524539877300613,2.2820083682008367,0.0076306404153379,0.3333333333333333,0.035387036065776,0.0,0.2171723692704971,0.4631463146314631,0.0389658470366828,1.4450800915331807,0.0,38.96959671560607,0.0194031749155036,0.0130710869206663,-52.40305397727273,4807000000.0,24869000000.0,-29864000000.0,70049000000.0,5630500000.0,8691000000.0,7588000000.0,16.25181254434949,29.792182088075208,31.290379585777902,5.53784384076542,3.020926756352765,2.876283419741791,0.0270362473347547,1.7940340909090908,2019-02-07,1.98,bmo,28546252252.0,2025-04-25,2018-12-31,0.2171717171717172,68.24587301587302,7432468.412698412
2018-09-30,MPC,USD,1510295,2018-11-05,2018-11-05 10:33:55,2018,Q3,23035000000.0,20606000000.0,2429000000.0,0.105448231,0,445000000.0,45000000.0,490000000.0,590000000.0,1080000000.0,21686000000.0,26000000.0,221000000.0,555000000.0,1816000000.0,0.0788365531,1261000000.0,0.0547427827,-240000000.0,1163000000.0,0.0504883872,222000000.0,737000000.0,0.0319947905,1.63,1.62,454938271,456000000,https://www.sec.gov/Archives/edgar/data/1510295/000151029518000215/0001510295-18-000215-index.htm,https://www.sec.gov/Archives/edgar/data/1510295/000151029518000215/mpc-20180930x10q.htm,50.63324294385424,1.6200000021541383,2.598154684594561,0.7319674365228332,10.972917246612562,44.03674361350883,35.875196791258745,33.3363908177336,41.03853465429819,37500561678.53001,50957561678.53001,12.720678995430802,1.6279818397451706,31.72636351821489,112.61429933492497,2.472673195208361,2.472673195208361,2.212179799371826,28.06033132077643,43.11130429655669,153.02571074633636,0.0196530389682656,0.0088798669965162,1.2164710536726888,0.347890856291603,7.410242290748899,1.647602242059373,5.705882352941177,1.2561105207226355,0.0055199173221587,0.2808683853459973,0.0193184284784024,0.0,0.0700156512228696,0.7182741116751269,0.0368569568048621,1.5297297297297296,0.0,34.85844871651838,0.0234966079548326,0.0149438338943185,-46.77447767413703,6239000000.0,16321000000.0,-17124000000.0,37669000000.0,5163500000.0,8064500000.0,5412000000.0,21.129585413501196,35.0111617975347,23.318936232165388,4.259430473372781,2.5706087824351296,3.859524255478554,0.0485955426612158,1.866187248071728,2018-11-01,1.7,bmo,24123209876.0,2025-04-25,2018-09-30,-0.0470588235294116,79.08396825396825,5358119.53968254
2018-06-30,MPC,USD,1510295,2018-08-06,2018-08-06 10:04:14,2018,Q2,22362000000.0,19655000000.0,2707000000.0,0.121053573,0,424000000.0,2000000.0,426000000.0,577000000.0,1003000000.0,20658000000.0,25000000.0,220000000.0,533000000.0,2159000000.0,0.0965477149,1626000000.0,0.0727126375,-195000000.0,1516000000.0,0.0677935784,281000000.0,1054000000.0,0.0471335301,2.3,2.27,464000000,464317180,https://www.sec.gov/Archives/edgar/data/1510295/000151029518000135/0001510295-18-000135-index.htm,https://www.sec.gov/Archives/edgar/data/1510295/000151029518000135/mpc-20180630x10q.htm,48.19396551724138,2.271551724137931,5.142241379310345,3.609913793103448,10.773706896551724,42.7176724137931,34.98922413793103,32.23706896551724,37.6875,32554240000.0,44822240000.0,7.721593927893737,1.4557839191485555,13.643855825649622,19.435367164179105,2.176376520925257,2.176376520925257,2.004393166979697,20.76064844835572,18.78551550712489,26.75954626865672,0.0323767349506546,0.0514525911217709,1.1543655568926328,0.3337521261790629,5.682260305697082,1.6004117344312918,7.390909090909091,1.931983805668016,0.0064814905831006,0.2001897533206831,0.0189607369644933,0.0,0.0693134374516777,0.2979882648784576,0.031795009390931,1.3339587242026267,0.0,40.59105585926432,0.0315030993398328,0.021889927310488,-44.14709051724138,5833000000.0,16235000000.0,-16367000000.0,36350000000.0,4766000000.0,7589500000.0,5298000000.0,19.797424201770863,37.14932587127957,25.1157466293564,4.546045944297622,2.422654998151116,3.583409298085688,0.0704639657708249,1.5323275862068966,2018-07-26,2.03,bmo,19957493392.0,2025-04-25,2018-06-30,0.1182266009852218,76.37140625,5827906.421875
2018-03-31,MPC,USD,1510295,2018-04-30,2018-04-30 14:29:40,2018,Q1,18896000000.0,17511000000.0,1385000000.0,0.0732959356,0,402000000.0,0.0,402000000.0,551000000.0,953000000.0,18464000000.0,20000000.0,199000000.0,528000000.0,880000000.0,0.0465707028,352000000.0,0.0186282811,-183000000.0,257000000.0,0.0136007621,22000000.0,37000000.0,0.0019580864,0.0777,0.0777,476000566,480000000,https://www.sec.gov/Archives/edgar/data/1510295/000151029518000056/0001510295-18-000056-index.htm,https://www.sec.gov/Archives/edgar/data/1510295/000151029518000056/mpc-20180331x10q.htm,39.69743178834791,0.0777310000089369,-0.2878147838168747,-1.8739473515668048,9.775198460583344,41.728941977770674,34.19533749041803,31.48735751713371,36.67432613935169,34800401380.26,47405401380.26,235.1378471639189,1.841680852045936,-254.0175283230657,-39.01390289266816,2.3218842660968773,2.3218842660968773,2.5087532483202795,53.869774295750005,-346.0248275931387,-53.14506881195067,0.0010632061278749,-0.0256318882720121,1.151454496930878,0.342665395917719,14.323863636363637,1.7349498327759196,1.7688442211055275,-0.5829787234042553,0.0062930308649895,5.918918918918919,0.0212743437764606,0.0,0.0712016519736319,-5.510948905109489,0.0399555461473327,1.4299242424242424,0.0,7.420898545158043,0.0076602338112274,0.0007909701141562,-41.66539163316877,6153000000.0,16277000000.0,-15976000000.0,36357000000.0,4654000000.0,7681500000.0,5330500000.0,21.971316680779,36.316600993661126,26.26863114613672,4.096249729026664,2.4782054910840645,3.4261396986891017,0.0024686415799306,1.5861325677499298,2018-04-30,0.14,bmo,37732000000.0,2025-04-25,2018-03-31,-0.4285714285714286,68.84573770491804,4004850.3114754097
2017-12-31,MPC,USD,1510295,2018-02-28,2018-02-28 15:37:13,2017,Q4,21156000000.0,19005000000.0,2151000000.0,0.1016732842,0,457000000.0,57000000.0,514000000.0,525000000.0,1039000000.0,20044000000.0,11000000.0,171000000.0,540000000.0,1522000000.0,0.0719417659,982000000.0,0.0464170921,-96000000.0,959000000.0,0.04532993,1166000000.0,2015000000.0,0.0952448478,4.13,4.09,492692020,493000000,https://www.sec.gov/Archives/edgar/data/1510295/000151029518000024/0001510295-18-000024-index.htm,https://www.sec.gov/Archives/edgar/data/1510295/000151029518000024/mpc-20171231x10k.htm,42.939603527574896,4.089776002460929,5.573461490202337,3.941610420237778,6.111322850327472,44.30353875023184,37.02515823170832,28.482296100513256,26.623122493439208,32507819479.6,42442819479.600006,4.033228223275435,1.5365768330308187,11.838244530080118,16.73935091637487,2.316526721271289,2.316526721271289,2.0061835639818493,27.88621516399475,15.456234333430446,21.855210854582907,0.0619850864271131,0.0597394728741706,0.922539727784508,0.2639509042347136,6.527595269382392,1.278965451422027,5.742690058479532,1.2922352941176471,0.0059985567510109,0.0967741935483871,0.021601436944602,0.0,0.0731135441515281,0.29278951201748,0.0380034032898468,1.488888888888889,0.0,51.19511450768009,-0.0054082245911898,0.0443237060337432,-36.35486119706181,2923000000.0,18242000000.0,-13818000000.0,32952000000.0,4297500000.0,7228000000.0,5521500000.0,19.973057288712425,39.29123914759274,26.282557221783744,4.506070287539936,2.2905869591418586,3.424324324324324,0.143590109028718,1.6318510699645592,2018-02-01,0.96,bmo,19419660194.0,2025-04-25,2017-12-31,0.09375,61.20222222222223,3806973.793650794
2017-09-30,MPC,USD,1510295,2017-10-30,2017-10-30 11:42:27,2017,Q3,19302000000.0,16765000000.0,2537000000.0,0.1314371568,0,412000000.0,0.0,412000000.0,555000000.0,967000000.0,17732000000.0,7000000.0,164000000.0,517000000.0,2009000000.0,0.1040824785,1492000000.0,0.0772976894,-73000000.0,1419000000.0,0.0735156979,415000000.0,903000000.0,0.0467827168,1.79,1.77,508000000,510169491,https://www.sec.gov/Archives/edgar/data/1510295/000151029517000098/0001510295-17-000098-index.htm,https://www.sec.gov/Archives/edgar/data/1510295/000151029517000098/mpc-20170930x10q.htm,37.99606299212599,1.7775590551181102,3.751968503937008,2.4468503937007875,4.110236220472441,40.94881889763779,33.88976377952756,25.45275590551181,25.484251968503937,28488640000.0,39182640000.0,7.887220376522702,1.4759423893897006,14.94682056663169,22.919259855189058,2.2032977571539054,2.2032977571539054,2.0299782405968294,19.50355400696864,20.557523609653725,31.52263877715205,0.031696844777427,0.043631426421198,0.988553750966744,0.2730846472674443,5.323046291687406,1.5209886229894076,9.097560975609756,1.898406374501992,0.0070905455648286,0.2236987818383167,0.0213449383483576,0.0,0.0766141093022262,0.3478488982161595,0.0343487721479639,1.2823984526112189,0.0,31.90587683476123,0.026938104982879,0.0208931050439611,-35.91437007874016,3984000000.0,17216000000.0,-14373000000.0,33606000000.0,3579500000.0,5733000000.0,5520500000.0,18.184644078333857,33.06352520131225,29.488219504920963,4.949230769230769,2.722032797532067,3.052066266156927,0.0698375870069605,1.3051181102362204,2017-10-26,1.48,bmo,16171129943.0,2025-04-25,2017-09-30,0.1959459459459459,53.63460317460318,3889200.73015873
2017-06-30,MPC,USD,1510295,2017-08-03,2017-08-03 06:31:59,2017,Q2,18264000000.0,16251000000.0,2013000000.0,0.11021682,0,485000000.0,-86000000.0,399000000.0,639000000.0,1038000000.0,17289000000.0,4000000.0,162000000.0,521000000.0,1499000000.0,0.0820740254,978000000.0,0.0535479632,-158000000.0,824000000.0,0.0451160753,250000000.0,483000000.0,0.0264454665,0.94,0.93,517000000,519354838,https://www.sec.gov/Archives/edgar/data/1510295/000151029517000085/0001510295-17-000085-index.htm,https://www.sec.gov/Archives/edgar/data/1510295/000151029517000085/mpc-20170630x10q.htm,35.32688588007737,0.9342359767891684,1.6499032882011606,0.3829787234042553,2.804642166344294,39.77562862669246,32.8394584139265,24.44100580270793,24.6963249516441,27054610000.0,38210610000.0,14.00342132505176,1.4813080376697327,31.71701055099648,136.63944444444445,2.141073915796138,2.141073915796138,2.092127135348226,25.490733822548364,44.79555685814771,192.9828787878788,0.0178527799883273,0.0073185309268919,0.9976258309591642,0.2773780447554294,7.442294863242162,1.5452796685409884,6.037037037037037,1.4860627177700347,0.0068749835979894,0.3850931677018633,0.0265549715286903,0.0,0.0789050982463088,0.7678780773739742,0.0358628996933858,1.2571976967370442,0.0,22.66621948893458,0.0175958649472887,0.0115381859009579,-35.231624758220505,3685000000.0,16978000000.0,-14440000000.0,33057000000.0,3271500000.0,5325000000.0,5470000000.0,16.05946123521682,29.39080671958649,30.725493815765187,5.60417305922062,3.0621820237422277,2.9291636625811104,0.0382241215574548,1.2669245647969052,2017-07-27,1.07,bmo,18886019417.0,2025-04-25,2017-06-30,-0.0373831775700934,51.65619047619048,4431573.142857143
2017-03-31,MPC,USD,1510295,2017-05-01,2017-05-01 11:02:09,2017,Q1,16331000000.0,15068000000.0,1263000000.0,0.0773375788,0,389000000.0,0.0,389000000.0,589000000.0,978000000.0,16046000000.0,5000000.0,155000000.0,536000000.0,766000000.0,0.0469046598,230000000.0,0.0140836446,-149000000.0,142000000.0,0.0086951197,41000000.0,30000000.0,0.0018369971,0.0571,0.0571,525007875,530000000,https://www.sec.gov/Archives/edgar/data/1510295/000151029517000052/0001510295-17-000052-index.htm,https://www.sec.gov/Archives/edgar/data/1510295/000151029517000052/mpc-20170331x10q.htm,31.10620007366556,0.0571420000128569,2.110444533808183,0.9485572002134254,4.127557134262034,39.6127391422462,32.782365407376034,24.89486467226801,24.29106420546549,26533898002.5,36964898002.5,221.1158166875,1.6247564755679382,23.947561374097475,53.28091968373494,2.030137567138485,2.030137567138485,2.263480374900496,48.25704700065274,33.361821301895304,74.22670281626506,0.0011306292048448,0.0187684448004239,0.9638867635807192,0.2749394382488379,13.617493472584856,1.6082143897465773,1.4838709677419355,10.970297029702971,0.0071606516306838,6.333333333333333,0.0238197293490906,0.0,0.0782610593396041,0.5505415162454874,0.0373522748147694,1.138059701492537,0.0,5.657490878650467,0.0041964843469146,0.0007103113531431,-33.70997054091808,4176000000.0,17211000000.0,-13982000000.0,33431000000.0,3450500000.0,5468000000.0,5524000000.0,18.09809564631682,31.91332625431378,32.20599946907354,4.972898903775883,2.820138498970616,2.7945103857566767,0.0022953328232593,1.161887333594758,2017-04-27,-0.05,bmo,13573333333.0,2025-04-25,2017-03-31,-2.2,49.78419354838709,5204643.854838709
2016-12-31,MPC,USD,1510295,2017-02-24,2017-02-24 14:17:13,2016,Q4,15354000000.0,13845000000.0,1509000000.0,0.0982805784,0,406000000.0,0.0,406000000.0,557000000.0,963000000.0,14808000000.0,1000000.0,137000000.0,504000000.0,1000000000.0,0.0651296079,496000000.0,0.0323042855,-136000000.0,417000000.0,0.0271590465,128000000.0,227000000.0,0.014784421,0.43,0.43,529000000,531058748,https://www.sec.gov/Archives/edgar/data/1510295/000151029517000017/0001510295-17-000017-index.htm,https://www.sec.gov/Archives/edgar/data/1510295/000151029517000017/mpc-20161231x10k.htm,29.024574669187142,0.4291115311909262,1.873345935727788,0.4650283553875236,1.6767485822306238,40.0812854442344,33.300567107750474,25.62759924385633,20.243856332703213,26635150000.0,36320150000.0,29.33386563876652,1.734736876384004,26.877043390514636,108.2729674796748,1.96467876373829,1.96467876373829,2.365517129086883,36.32015,36.65,147.6428861788618,0.0085225726155099,0.0092359156978654,0.7798185439256473,0.2380384121766149,9.685,1.4554995801847188,3.620437956204379,3.4290657439446366,0.0071334308235545,0.8370044052863436,0.0264426208154226,0.0,0.0807646409834958,0.751765893037336,0.0485215579002214,1.4781746031746033,0.0,15.7300576262857,0.0092170692993801,0.0055601822368098,-31.72448015122873,3255000000.0,17616000000.0,-12809000000.0,32607000000.0,3376500000.0,5324000000.0,5590000000.0,21.201641266119577,36.35752979414951,36.7670639219935,4.2449543820846,2.4754156981941717,2.447842998585573,0.0167441174301099,1.4083175803402646,2017-02-01,0.26,bmo,14697216344.0,2025-04-25,2016-12-31,0.6538461538461537,45.40174603174603,6051098.031746032
2016-09-30,MPC,USD,1510295,2016-10-31,2016-10-31 13:08:51,2016,Q3,14753000000.0,13072000000.0,1681000000.0,0.1139429269,0,420000000.0,0.0,420000000.0,832000000.0,1252000000.0,14324000000.0,3000000.0,144000000.0,507000000.0,1149000000.0,0.0778824646,642000000.0,0.0435165729,-141000000.0,294000000.0,0.0199281502,75000000.0,145000000.0,0.0098285095,0.28,0.27,530000000,537037037,https://www.sec.gov/Archives/edgar/data/1510295/000151029516000139/0001510295-16-000139-index.htm,https://www.sec.gov/Archives/edgar/data/1510295/000151029516000139/mpc-20160930x10q.htm,27.835849056603777,0.2735849056603773,0.7641509433962265,-0.5867924528301887,1.3377358490566038,39.54150943396226,32.658490566037734,25.27358490566038,20.20754716981132,21512700000.0,31369700000.0,37.09086206896552,1.4581915542601505,53.11777777777778,-69.1726688102894,1.6060246360582306,1.6060246360582306,2.12632684877652,27.301740644038293,77.45604938271605,-100.86720257234728,0.0067402046233155,-0.0144565768127664,0.7888017917133259,0.2440579308433234,8.578764142732812,1.5055205047318612,4.458333333333333,1.8493150684931507,0.0088319922650341,1.3103448275862069,0.0284687860096251,0.0,0.0842630448340378,1.7679012345679013,0.0485325018640276,1.4122287968441816,0.0,12.472995037182498,0.0129316267758015,0.0036574599571194,-31.156603773584905,3205000000.0,17309000000.0,-12791000000.0,32550000000.0,3167500000.0,5134500000.0,5366500000.0,19.13102419846811,34.80339657282742,38.03243574051408,4.704400510204081,2.58595450049456,2.3664011585807385,0.0108249346771183,1.350943396226415,2016-10-27,0.78,bmo,23207896551.0,2025-04-25,2016-09-30,-0.2564102564102565,40.57109375,5755194.65625
2016-06-30,MPC,USD,1510295,2016-08-03,2016-08-02 19:43:40,2016,Q2,14947000000.0,12569000000.0,2378000000.0,0.1590954707,0,401000000.0,0.0,401000000.0,667000000.0,1068000000.0,13637000000.0,1000000.0,133000000.0,500000000.0,1866000000.0,0.1248411052,1366000000.0,0.0913895765,-137000000.0,1178000000.0,0.0788118017,395000000.0,800000000.0,0.053522446,1.52,1.51,529801324,531000000,https://www.sec.gov/Archives/edgar/data/1510295/000151029516000117/0001510295-16-000117-index.htm,https://www.sec.gov/Archives/edgar/data/1510295/000151029516000117/mpc-20160630x10q.htm,28.21246252680184,1.5100000014345,4.278962504065015,2.9841375028349306,3.3106750031451413,39.50160003752652,32.6160000309852,25.462375024189257,21.12490002006865,20111258259.04,29416258259.04,6.28476820595,1.3455046670930622,8.871309333498015,12.720593459228336,1.4908271504106745,1.4908271504106745,1.968037616848866,15.764339903022508,12.975852782990737,18.606108955749527,0.0397787144740384,0.0786126844793185,0.8197924388435879,0.2505834636213264,4.986602357984995,1.5193158360365673,10.270676691729324,2.895274584929757,0.0084529768257331,0.2125,0.0268281260453602,0.0,0.0826592345863639,0.3026025584472872,0.0458954974242322,1.372,0.0,29.41231361638625,0.0242913197807268,0.0197604050883043,-31.044184404491972,3522000000.0,17280000000.0,-12901000000.0,32682000000.0,2900500000.0,4648500000.0,5096000000.0,19.26205927610892,37.334712387620336,37.29891001670777,4.672397624257581,2.410625239739164,2.412939143789595,0.0593031875463306,1.2948250012300837,2016-07-28,0.97,bmo,15239878504.0,2025-04-25,2016-06-30,0.1030927835051547,36.735625,6046754.671875
2016-03-31,MPC,USD,1510295,2016-05-02,2016-05-02 16:59:29,2016,Q1,10957000000.0,9823000000.0,1134000000.0,0.1034954823,0,378000000.0,0.0,378000000.0,687000000.0,1065000000.0,10888000000.0,1000000.0,137000000.0,490000000.0,647000000.0,0.0590490098,157000000.0,0.0143287396,-142000000.0,-67000000.0,-0.0061148124,11000000.0,1000000.0,9.12659e-05,0.0019,0.0019,529100529,531000000,https://www.sec.gov/Archives/edgar/data/1510295/000151029516000104/0001510295-16-000104-index.htm,https://www.sec.gov/Archives/edgar/data/1510295/000151029516000104/mpc-20160331x10q.htm,20.70873000393465,0.0018900000003591,0.623700000118503,-0.7843500001490264,0.5821200001106028,36.843660007000295,29.94705000568994,24.384780004633107,22.118670004202546,19671957668.22,30929957668.22,4917.989417055,1.7953780841671991,59.611992934,-47.40230763426506,1.5247215678359944,1.5247215678359944,2.8228491072574613,47.805189595394125,93.72714444915152,-74.53001847763856,5.083378161267079e-05,-0.0210960193692583,0.8964501627654627,0.2769768667081757,17.40030911901082,1.4471849865951742,1.145985401459854,-4.230769230769231,0.0085909090925413,169.0,0.0344984941133521,0.0,0.0873844532784137,2.257575757575758,0.0679930637948343,1.520408163265306,0.0,1.0183136893384306,0.0050243586619106,2.624052061192894e-05,-33.09957000628892,2502000000.0,15845000000.0,-14167000000.0,31470000000.0,2764500000.0,4413000000.0,5104000000.0,21.37263849593867,37.40914181003767,45.65509518477044,4.210991544965411,2.405829047269165,1.9713024282560707,7.750736319950395e-05,1.4080500002675296,2016-04-28,0.17,bmo,31887500000.0,2025-04-25,2016-03-31,-0.6470588235294118,38.0111475409836,7624524.819672131
2015-12-31,MPC,USD,1510295,2016-02-26,2016-02-26 14:59:20,2015,Q4,13715000000.0,12467000000.0,1248000000.0,0.0909952607,0,433000000.0,-30000000.0,403000000.0,522000000.0,925000000.0,13392000000.0,1000000.0,89000000.0,413000000.0,750000000.0,0.0546846518,337000000.0,0.0245716369,-103000000.0,235000000.0,0.0171345242,67000000.0,186000000.0,0.0135617937,0.35,0.35,535000000,536963902,https://www.sec.gov/Archives/edgar/data/1510295/000151029516000078/0001510295-16-000078-index.htm,https://www.sec.gov/Archives/edgar/data/1510295/000151029516000078/mpc-20151231x10k.htm,25.635514018691588,0.3476635514018691,1.5102803738317756,0.1626168224299065,2.1065420560747663,36.77570093457944,29.26355140186916,24.74205607476636,22.45607476635514,27734400000.0,38532400000.0,37.27741935483871,2.022194677360554,34.32475247524753,318.78620689655173,2.095217949686485,2.095217949686485,2.80950783813343,51.37653333333333,47.68861386138614,442.9011494252874,0.0067064728279681,0.0031368985808238,0.9008838860769056,0.2765858749855039,14.397333333333334,1.4926713947990544,3.786516853932584,4.809523809523809,0.0061295719395407,0.913978494623656,0.0315712723295661,0.0,0.0932158181607329,0.8923267326732673,0.0525701786365293,1.7457627118644068,0.0,13.911973238494706,0.006546893908426,0.0047575199508901,-32.720093457943925,3126000000.0,15656000000.0,-13969000000.0,32309000000.0,3025500000.0,4868000000.0,5390500000.0,19.207437112650386,34.23999358305928,37.719579690382616,4.685685001708234,2.6285051655070637,2.3860287081339715,0.0140515222482435,1.347663551401869,2016-02-03,0.67,bmo,13631430379.0,2025-04-25,2015-12-31,0.1791044776119403,52.3321875,4814342.640625
2015-09-30,MPC,USD,1510295,2015-11-02,2015-11-02 12:29:05,2015,Q3,16745000000.0,14226000000.0,2519000000.0,0.1504329651,0,392000000.0,0.0,392000000.0,584000000.0,976000000.0,15202000000.0,2000000.0,66000000.0,364000000.0,2032000000.0,0.1213496566,1668000000.0,0.0996118244,-70000000.0,1479000000.0,0.0883248731,521000000.0,947000000.0,0.0565541953,1.77,1.76,538000000,538068181,https://www.sec.gov/Archives/edgar/data/1510295/000151029515000050/0001510295-15-000050-index.htm,https://www.sec.gov/Archives/edgar/data/1510295/000151029515000050/mpc-20150930x10q.htm,31.12453531598513,1.7602230483271375,1.986988847583643,1.033457249070632,3.799256505576208,24.024163568773236,21.11524163568773,22.81970260223048,12.561338289962825,24925540000.0,29573540000.0,6.580131995776135,1.488536279486414,23.31668849391955,44.83010791366907,2.0302630935896397,2.0302630935896397,1.7661116751269037,14.55390748031496,27.66467726847521,53.189820143884894,0.0379931588242421,0.0223064374934304,0.5450843039830577,0.2218759324956069,2.287401574803149,1.413088732760864,25.272727272727277,1.1276371308016877,0.0068604331139866,0.1805702217529039,0.0234099731263063,0.0,0.0518881999933689,0.4798877455565949,0.0306360107494774,1.4093406593406594,0.0,30.062846600403283,0.0464597680797124,0.033116519792978,-18.719330855018587,3175000000.0,11360000000.0,-6375000000.0,21034000000.0,3500000000.0,5609000000.0,5548000000.0,16.790683786204838,31.58793757908056,35.14972585407001,5.3601152368758,2.8491888644101744,2.560475161987041,0.0771361081697483,0.9535315985130112,2015-10-29,1.82,bmo,17558309278.0,2025-04-25,2015-09-30,0.0659340659340658,51.4634375,5882782.65625
2015-06-30,MPC,USD,1510295,2015-08-03,2015-08-03 11:29:41,2015,Q2,18623000000.0,16448000000.0,2175000000.0,0.1167910648,0,393000000.0,0.0,393000000.0,452000000.0,845000000.0,17293000000.0,2000000.0,61000000.0,362000000.0,1678000000.0,0.0901036353,1316000000.0,0.0706653063,-64000000.0,1271000000.0,0.0682489395,432000000.0,825000000.0,0.0443000591,1.52,1.51,544000000,546357615,https://www.sec.gov/Archives/edgar/data/1510295/000151029515000040/0001510295-15-000040-index.htm,https://www.sec.gov/Archives/edgar/data/1510295/000151029515000040/mpc-20150630x10q.htm,34.23345588235294,1.5165441176470589,1.827205882352941,1.1378676470588236,3.457720588235294,22.591911764705884,19.71323529411765,21.402573529411764,12.424632352941176,28456640000.0,33273640000.0,8.623224242424243,1.52803737314074,28.628410462776664,45.971954765751214,2.444098600017178,2.444098600017178,1.7866960210492402,19.829344457687725,33.47448692152918,53.75386106623586,0.0289914761545987,0.0217523924117534,0.5752812848922099,0.2185104231233484,2.870679380214541,1.3101432664756447,21.57377049180328,1.2033898305084745,0.0047792009176065,0.1648484848484848,0.0211029372281587,0.0,0.0510879848628193,0.3772635814889336,0.0201363904848842,1.0359116022099448,0.0,27.024133792632583,0.0382554587249862,0.0283631863031594,-19.862132352941178,2706000000.0,10724000000.0,-6932000000.0,20555000000.0,3620000000.0,5806000000.0,5488500000.0,18.73167588465876,34.0618920233463,30.31371595330739,4.8046955624355006,2.642248995983936,2.9689530685920578,0.0708580262818861,0.6893382352941176,2015-07-30,1.76,bmo,23937165562.0,2025-04-25,2015-06-30,-0.1420454545454545,50.89222222222222,4619719.333333333
2015-03-31,MPC,USD,1510295,2015-05-04,2015-05-04 14:18:02,2015,Q1,15388000000.0,13120000000.0,2268000000.0,0.1473875747,0,358000000.0,0.0,358000000.0,450000000.0,808000000.0,13928000000.0,1000000.0,72000000.0,363000000.0,1813000000.0,0.1178190798,1450000000.0,0.0942292696,-81000000.0,1389000000.0,0.0902651417,486000000.0,890000000.0,0.0578372758,1.63,1.62,549000000,549382716,https://www.sec.gov/Archives/edgar/data/1510295/000151029515000016/0001510295-15-000016-index.htm,https://www.sec.gov/Archives/edgar/data/1510295/000151029515000016/mpc-20150331x10q.htm,28.02914389799636,1.621129326047359,2.167577413479053,1.459016393442623,3.785063752276867,21.821493624772312,18.96903460837887,20.65209471766849,12.413479052823314,28108800000.0,32773800000.0,7.895730337078652,1.8266701325708343,23.620840336134453,35.09213483146068,2.479167401658141,2.479167401658141,2.129828437743696,18.077109762824048,27.541008403361342,40.916104868913855,0.0316626821493624,0.0284964139344262,0.5947257011818663,0.2234113047511762,2.573083287369001,1.3243469925712916,20.13888888888889,1.3355780022446688,0.0048383424408014,0.1528089887640449,0.0232648817260202,0.0,0.0518852296070505,0.326890756302521,0.0252794385235248,1.0716253443526171,0.0,27.44619497854308,0.0416883330741642,0.0311014816885658,-19.8224043715847,2707000000.0,10414000000.0,-7149000000.0,20514000000.0,3711000000.0,6024000000.0,5539500000.0,19.67507148427346,36.953506097560975,37.29649390243902,4.574316290130796,2.435492853165027,2.4130954570535224,0.0784970894337625,0.7085610200364298,2015-04-30,1.44,bmo,15280888888.0,2025-04-25,2015-03-31,0.1250000000000001,48.02459016393443,6586808.590163934
2014-12-31,MPC,USD,1510295,2015-02-27,2015-02-27 13:44:04,2014,Q4,20355000000.0,18303000000.0,2052000000.0,0.1008106116,0,371000000.0,-14000000.0,357000000.0,442000000.0,799000000.0,19102000000.0,2000000.0,68000000.0,359000000.0,1593000000.0,0.0782608696,1234000000.0,0.0606239253,-72000000.0,1187000000.0,0.0583149103,382000000.0,797000000.0,0.0391549988,1.44,1.42,558000000,559798332,https://www.sec.gov/Archives/edgar/data/1510295/000151029515000007/0001510295-15-000007-index.htm,https://www.sec.gov/Archives/edgar/data/1510295/000151029515000007/mpc-20141231x10k.htm,36.47849462365591,1.42831541218638,0.6953405017921147,-0.2508960573476702,2.677419354838709,20.412186379928315,17.60573476702509,19.26702508960573,11.953405017921147,25182540000.0,30290540000.0,7.899165621079047,1.2371672807663965,64.90345360824743,-179.87528571428572,2.3423439680029765,2.3423439680029765,1.4881129943502824,19.01477715003139,78.06840206185566,-216.361,0.0316489123019361,-0.0055594074307039,0.6140824109385173,0.2169926047658175,3.206528562460766,1.32171581769437,18.147058823529413,0.4862155388471177,0.005479987324551,0.1731493099121706,0.0182264799803488,0.0,0.0514708299096138,1.3608247422680413,0.025939572586588,1.4707520891364902,0.0019651191353475,24.8834533346052,0.0382606169004028,0.0276170345472816,-20.92562724014337,2760000000.0,9824000000.0,-7696000000.0,20587000000.0,4664500000.0,7693500000.0,5625000000.0,17.942520265291083,32.75364694312408,27.742992951975086,5.016017742730409,2.7477856177751088,3.2440623892236795,0.0741326388242954,0.946236559139785,2015-02-04,0.69,bmo,16161480973.0,2025-04-25,2014-12-31,1.0869565217391306,44.016875,7078989.15625
2014-09-30,MPC,USD,1510295,2014-11-03,2014-11-03 15:11:22,2014,Q3,23828000000.0,22047000000.0,1781000000.0,0.0747439987,0,342000000.0,0.0,342000000.0,380000000.0,722000000.0,22769000000.0,2000000.0,49000000.0,322000000.0,1353000000.0,0.0567819372,1031000000.0,0.0432684237,-50000000.0,1012000000.0,0.0424710425,333000000.0,671000000.0,0.0281601477,1.19,1.18,568644067,569000000,https://www.sec.gov/Archives/edgar/data/1510295/000151029514000030/0001510295-14-000030-index.htm,https://www.sec.gov/Archives/edgar/data/1510295/000151029514000030/mpc-20140930x10q.htm,41.90318932844858,1.1800000016530552,1.8957377075737607,1.2222056649014506,3.260387485938546,19.812041756517612,17.109120739318293,19.078718357576744,11.10184800363001,24076389796.780003,28486389796.780003,8.970338970484352,1.010424282221756,22.33431335508349,34.6422874773813,2.219226638103051,2.219226638103051,1.1955006629503109,21.05424227404287,26.42522244599258,40.987611218388494,0.0278696268694628,0.0288664540600248,0.5773804037238455,0.1975713609840719,3.259423503325942,1.242479753181643,21.040816326530617,1.6041666666666667,0.0058563597445517,0.210134128166915,0.0143528621789491,0.0,0.0484781580192398,0.3552875695732838,0.0160735269430921,1.18944099378882,0.0,22.50644292426663,0.0323867233351474,0.0222421108459294,-20.799918061925368,2515000000.0,9729000000.0,-7552000000.0,20051000000.0,5498000000.0,8830000000.0,5614500000.0,19.908930669800235,35.621172948700504,22.892910600081645,4.52058432934927,2.5265872106348843,3.931348074179743,0.0618490183427044,0.6735320426723101,2014-10-30,1.14,bmo,24575694915.0,2025-04-25,2014-09-30,0.0614035087719298,42.4340625,5898637.8125
2014-06-30,MPC,USD,1510295,2014-08-04,2014-08-04 13:59:53,2014,Q2,25277000000.0,23226000000.0,2051000000.0,0.0811409582,0,316000000.0,0.0,316000000.0,373000000.0,689000000.0,23915000000.0,1000000.0,42000000.0,325000000.0,1637000000.0,0.0647624323,1312000000.0,0.0519048938,-48000000.0,1321000000.0,0.0522609487,457000000.0,854000000.0,0.0337856549,1.49,1.48,577027027,578000000,https://www.sec.gov/Archives/edgar/data/1510295/000151029514000014/0001510295-14-000014-index.htm,https://www.sec.gov/Archives/edgar/data/1510295/000151029514000014/mpc-20140630x10q.htm,43.80557377254359,1.4800000000693208,1.52159250592607,0.9982201405619776,3.682669789399657,19.12735363087248,17.503512881381898,18.40468384161146,6.377517564701523,22521364863.81,24034364863.81,6.592905405096605,0.8909825083597738,25.65075724807517,39.09959177744792,2.120655825217514,2.120655825217514,0.950839295162005,14.68195776653024,27.37399187222096,41.72632788855903,0.037919549066598,0.0255757145929279,0.3425612052730696,0.1238425925925925,0.9242516799022602,1.2298507462686568,31.23809523809524,1.0269005847953216,0.0054170784380854,0.1428571428571428,0.0125014835621315,0.0,0.0318967864923747,0.3439635535307517,0.0119476203663409,0.9292307692307692,0.0,24.75633195678164,0.0467713277560719,0.0300291852737438,-15.787388759521658,2541000000.0,10100000000.0,-4743000000.0,17328000000.0,5572500000.0,9123500000.0,5655000000.0,20.384143687937648,34.618961508654095,21.78119349005425,4.415196506550219,2.599731363331095,4.1320049813200495,0.0804143126177024,0.5233723653640924,2014-07-31,1.07,bmo,19407486486.0,2025-04-25,2014-06-30,0.3831775700934578,44.23587301587302,6527068.73015873
2014-03-31,MPC,USD,1510295,2014-05-05,2014-05-05 16:43:31,2014,Q1,21794000000.0,20699000000.0,1095000000.0,0.0502431862,0,346000000.0,0.0,346000000.0,393000000.0,739000000.0,21438000000.0,2000000.0,43000000.0,320000000.0,645000000.0,0.0295953015,325000000.0,0.0149123612,-46000000.0,315000000.0,0.0144535193,108000000.0,199000000.0,0.0091309535,0.34,0.34,590000000,594029850,https://www.sec.gov/Archives/edgar/data/1510295/000151029514000009/0001510295-14-000009-index.htm,https://www.sec.gov/Archives/edgar/data/1510295/000151029514000009/mpc-20140331x10q.htm,36.938983050847455,0.3372881355932203,1.298305084745763,0.8457627118644068,3.671186440677966,18.233898305084747,16.64406779661017,17.53220338983051,6.274576271186441,25676800000.0,27169800000.0,32.257286432160804,1.1781591263650546,33.52062663185379,51.45651302605211,2.482289249806651,2.482289249806651,1.2466642195099569,42.12372093023256,35.469712793733684,54.44849699398797,0.0077501869391824,0.0194338858424725,0.3537316318638824,0.1254844130457148,2.314728682170543,1.2399041121150656,7.558139534883721,3.849246231155779,0.0047903165503489,0.6180904522613065,0.0158759291548132,0.0,0.0321684557083576,0.3485639686684073,0.0122510782784252,0.834375,0.0,11.534799277379475,0.0116470212451016,0.007051486481698,-15.80593220338983,2602000000.0,9820000000.0,-4953000000.0,17394000000.0,5489500000.0,8773500000.0,5189000000.0,22.38230705698816,40.49326054398763,24.735977583458137,4.021033210332103,2.2225920755932567,3.638425030761118,0.0192382057231245,0.4525423728813559,2014-05-01,0.52,bmo,29532195121.0,2025-04-25,2014-03-31,-0.2115384615384616,43.82081967213115,7168770.918032787
2013-12-31,MPC,USD,1510295,2014-02-28,2014-02-28 14:59:24,2013,Q4,23331000000.0,21597000000.0,1734000000.0,0.0743217179,0,336000000.0,0.0,336000000.0,396000000.0,732000000.0,22329000000.0,3000000.0,42000000.0,332000000.0,1317000000.0,0.056448502,985000000.0,0.0422185076,-39000000.0,969000000.0,0.0415327247,338000000.0,624000000.0,0.0267455317,1.04,1.03,602000000,606784315,https://www.sec.gov/Archives/edgar/data/1510295/000151029514000004/0001510295-14-000004-index.htm,https://www.sec.gov/Archives/edgar/data/1510295/000151029514000004/mpc-20131231x10k.htm,38.75581395348837,1.0365448504983388,2.250830564784053,1.4651162790697674,3.807308970099667,18.82392026578073,17.26578073089701,18.13953488372093,5.710963455149502,27613740000.0,28717740000.0,11.063197115384616,1.1835643564356435,20.379143911439115,31.30809523809524,2.528730769230769,2.528730769230769,1.230883374051691,21.805421412300685,21.19390405904059,32.55979591836735,0.0225974460540296,0.0319406208648303,0.310989010989011,0.1196406552756737,0.8382687927107062,1.2965187296416938,23.452380952380956,2.1645367412140577,0.0045629458378329,0.2019230769230769,0.0144014401440144,0.0,0.0330456226880394,0.3490774907749077,0.0202734559170202,1.4246987951807228,0.0018001800180018,20.568299228874224,0.0345145818256613,0.022734725106569,-13.699750830564785,2913000000.0,10394000000.0,-4316000000.0,17772000000.0,5576000000.0,8597500000.0,5201500000.0,21.44400154301144,34.31309904153355,19.540213918599807,4.196977873718295,2.622905027932961,4.605886116442738,0.0571428571428571,0.7857142857142857,2014-01-29,0.58,bmo,17529848921.0,2025-04-25,2013-12-31,0.8103448275862071,38.46984375,7343548.5
2013-09-30,MPC,USD,1510295,2013-11-07,2013-11-07 09:04:43,2013,Q3,24633000000.0,23656000000.0,977000000.0,0.0396622417,0,305000000.0,0.0,305000000.0,377000000.0,682000000.0,24338000000.0,2000000.0,43000000.0,299000000.0,590000000.0,0.0239516096,291000000.0,0.011813421,-47000000.0,254000000.0,0.0103113709,81000000.0,168000000.0,0.0068201194,0.27,0.27,622000000,622222222,https://www.sec.gov/Archives/edgar/data/1510295/000151029513000003/0001510295-13-000003-index.htm,https://www.sec.gov/Archives/edgar/data/1510295/000151029513000003/mpc-2013930x10q.htm,39.60289389067524,0.270096463022508,0.6543408360128617,0.157556270096463,3.244372990353697,18.109324758842444,16.60128617363344,17.44533762057878,5.540192926045016,20003520000.0,21388520000.0,29.76714285714285,0.8120618682255509,49.14869778869778,204.1175510204081,1.8434724910146527,1.8434724910146527,0.868287256931758,36.25172881355932,52.551646191646185,218.2502040816326,0.0083985218601526,0.0048991377517556,0.3136116486959727,0.1173326897217529,2.347457627118644,1.3009326026343622,6.767441860465116,2.422619047619047,0.00644886499976,0.7678571428571429,0.0123817642999228,0.0,0.0323414819156639,0.7592137592137592,0.0125441480940202,1.0334448160535117,0.0,10.296518329994662,0.0106416530148496,0.0059861036878674,-13.937700964630226,3130000000.0,10326000000.0,-4208000000.0,17863000000.0,5878000000.0,8781000000.0,5272000000.0,20.43478260869565,34.09240784578965,21.739093676023,4.404255319148936,2.6398839415243835,4.140007000350018,0.0154824440143765,0.4967845659163987,2013-10-31,0.3,bmo,26256000000.0,2025-04-25,2013-09-30,0.0,35.16984375,6346411.65625
2013-06-30,MPC,USD,1510295,2013-08-08,2013-08-08 11:29:11,2013,Q2,24099000000.0,22399000000.0,1700000000.0,0.0705423462,0,358000000.0,0.0,358000000.0,385000000.0,743000000.0,23142000000.0,3000000.0,45000000.0,294000000.0,1254000000.0,0.0520353542,960000000.0,0.0398356778,-45000000.0,915000000.0,0.0379683804,316000000.0,592000000.0,0.0245653347,0.92,0.92,646994535,648000000,https://www.sec.gov/Archives/edgar/data/1510295/000119312513326060/0001193125-13-326060-index.htm,https://www.sec.gov/Archives/edgar/data/1510295/000119312513326060/d543398d10q.htm,37.24760982718347,0.915000000734164,-0.6738851356758369,-1.027829392716586,4.743471287589778,18.8517821097206,17.402001703151942,18.213445960559778,5.340076017798203,22767737686.65,23108737686.65,9.614754090646114,0.9447586076870408,-52.21958185011468,-34.23719952879699,1.932089077278513,1.932089077278513,0.9589085724158678,18.428020483771927,-53.00169194185779,-34.74998148368421,0.0260017050507008,-0.0292079963829663,0.2893754243041412,0.114834147162822,0.2719298245614035,1.391660970608339,21.33333333333333,-0.7352445193929174,0.0049631632951506,0.1908783783783783,0.0148553881903813,0.0,0.0315878093955211,-0.5252293577981652,0.0095024689821154,0.7789115646258503,0.0,19.364124535178103,0.0322667256966392,0.020586292033244,-11.424748742274923,4011000000.0,11259000000.0,-3246000000.0,18748000000.0,5836000000.0,8736500000.0,4854500000.0,23.016307730611228,34.55913210411179,19.40711638912451,3.910270971929255,2.6042320660388327,4.637474120082816,0.0502376103190767,0.3539442570407491,2013-08-01,0.96,bmo,25152979591.0,2025-04-25,2013-06-30,0.0208333333333333,39.92578125,6929214.59375
2013-03-31,MPC,USD,1510295,2013-05-09,2013-05-09 16:01:13,2013,Q1,21886000000.0,20106000000.0,1780000000.0,0.0813305309,0,249000000.0,0.0,249000000.0,381000000.0,630000000.0,20736000000.0,2000000.0,44000000.0,287000000.0,1442000000.0,0.0658868683,1155000000.0,0.0527734625,-48000000.0,1108000000.0,0.0506259709,378000000.0,724000000.0,0.0330805081,1.09,1.09,666000000,667281105,https://www.sec.gov/Archives/edgar/data/1510295/000119312513210939/0001193125-13-210939-index.htm,https://www.sec.gov/Archives/edgar/data/1510295/000119312513210939/d499343d10q.htm,32.86186186186186,1.087087087087087,3.121621621621621,2.828828828828829,7.112612612612613,18.63663663663664,17.24024024024024,18.01801801801802,5.195195195195195,29916720000.0,28595720000.0,10.3303591160221,1.3669341131316823,14.389956709956712,15.87936305732484,2.49306,2.49306,1.306575893265101,19.83059639389737,13.754555074555077,15.17819532908705,0.0242005139600865,0.0629748180950318,0.2846666666666667,0.1110064017157898,-0.9160887656033287,1.42589485458613,26.25,2.867586206896552,0.0038774304134945,0.1602209944751381,0.0113771360687197,0.0,0.0302212978910083,0.0937950937950937,0.0089098053550214,0.6794425087108014,0.0,20.993117473389265,0.0379212490143578,0.0242602955466943,-10.589714714714717,4569000000.0,11482000000.0,-3064000000.0,19349000000.0,5059500000.0,7828500000.0,4164000000.0,22.65420816960614,39.71351835273053,21.83974932855864,3.972771827917952,2.2662308385933274,4.120926419348227,0.0603333333333333,0.2927927927927928,2013-04-30,1.08,bmo,23115963302.0,2025-04-25,2013-03-31,0.0092592592592592,39.05883333333334,7131853.933333334
2012-12-31,MPC,USD,1510295,2013-02-28,2013-02-28 17:04:19,2012,Q4,19266000000.0,17421000000.0,1845000000.0,0.0957645593,0,279000000.0,35000000.0,314000000.0,346000000.0,660000000.0,18081000000.0,0.0,0.0,283000000.0,1471000000.0,0.0763521229,1182000000.0,0.0613516039,-38000000.0,1144000000.0,0.0593792173,385000000.0,755000000.0,0.0391882072,1.13,1.12,672000000,674882208,https://www.sec.gov/Archives/edgar/data/1510295/000119312513084698/0001193125-13-084698-index.htm,https://www.sec.gov/Archives/edgar/data/1510295/000119312513084698/d445389d10k.htm,28.669642857142858,1.1235119047619049,3.040178571428572,2.4404761904761907,7.232142857142857,18.013392857142858,16.629464285714285,17.401785714285715,5.001488095238095,21168000000.0,19669000000.0,7.009271523178809,1.0987231392089691,10.36123348017621,12.907317073170733,1.810159055926116,1.810159055926116,1.0209176788124157,13.371176070700203,9.627508565834557,11.99329268292683,0.035667044595616,0.0774754346182917,0.2874123482127587,0.1234617786430591,-1.019034670292318,1.5883213458490797,0.0,2.7059602649006624,0.005479969765684,0.1536423841059602,0.0144814699470569,0.0,0.0341622892407155,0.1972589329417523,0.0209176788124156,1.4240282685512369,0.0018166718571576,20.973794406773468,0.0411897441284488,0.0287148670748868,-7.553571428571429,4826000000.0,11175000000.0,-2089000000.0,18399000000.0,4855500000.0,6868000000.0,3669000000.0,21.53534724384927,35.05252281728948,17.818150508007577,4.179175704989154,2.5675755342667648,5.051029283850392,0.0645630237728749,0.5997023809523809,2013-01-30,1.05,bmo,19030088495.0,2025-04-25,2012-12-31,0.076190476190476,28.73064516129032,5992728.129032258
2012-09-30,MPC,USD,1510295,2012-11-09,2012-11-09 13:29:30,2012,Q3,19592000000.0,17286000000.0,2306000000.0,0.1177011025,0,305000000.0,-12000000.0,293000000.0,137000000.0,430000000.0,17716000000.0,-6000000.0,18000000.0,246000000.0,2134000000.0,0.108922009,1701000000.0,0.0868211515,-25000000.0,1870000000.0,0.0954471213,646000000.0,1222000000.0,0.0623723969,1.81,1.8,680000000,680779944,https://www.sec.gov/Archives/edgar/data/1510295/000119312512462694/0001193125-12-462694-index.htm,https://www.sec.gov/Archives/edgar/data/1510295/000119312512462694/d415840d10q.htm,28.811764705882357,1.7970588235294118,2.695588235294118,2.208823529411765,4.980882352941176,16.863235294117647,15.495588235294118,16.863235294117647,4.951470588235294,18815600000.0,18777600000.0,3.849345335515548,0.9603715802368312,10.264920894708128,12.527030625832223,1.6408476497776228,1.6408476497776228,0.9584320130665578,8.79925023430178,10.24418985270049,12.5017310252996,0.0649461085482259,0.0798273772826803,0.2920554635039679,0.1259827709438362,-0.0178069353327085,1.5064997592681753,94.5,1.4975490196078431,0.0063245392121431,0.0973813420621931,0.0155675786035116,0.0,0.0349847646992438,0.1805782869612656,0.0168946508779093,1.3455284552845528,0.0,26.112163449574627,0.0608571641531466,0.0476357541028339,-8.762867647058824,4208000000.0,10537000000.0,-2600000000.0,17670000000.0,4904500000.0,6553000000.0,3959500000.0,23.432523478971007,36.19055883373829,20.24817771607081,3.840815526367379,2.4868364264134657,4.4448444330162,0.1065666695735589,0.4867647058823529,2012-11-01,1.62,bmo,20730144578.0,2025-04-25,2012-09-30,0.0246913580246912,24.58063492063492,6193144.53968254
2012-06-30,MPC,USD,1510295,2012-08-08,2012-08-08 16:34:14,2012,Q2,20248000000.0,18274000000.0,1974000000.0,0.0974911102,0,376000000.0,0.0,376000000.0,1785000000.0,676000000.0,18950000000.0,37000000.0,47000000.0,236000000.0,1536000000.0,0.0758593441,1307000000.0,0.0645495851,-17000000.0,1290000000.0,0.063709996,476000000.0,812000000.0,0.0401027262,1.2,1.19,680000000,682000000,https://www.sec.gov/Archives/edgar/data/1510295/000119312512344150/0001193125-12-344150-index.htm,https://www.sec.gov/Archives/edgar/data/1510295/000119312512344150/d373221d10q.htm,29.77647058823529,1.1941176470588235,0.3955882352941176,-0.0838235294117647,2.786764705882353,15.18529411764706,13.825,15.18529411764706,4.973529411764706,15272800000.0,16712800000.0,4.702216748768473,0.7542868431450019,56.776208178438665,-267.9438596491228,1.4790625605268255,1.4790625605268255,0.8254049782694587,10.880729166666669,62.12936802973978,-293.20701754385965,0.053166413493269,-0.0037321250851186,0.3229711408096068,0.1351241845954378,0.9375,1.4146405919661733,27.80851063829787,0.3304668304668304,0.0055654496883348,0.104679802955665,0.018569735282497,0.0,0.0374782221141768,1.211895910780669,0.0161003555906756,1.38135593220339,0.0,20.198839640864776,0.0481395710823573,0.0341808385250042,-10.16764705882353,3138000000.0,9401000000.0,-3649000000.0,16477000000.0,5287500000.0,6979000000.0,3691000000.0,20.926511260371395,30.31356024953486,19.847871292546788,4.3007646559048425,2.9689683184402926,4.534491315136476,0.0786364516753825,0.4794117647058823,2012-07-31,1.25,bmo,20087301587.0,2025-04-25,2012-06-30,0.008,19.65396825396825,7066091.174603174
2012-03-31,MPC,USD,1510295,2012-05-09,2012-05-09 16:47:15,2012,Q1,20273000000.0,18752000000.0,1521000000.0,0.0750258965,0,263000000.0,0.0,263000000.0,1747000000.0,567000000.0,19319000000.0,1000000.0,22000000.0,230000000.0,1179000000.0,0.0581561683,956000000.0,0.0471563163,-22000000.0,934000000.0,0.0460711291,338000000.0,595000000.0,0.029349381,0.86,0.85,696000000,700000000,https://www.sec.gov/Archives/edgar/data/1510295/000119312512222274/0001193125-12-222274-index.htm,https://www.sec.gov/Archives/edgar/data/1510295/000119312512222274/d320613d10q.htm,29.12787356321839,0.8548850574712644,0.4985632183908046,0.0545977011494252,3.168103448275862,13.241379310344827,12.031609195402298,13.241379310344827,4.80316091954023,15089280000.0,16205280000.0,6.340033613445378,0.7443042470280669,43.48495677233429,397.0863157894737,1.6372916666666666,1.6372916666666666,0.7993528338183791,13.744936386768448,46.70109510086456,426.45473684210526,0.039431967595538,0.0025183441489587,0.3603515625,0.1312336995179009,0.9465648854961832,1.2585588522986633,43.45454545454545,0.5822147651006712,0.0057656826568265,0.146218487394958,0.0129729196468208,0.0,0.0332727416422982,0.8904899135446686,0.0152419474177477,1.3434782608695652,0.0,15.959222710905014,0.0378388874765671,0.0243214519293656,-11.219468390804598,2379000000.0,8374000000.0,-4510000000.0,15467000000.0,5664000000.0,7996000000.0,3336000000.0,26.04597247570661,37.45040529010239,16.08788395904437,3.455428668825635,2.40317826476996,5.594272076372315,0.0645616319444444,0.4439655172413793,2012-05-01,0.67,bmo,15979894117.0,2025-04-25,2012-03-31,0.2686567164179103,20.38774193548387,7801488.0
2011-12-31,MPC,USD,1510295,2012-02-29,2012-02-29 15:01:51,2011,Q4,19432000000.0,19018000000.0,414000000.0,0.0213050638,0,302000000.0,0.0,302000000.0,0.0,581000000.0,19599000000.0,0.0,22000000.0,230000000.0,72000000.0,0.0037052285,-158000000.0,-0.0081309181,-22000000.0,-180000000.0,-0.0092630712,-105000000.0,-75000000.0,-0.003859613,-0.11,-0.11,696000000,696000000,https://www.sec.gov/Archives/edgar/data/1510295/000119312512088690/0001193125-12-088690-index.htm,https://www.sec.gov/Archives/edgar/data/1510295/000119312512088690/d260652d10k.htm,27.91954022988505,-0.1077586206896551,0.9166666666666666,0.4267241379310345,4.423850574712644,13.656609195402298,12.44683908045977,13.656609195402298,4.783045977011494,11581440000.0,11809440000.0,-38.6048,0.5959983532317826,18.152727272727272,38.99474747474748,1.2184576538663865,1.2184576538663865,0.6077315767805681,164.02,18.510094043887147,39.762424242424245,-0.0064758786472148,0.0256444794429708,0.3479221462388217,0.1284521266265294,3.1666666666666665,1.251277239078303,-7.181818181818182,-8.506666666666666,0.0076847093280282,-1.1866666666666668,0.0155413750514615,0.0,0.0327053796853758,0.5344827586206896,0.0175483738163853,1.482608695652174,0.0,,-0.0040715772981219,-0.0030116853391157,-10.639727011494251,2410000000.0,8663000000.0,-4239000000.0,15480000000.0,5187500000.0,7581500000.0,3467500000.0,25.29281597365171,38.753286360290254,15.711431275633611,3.558322651529024,2.3223836854316766,5.728313253012049,-0.0078905839032088,0.4899425287356322,2012-02-01,-0.02704,bmo,5829599999.0,2025-04-25,2011-12-31,2.698224852071005,17.161746031746034,7284392.19047619
2011-09-30,MPC,USD,1510295,2011-11-09,2011-11-09 13:57:07,2011,Q3,20638000000.0,18305000000.0,2333000000.0,0.1130438996,0,299000000.0,0.0,299000000.0,1699000000.0,589000000.0,18894000000.0,0.0,15000000.0,227000000.0,1971000000.0,0.0955034403,1759000000.0,0.085231127,-15000000.0,1744000000.0,0.0845043124,611000000.0,1133000000.0,0.0548987305,1.59,1.58,712000000,714000000,https://www.sec.gov/Archives/edgar/data/1510295/000119312511304146/0001193125-11-304146-index.htm,https://www.sec.gov/Archives/edgar/data/1510295/000119312511304146/d231601d10q.htm,28.985955056179776,1.5912921348314606,2.414325842696629,1.9550561797752808,4.15308988764045,14.11376404494382,12.9311797752809,14.11376404494382,4.654494382022472,9633360000.0,9975360000.0,2.125631067961165,0.4667777885454017,5.604048865619546,6.920517241379311,0.9586386705144788,0.9586386705144788,0.4833491617404787,5.061065449010655,5.803001745200698,7.166206896551724,0.1176121311774915,0.1444978699020902,0.3282913722758483,0.1307829534192269,0.1735159817351598,1.3549698095680447,117.26666666666668,1.5172109443954105,0.0073702218125347,0.0626654898499558,0.0144878379687954,0.0,0.0333795837462834,0.1902268760907504,0.0158445585812578,1.4405286343612336,0.0,22.479551566828217,0.0687282636344224,0.04646680063979,-9.446629213483146,3057000000.0,9207000000.0,-3507000000.0,15925000000.0,4978000000.0,7143500000.0,3647000000.0,21.429402073844365,34.28899207866703,17.773832286260586,4.1998371998372,2.6247490679667336,5.063623789764868,0.112747537068365,0.4592696629213483,2011-11-01,1.29,bmo,16850012658.0,2025-04-25,2011-09-30,0.2248062015503876,18.51796875,8400751.46875
2011-06-30,MPC,USD,1510295,2011-08-09,2011-08-09 13:42:12,2011,Q2,20777000000.0,18904000000.0,1873000000.0,0.0901477595,0,288000000.0,0.0,288000000.0,0.0,565000000.0,19469000000.0,29000000.0,42000000.0,218000000.0,1508000000.0,0.072580257,1325000000.0,0.0637724407,8000000.0,1333000000.0,0.0641574818,531000000.0,802000000.0,0.0386003754,1.13,1.12,712000000,716000000,https://www.sec.gov/Archives/edgar/data/1510295/000119312511216086/0001193125-11-216086-index.htm,https://www.sec.gov/Archives/edgar/data/1510295/000119312511216086/d10q.htm,29.1811797752809,1.1264044943820224,0.0519662921348314,-0.3328651685393258,2.2780898876404496,12.60814606741573,11.42556179775281,12.60814606741573,4.657303370786517,14738400000.0,16390400000.0,4.59426433915212,0.7093613129903258,398.3351351351351,-62.187341772151896,1.6417957001225354,1.6417957001225354,0.7888723107282091,10.86896551724138,442.9837837837838,-69.157805907173,0.0544156760571025,-0.0160804429246051,0.3647098139690319,0.1366215990652645,1.0954907161803713,1.2297344718680547,31.547619047619047,0.0461346633416458,0.0,0.0,0.0138614814458295,0.0,0.0351360373894174,7.405405405405405,0.0131876594311016,1.256880733944954,0.0,17.875741352840368,0.0516747777726826,0.0346855808321079,-10.876404494382022,1964000000.0,8135000000.0,-4474000000.0,14741000000.0,4898500000.0,7039500000.0,3207000000.0,21.840496703085144,34.81644096487516,17.515340668641556,4.120785402618009,2.584985642007384,5.138352813264474,0.0893394229698117,0.3848314606741573,2011-08-09,,bmo,,2025-04-25,2011-06-30,,19.506666666666664,3090155.6666666665
2011-03-31,MPC,USD,1510295,2011-03-31,2011-03-30 20:00:00,2011,Q1,17871000000.0,15342000000.0,2529000000.0,0.141514185,0,217000000.0,0.0,217000000.0,0.0,501000000.0,15843000000.0,0.0,14000000.0,216000000.0,1035000000.0,0.0579150579,819000000.0,0.0458284371,3000000.0,822000000.0,0.0459963069,293000000.0,529000000.0,0.0296010296,0.75,0.74,712000000,716000000,,,25.0997191011236,0.7429775280898876,1.2851123595505618,0.9438202247191012,4.191011235955056,12.691011235955056,11.519662921348315,12.691011235955056,4.692415730337078,13884000000.0,16992000000.0,6.561436672967864,0.7769011247272117,15.173770491803278,20.660714285714285,1.5365205843293492,1.5365205843293492,0.9508141682054726,16.417391304347827,18.57049180327869,25.285714285714285,0.0381014116969173,0.0484010371650821,0.3681938911022576,0.1399251377381503,3.002898550724637,1.2774692103356675,58.5,1.729678638941399,0.0,0.0,0.0121425773599686,0.0,0.0350759136981116,0.2655737704918032,0.013597448380057,1.125,0.0,14.565560872607849,0.0338755281872673,0.0230571416118205,-9.583216292134832,2298000000.0,8202000000.0,-4161000000.0,14840000000.0,4576500000.0,6609500000.0,2903000000.0,23.946617424878298,39.69104419241299,16.044192412983968,3.758359621451104,2.267514040792196,5.609506398537477,0.0585436033643205,0.3412921348314606,2011-08-02,0.98,bmo,17705617391.0,2025-04-25,2011-03-31,0.1734693877551019,,
2010-12-31,MPC,USD,1510295,2010-12-31,2010-12-30 19:00:00,2010,Q4,17461000000.0,15238000000.0,2223000000.0,0.127312296,0,0.0,0.0,260000000.0,0.0,535000000.0,15773000000.0,0.0,0.0,218000000.0,577000000.0,0.0330450719,351000000.0,0.0201019415,10000000.0,361000000.0,0.0206746464,131000000.0,230000000.0,0.0131722124,0.32,0.32,712000000,712000000,,,24.52387640449438,0.3230337078651685,2.706460674157303,2.290730337078652,3.542134831460674,11.57865168539326,10.40308988764045,11.57865168539326,5.473314606741573,13884000000.0,17663000000.0,15.091304347826089,0.7951434625737358,7.204981837052413,8.51256897608829,1.6841339155749635,1.6841339155749635,1.011568638680488,30.611785095320624,9.166061235080436,10.8295524218271,0.0165658311725727,0.117473350619418,0.472707423580786,0.1677427685950413,6.549393414211439,1.1665893271461716,0.0,8.378260869565217,0.0,0.0,0.0,0.0,0.0360278925619834,0.1536066424494032,0.016952064601111,1.3577981651376148,0.0,9.173692423733588,0.0146373091284373,0.0102701495869613,-10.719101123595506,1436000000.0,7407000000.0,-4932000000.0,13997000000.0,4234500000.0,5983500000.0,3347000000.0,22.66880476490465,38.11326945793411,18.13820711379446,3.970213733515234,2.361382302804897,4.961901660696841,0.0278990781174187,0.4157303370786517,2010-12-30,,bmo,,2025-04-25,2010-12-31,,,
2010-09-30,MPC,USD,1510295,2010-09-30,2010-09-29 20:00:00,2010,Q3,15928000000.0,13615000000.0,2313000000.0,0.1452159719,0,0.0,0.0,226000000.0,0.0,519000000.0,14134000000.0,0.0,6000000.0,234000000.0,677000000.0,0.042503767,443000000.0,0.027812657,-4000000.0,439000000.0,0.0275615269,162000000.0,277000000.0,0.0173907584,0.39,0.39,712000000,716000000,,,22.370786516853933,0.3890449438202247,-0.0070224719101123,-0.4101123595505618,0.5379213483146067,11.917134831460674,10.737359550561798,11.917134831460674,5.328651685393258,13884000000.0,17555000000.0,12.530685920577618,0.871672526368659,-2776.8,-47.54794520547945,1.6362993517972897,1.6362993517972897,1.1021471622300352,25.930576070901036,-3511.0,-60.11986301369863,0.0199510227600115,-0.0210314030538749,0.4464348850913376,0.1724326292789512,5.42245199409158,0.8109066513321832,73.83333333333333,-0.0180505415162454,0.0,0.0,0.0,0.0,0.0382374362709395,-57.4,0.0180185836263184,1.2264957264957266,0.0,10.213558324481356,0.0185619176569124,0.0131105641802347,-11.566362359550562,-1973000000.0,7645000000.0,-5022000000.0,10499000000.0,,,,23.00288799598192,36.44950422328314,23.9493206022769,3.912552198477033,2.469169387014871,3.7579354126414577,0.0326458456098998,0.4030898876404494,2010-09-29,,bmo,,2025-04-25,2010-09-30,,,
2010-06-30,MPC,USD,1510295,2010-06-30,2010-06-29 20:00:00,2010,Q2,15807000000.0,14629000000.0,1178000000.0,0.0745239451,0,0.0,0.0,228000000.0,0.0,560000000.0,15189000000.0,0.0,0.0,269000000.0,887000000.0,0.0561143797,636000000.0,0.0402353388,4000000.0,640000000.0,0.0404883912,235000000.0,405000000.0,0.0256215601,0.57,0.56,712000000,716000000,,,22.200842696629213,0.5688202247191011,0.6235955056179775,0.2064606741573033,,,,,,13884000000.0,,8.570370370370371,0.8783450370089201,31.27027027027027,94.44897959183672,0.0,0.0,,,,,0.0291702679343128,0.0105877268798617,0.0,0.0,,0.0,0.0,1.0962962962962963,0.0,0.0,0.0,0.0,0.0,0.668918918918919,0.0187891440501043,1.104089219330855,0.0,,0.0,0.0,,,,,,,,,,,,0.0,0.0,0.0,0.0,0.4171348314606741,2010-06-29,,bmo,,2025-04-25,2010-06-30,,,
2010-03-31,MPC,USD,1510295,2010-03-31,2010-03-30 20:00:00,2010,Q1,13391000000.0,12104000000.0,1287000000.0,0.0961093272,0,0.0,0.0,206000000.0,0.0,494000000.0,12598000000.0,0.0,4000000.0,220000000.0,-199000000.0,-0.0148607274,-419000000.0,-0.0312896722,2000000.0,-417000000.0,-0.0311403181,-128000000.0,-289000000.0,-0.0215816593,-0.41,-0.4,712000000,716000000,,,18.80758426966292,-0.4058988764044944,-0.2092696629213483,-0.6825842696629213,,,,,,13884000000.0,,-12.010380622837369,1.0368157717870212,-93.18120805369126,-28.567901234567906,0.0,0.0,,,,,-0.0208153269951022,-0.0350043215211754,0.0,0.0,,0.0,-104.75,0.5155709342560554,0.0,0.0,0.0,0.0,0.0,-2.261744966442953,0.0251661563736838,1.5318181818181815,0.0,,0.0,0.0,,,,,,,,,,,,0.0,0.0,0.0,0.0,0.473314606741573,2010-03-30,,bmo,,2025-04-25,2010-03-31,,,
2009-12-31,MPC,USD,1510295,2009-12-31,2009-12-30 19:00:00,2009,Q4,13421000000.0,11817000000.0,1604000000.0,0.1195141942,0,0.0,0.0,219000000.0,0.0,460000000.0,12277000000.0,0.0,0.0,194000000.0,76000000.0,0.0056627673,-122000000.0,-0.0090902317,6000000.0,-116000000.0,-0.0086431711,-64000000.0,-52000000.0,-0.003874525,-0.073,-0.073,712000000,712000000,,,18.8497191011236,-0.0730337078651685,0.9620786516853932,0.1151685393258427,1.3932584269662922,12.882022471910112,11.657303370786517,12.882022471910112,3.668539325842697,13884000000.0,16368000000.0,-66.75,1.0344981745026451,20.26861313868613,169.3170731707317,1.5137374618403838,1.5137374618403838,1.2195812532598167,215.3684210526316,23.894890510948905,199.609756097561,-0.0037453183520599,0.0059060789397868,0.2847797645006542,0.1228945139738402,32.68421052631579,1.1902968208527949,0.0,-13.173076923076923,0.0,0.0,0.0,0.0,0.0410275712807001,0.8802919708029197,0.0449295879591684,3.1082474226804124,0.0,,-0.0037386966893911,-0.0025512707290746,-9.509480337078651,1263000000.0,8300000000.0,-4182000000.0,14032000000.0,,,,23.759034349154312,41.94211728865194,25.316070068545315,3.788032740615298,2.1458144180134373,3.5550541516245486,-0.0056694286960314,0.8469101123595506,2009-12-30,,bmo,,2025-04-25,2009-12-31,,,
2009-09-30,MPC,USD,1510295,2009-09-30,2009-09-29 20:00:00,2009,Q3,12438000000.0,10467000000.0,1971000000.0,0.1584659913,0,0.0,0.0,220000000.0,0.0,448000000.0,10915000000.0,0.0,7000000.0,167000000.0,432000000.0,0.0347322721,265000000.0,0.0213056762,6000000.0,271000000.0,0.0217880688,103000000.0,168000000.0,0.0135069947,0.24,0.23,712000000,716000000,,,17.469101123595507,0.2359550561797752,,,,,,,,13884000000.0,,20.660714285714285,1.11625663289918,0.0,0.0,0.0,0.0,,,0.0,0.0,0.0121002592912705,,0.0,0.0,,0.0,37.85714285714285,0.0,,,0.0,0.0,0.0,0.0,,0.0,,,0.0,0.0,,,,,,,,,,,,0.0,0.0,0.0,0.0,,2009-09-29,,bmo,,2025-04-25,2009-09-30,,,
