date,symbol,reportedCurrency,cik,fillingDate,acceptedDate,calendarYear,period,revenue,costOfRevenue,grossProfit,grossProfitRatio,researchAndDevelopmentExpenses,generalAndAdministrativeExpenses,sellingAndMarketingExpenses,sellingGeneralAndAdministrativeExpenses,otherExpenses,operatingExpenses,costAndExpenses,interestIncome,interestExpense,depreciationAndAmortization,ebitda,ebitdaratio,operatingIncome,operatingIncomeRatio,totalOtherIncomeExpensesNet,incomeBeforeTax,incomeBeforeTaxRatio,incomeTaxExpense,netIncome,netIncomeRatio,eps,epsdiluted,weightedAverageShsOut,weightedAverageShsOutDil,link,finalLink,revenuePerShare,netIncomePerShare,operatingCashFlowPerShare,freeCashFlowPerShare,cashPerShare,bookValuePerShare,tangibleBookValuePerShare,shareholdersEquityPerShare,interestDebtPerShare,marketCap,enterpriseValue,peRatio,priceToSalesRatio,pocfratio,pfcfRatio,pbRatio,ptbRatio,evToSales,enterpriseValueOverEBITDA,evToOperatingCashFlow,evToFreeCashFlow,earningsYield,freeCashFlowYield,debtToEquity,debtToAssets,netDebtToEBITDA,currentRatio,interestCoverage,incomeQuality,dividendYield,payoutRatio,salesGeneralAndAdministrativeToRevenue,researchAndDdevelopementToRevenue,intangiblesToTotalAssets,capexToOperatingCashFlow,capexToRevenue,capexToDepreciation,stockBasedCompensationToRevenue,grahamNumber,roic,returnOnTangibleAssets,grahamNetNet,workingCapital,tangibleAssetValue,netCurrentAssetValue,investedCapital,averageReceivables,averagePayables,averageInventory,daysSalesOutstanding,daysPayablesOutstanding,daysOfInventoryOnHand,receivablesTurnover,payablesTurnover,inventoryTurnover,roe,capexPerShare,report_date,epsEstimated,time,revenueEstimated,updatedFromDate,fiscalDateEnding,surprise(%),QuarterAvgPrice,QuarterAvgVolume
2025-03-31,MPWR,USD,1280452,2025-05-05,2025-05-05 16:01:48,2025,Q1,637554000.0,284324000.0,353230000.0,0.5540393441,92227000,0.0,0.0,92244000.0,0.0,184471000.0,468795000.0,0.0,0.0,0.0,168759000.0,0.2646975786,168759000.0,0.2646975786,5131000.0,173890000.0,0.2727455243,40099000.0,133791000.0,0.2098504597,2.8,2.79,47851000,48006000,https://www.sec.gov/Archives/edgar/data/1280452/000143774925014522/0001437749-25-014522-index.htm,https://www.sec.gov/Archives/edgar/data/1280452/000143774925014522/mpwr20250331_10q.htm,13.323734091241562,2.795991724310882,5.358028045390901,4.514952665566028,21.455434578169736,68.27464420806253,67.53077260663309,68.27464420806253,0.0,27752622980.0,27115268980.0,51.85816493635596,43.52983900971525,108.24504744780351,128.45760364738828,8.494808090578235,8.494808090578235,42.53015270863331,160.67450613004343,105.7591413761228,125.50750528825012,0.0048208416226609,0.0077846695844098,0.0,0.0,-3.7767111679969663,4.921246776976398,0.0,1.9163247154143404,0.0021622460710558,0.4485204535432129,0.0,0.144657550576108,0.0093529281930547,0.1573480714700823,0.0632762087603559,3.5236265175997903,0.0021174676968539,65.53735693621833,0.0377192522908727,0.0354867757777179,18.31644061775093,1424985000.0,3231415000.0,1249636000.0,1987928000.0,223697000.0,114918000.0,437202000.0,30.3314542768142,40.29874368677987,143.96030584825763,2.967216776967971,2.233320241929149,0.6251723311484566,0.0409521244195763,0.843075379824873,2025-05-01,4.01,amc,634204286.0,2025-05-11,2025-03-31,0.0074812967581048,630.1357499999999,899209.7
2024-12-31,MPWR,USD,1280452,2025-03-03,2025-03-03 15:14:51,2024,Q4,621665000.0,277257000.0,344408000.0,0.554008992,85762000,0.0,0.0,95339000.0,0.0,181101000.0,458358000.0,6744000.0,0.0,10043000.0,172972000.0,0.278239888,163307000.0,0.2626929295,6224000.0,169531000.0,0.2727047526,-1279832000.0,1449363000.0,2.3314212639,30.0,29.88,48317000,48506000,https://www.sec.gov/Archives/edgar/data/1280452/000143774925005903/0001437749-25-005903-index.htm,https://www.sec.gov/Archives/edgar/data/1280452/000143774925005903/mpwr20241231_10k.htm,12.866382432684148,29.996957592565764,3.4704348365999547,2.129250574332016,17.86009065132355,65.10683610323488,64.36419893619222,65.10683610323488,0.2685183268828777,28589168900.000004,27910326900.000004,4.931333437517034,45.98806254172264,170.49736642791967,277.89120131416524,9.088139363150546,9.088139363150546,44.89608856860207,161.3574850264783,166.44895307160624,271.2927507071414,0.0506962271295686,0.0035985306309481,0.0041242723952536,0.0035868543199145,-3.9245773882478088,5.313062902497564,0.0,0.1156928940506967,0.002163651563862,0.0426787492160349,0.0,0.1379553296389534,0.0099201099666389,0.3864600044131416,0.1042394215534089,6.452454445882704,0.0900967562915718,209.6250403349621,0.4202076322540181,0.4047126464063174,16.056822650412897,1270486000.0,3109885000.0,1093723000.0,1835511000.0,198616000.0,109195500.0,422276500.0,33.66366129667908,33.280818879234786,136.2093292504788,2.6735059863758344,2.704260382732185,0.6607476925056779,0.4607343773394533,1.3411842622679389,2024-12-31,,,,,,,724.14484375,912869.171875
2024-09-30,MPWR,USD,1280452,2024-11-06,2024-11-06 16:02:01,2024,Q3,620119000.0,276676000.0,343443000.0,0.5538340222,85051000,0.0,0.0,94364000.0,0.0,179415000.0,456091000.0,6805000.0,0.0,9445000.0,173473000.0,0.279741469,164028000.0,0.2645105214,10278000.0,174306000.0,0.2810847595,29876000.0,144430000.0,0.2329069098,2.96,2.95,48757000,48964000,https://www.sec.gov/Archives/edgar/data/1280452/000143774924033608/0001437749-24-033608-index.htm,https://www.sec.gov/Archives/edgar/data/1280452/000143774924033608/mpwr20240930_10q.htm,12.718563488319626,2.9622413191951926,4.752199684147917,4.058596714317944,29.99261644481818,48.2328691264844,47.48825809627336,48.2328691264844,0.2765141415591607,45075846500.0,44388981500.0,78.02369054213113,72.68902662230958,194.541488457206,227.78809156833515,19.16742704182949,19.16742704182949,71.5813924424183,255.88409435474108,191.5770684885392,224.3170604138768,0.0032041550234669,0.0043900451209496,0.0057328984687607,0.004722671766956,-3.9594922552789193,6.418678027737174,0.0,1.6042581181195044,0.0013567798443896,0.4234438828498234,0.0,0.1371527077867312,0.0127174453715574,0.1459540877761617,0.0545346941474136,3.580518793012176,0.0828840916017732,56.69869003840071,0.0539735672612618,0.0512447510763952,26.566421231823124,1823862000.0,2315385000.0,1657400000.0,2331458000.0,161332500.0,107879500.0,425846500.0,23.90405712451965,37.68975263485087,138.2294814150848,3.765051243442782,2.387916972338497,0.6510912077412917,0.0614154076430141,0.6936029698299732,2024-10-30,3.97,amc,600596445.0,2025-04-25,2024-09-30,0.0226700251889167,863.3634375,561384.8125
2024-06-30,MPWR,USD,1280452,2024-08-02,2024-08-02 16:01:47,2024,Q2,507431000.0,226853000.0,280578000.0,0.552938232,77945000,0.0,0.0,86097000.0,-5035000.0,164042000.0,390895000.0,6630000.0,0.0,8691000.0,125227000.0,0.2467862626,116536000.0,0.2296588108,7512000.0,124048000.0,0.244462794,23682000.0,100366000.0,0.1977924092,2.06,2.05,48687000,48945000,https://www.sec.gov/Archives/edgar/data/1280452/000143774924024477/0001437749-24-024477-index.htm,https://www.sec.gov/Archives/edgar/data/1280452/000143774924024477/mpwr20240630_10q.htm,10.422309856840634,2.0614537761620144,2.895536796270052,2.2484030644730626,26.849980487604498,45.10152607472221,44.34994967855896,45.10152607472221,0.3181752829297348,39894127800.0,39359143800.0,99.37161937309448,78.61980801330624,282.98725164036176,364.4364362188037,18.167899654713555,18.167899654713555,77.56550900516524,314.3023772828543,279.1923660223444,359.54930938721816,0.0025158088554576,0.0027439627342849,0.0070546456100531,0.0058497839231579,-4.2721138412642645,6.767311855643907,0.0,1.4046091305820696,0.0017058901586012,0.6780682701313193,0.0,0.1536070914075017,0.0138180423030271,0.2234935272211385,0.0620912005770242,3.625244505810609,0.1030800246733053,45.737632239126974,0.0400719071987436,0.0384317299371252,24.376471131924333,1702274000.0,2159266000.0,1545159000.0,2173081000.0,176202000.0,101682500.0,411370500.0,28.01659733047449,39.63121492772853,169.30607045090872,3.212381537214882,2.27093719342503,0.5315816483148252,0.0457069628363947,0.647133731796989,2024-08-01,3.07,amc,490656796.0,2025-04-25,2024-06-30,0.0325732899022801,721.6463492063492,498324.8571428572
2024-03-31,MPWR,USD,1280452,2024-05-03,2024-05-03 16:02:10,2024,Q1,457885000.0,205444000.0,252441000.0,0.5513196545,75990000,0.0,0.0,80964000.0,-1497000.0,156954000.0,362398000.0,6914000.0,0.0,8251000.0,103738000.0,0.2265590705,95487000.0,0.208539262,9540000.0,105027000.0,0.2293741878,12486000.0,92541000.0,0.2021053321,1.9,1.89,48635000,48928000,https://www.sec.gov/Archives/edgar/data/1280452/000143774924014648/0001437749-24-014648-index.htm,https://www.sec.gov/Archives/edgar/data/1280452/000143774924014648/mpwr20240331_10q.htm,9.41472190809088,1.9027654980980773,5.100257016551866,4.771460882080806,26.449861211061997,43.45753058496968,42.700277577876015,43.45753056440835,0.1759021280970494,32511524800.0,32031806800.0,87.83005586712916,71.0036904462911,131.06790458413795,140.09965009049384,15.38237427019114,15.38237427019114,69.95600816798978,308.77602035898127,129.13395551721217,138.03243471515987,0.0028464060227651,0.0071377765708485,0.0040476788674484,0.0033175618266716,-4.62432281324105,6.3373476978325,0.0,2.6804443435882472,0.0015241672085463,0.5354707643098735,0.0,0.1659587014206623,0.0142819970209807,0.0644665814691333,0.0349236161918385,1.9380683478449097,0.1003002937418784,43.13367037809586,0.0371159216572356,0.0364066325920424,23.955428189575407,1664612000.0,2076728000.0,1511348000.0,2085924000.0,222221000.0,83214500.0,389846000.0,38.21891959771558,45.32811861139776,173.47354996982148,2.3548546360630107,1.9855225135545225,0.5188110810879063,0.0437844827671004,0.3287961344710599,2024-05-01,2.66,amc,447686550.0,2025-04-25,2024-03-31,0.0563909774436089,667.5868852459017,547883.5901639344
2023-12-31,MPWR,USD,1280452,2024-02-29,2024-02-29 16:55:31,2023,Q4,454012000.0,202889000.0,251123000.0,0.5531197413,71459000,0.0,0.0,70095000.0,-14129000.0,141554000.0,344443000.0,6519000.0,5297000.0,10228000.0,119797000.0,0.2638630697,109569000.0,0.2413350308,9976000.0,119545000.0,0.2633080183,22640000.0,96905000.0,0.2134414949,2.02,1.98,47936000,48881000,https://www.sec.gov/Archives/edgar/data/1280452/000143774924006133/0001437749-24-006133-index.htm,https://www.sec.gov/Archives/edgar/data/1280452/000143774924006133/mpwr20231231_10k.htm,9.471211615487316,2.021549566088117,3.1982852136181577,2.9102762016021364,23.81675567423231,42.76408127503338,42.62700267022697,42.76408125417223,0.2746370160213618,30237070080.0,29683891080.0,78.00699158970124,66.59971560223077,197.22443680575032,216.74231457919672,14.750229199381163,14.750229199381163,65.38129186012705,247.7849285040527,193.61626920091572,212.7770726916929,0.0032048409367578,0.0046137737429882,0.0038381629911124,0.0032203548693541,-4.617636501748792,7.7413959623034865,20.685104776288465,1.5820958670863217,0.0016727480495358,0.5219441721273412,0.0,0.1573945182065672,0.0026894956591924,0.0900510719899812,0.0304088878708051,1.3498240125146657,0.090543862276768,44.10349728569606,0.0402225106859032,0.0397699617259519,23.52637370660881,1584464000.0,2043368000.0,1426229000.0,1968342000.0,217909500.0,63832499.5,390495000.0,49.55796322564161,27.92768459601063,170.20725618441614,1.8160552642210568,3.2226087232758345,0.5287671161474269,0.0472721383647377,0.2880090120160213,2024-02-07,2.85,amc,452082617.0,2025-04-25,2023-12-31,0.0105263157894736,522.4519047619048,514238.1111111111
2023-09-30,MPWR,USD,1280452,2023-11-08,2023-11-08 16:02:08,2023,Q3,474867000.0,211326000.0,263541000.0,0.5549785519,64787000,0.0,0.0,63188000.0,2289000.0,127975000.0,339301000.0,7718000.0,0.0,10000000.0,145566000.0,0.3065405682,135566000.0,0.2854820402,2289000.0,137855000.0,0.2903023373,16692000.0,121163000.0,0.2551514424,2.54,2.48,47780000,48792000,https://www.sec.gov/Archives/edgar/data/1280452/000143774923030929/0001437749-23-030929-index.htm,https://www.sec.gov/Archives/edgar/data/1280452/000143774923030929/mpwr20230930_10q.htm,9.9386144830473,2.5358518208455423,3.681624110506488,3.114629552113855,21.814587693595648,40.70456257848472,40.56703641691084,40.70456257848472,0.1670782754290498,22074360000.0,21661165000.0,45.54682535097348,46.48535274087271,125.48809605020806,148.33224698791133,11.350078977244682,11.350078977244682,45.61522489454942,148.80648640479234,123.13916933851786,145.5557160808241,0.0054888567550769,0.0067416224071728,0.0041046571893973,0.0034289926201274,-2.838540593270406,6.941004247694166,0.0,1.451829353845646,0.0022379810785001,0.4077317332849137,0.0,0.136431885138365,0.0028224865973766,0.1540066398344589,0.0570496581147984,2.7091,0.0707608656739676,48.19197682660326,0.0573373867869936,0.0521912817389311,20.868250313938887,1485358000.0,1938293000.0,1352151000.0,1850155000.0,177500000.0,67660499.5,412360000.0,35.2178610010803,27.557564663127117,169.19792169444366,2.555521472392638,3.2658909123571007,0.5319214272769376,0.0622989576649061,0.5669945583926329,2023-10-30,3.07,amc,474120000.0,2025-04-25,2023-09-30,0.003257328990228,511.5130158730159,539233.2380952381
2023-06-30,MPWR,USD,1280452,2023-08-04,2023-08-04 16:02:01,2023,Q2,441128000.0,193453000.0,247675000.0,0.5614583522,63688000,0.0,0.0,71662000.0,6543000.0,135350000.0,328803000.0,5965000.0,0.0,9953000.0,122278000.0,0.277193921,112325000.0,0.2546313088,6543000.0,118868000.0,0.2694637384,19364000.0,99504000.0,0.2255671823,2.1,2.04,47489000,48756000,https://www.sec.gov/Archives/edgar/data/1280452/000143774923022148/0001437749-23-022148-index.htm,https://www.sec.gov/Archives/edgar/data/1280452/000143774923022148/mpwr20230630_10q.htm,9.289056413064078,2.095306281454653,1.8990713638947967,1.73425424835225,19.804291520141508,38.72663143043652,38.58826254501042,38.72663143043652,0.1385794605066436,25654982470.0,25154604470.0,64.45716370698665,58.15768318945975,284.4706156234407,311.505651788533,13.949831938530435,13.949831938530435,57.02336843274514,205.7165186705703,278.9222650108111,305.430006435319,0.0038785448447043,0.0032102146277553,0.003578402132795,0.0029635867460438,-4.092134316884477,6.507512727185747,0.0,0.906345473548802,0.0019153394494601,0.4938293937932143,0.0,0.1443753287027801,0.0029590834992029,0.086788268559073,0.0177431493806786,0.7863960614889983,0.0861246622295569,42.72871946542382,0.0477347341360752,0.0449420947774868,18.942407715470956,1381510000.0,1832518000.0,1250820000.0,1729992000.0,176727000.0,64307500.0,429131000.0,34.516512214141926,32.85170041302021,198.8538818214243,2.60744768885211,2.7395842184269408,0.4525936289281102,0.0541050487496798,0.1648171155425467,2023-07-31,2.81,amc,440330000.0,2025-04-25,2023-06-30,0.0035587188612098,475.0583870967742,596180.0967741936
2023-03-31,MPWR,USD,1280452,2023-05-05,2023-05-05 16:02:02,2023,Q1,451065000.0,192285000.0,258780000.0,0.573708889,63709000,0.0,0.0,70795000.0,5297000.0,134504000.0,326789000.0,4808000.0,0.0,9987000.0,134263000.0,0.2976577655,124276000.0,0.2755168324,5297000.0,129573000.0,0.287260151,19771000.0,109802000.0,0.2434283307,2.32,2.26,47234000,48655000,https://www.sec.gov/Archives/edgar/data/1280452/000143774923012797/0001437749-23-012797-index.htm,https://www.sec.gov/Archives/edgar/data/1280452/000143774923012797/mpwr20230331_10q.htm,9.549582927552189,2.3246390312063343,4.6324046237879495,4.44495490536478,19.426049032476605,37.60555955455816,37.46644366346276,37.60555955455816,0.1528771647542025,23642506360.0,23160755360.0,53.82986275295532,52.41485453316041,108.0518738431586,112.60856648869031,13.31026598005586,13.31026598005586,51.34682442663474,172.5028888077877,105.8501572618792,110.31400056203054,0.0046442622591727,0.0088803190661381,0.0040652809468878,0.003242986889279,-3.588114372537482,5.137454368151265,0.0,1.9927414801187595,0.0015533463094307,0.3344656745778765,0.0,0.1412412845155354,0.0029510686676987,0.0404648845786469,0.0196291000188442,0.8865525182737559,0.0820480418564951,44.350145540288864,0.0551145101905498,0.0494585780692587,17.377323538129314,1306786000.0,1769690000.0,1172239000.0,1667670000.0,183494000.0,59731000.0,439060000.0,36.767782913770745,27.14767142522817,201.65223496372573,2.4477951311633763,3.315201462043758,0.4463129308543973,0.0618163659507245,0.1874497184231697,2023-05-04,2.96,amc,449270000.0,2025-04-25,2023-03-31,0.0135135135135135,459.67725806451614,523282.98387096776
2022-12-31,MPWR,USD,1280452,2023-02-24,2023-02-24 16:16:51,2022,Q4,460012000.0,192203000.0,267809000.0,0.582178291,61674000,0.0,0.0,66057000.0,3872000.0,127731000.0,319934000.0,3991000.0,3991000.0,8765000.0,145657000.0,0.3166373921,136892000.0,0.2975835413,3872000.0,140764000.0,0.306000713,21674000.0,119090000.0,0.2588845508,2.54,2.45,46979000,48549000,https://www.sec.gov/Archives/edgar/data/1280452/000143774923004540/0001437749-23-004540-index.htm,https://www.sec.gov/Archives/edgar/data/1280452/000143774923004540/mpwr20221231_10k.htm,9.791864450073437,2.534962430021925,1.111198620660295,0.8378637263458141,15.70644330445518,35.51803997530811,35.37816896911386,35.51803997530811,0.1657761978756465,16612244190.0,16327434190.0,34.87329790494584,36.11263225741937,318.22393713005,422.0376045424522,9.955785855464637,9.955785855464637,35.49349623488083,112.09508770604914,312.7681204145356,414.8019457852752,0.0071688086593193,0.0023694571034354,0.0022755576224887,0.0018442020802521,-1.9553471511839453,5.355425208807897,34.30017539463793,0.4383491477034176,0.0021912150810973,0.3056595851876731,0.0,0.1340704155543768,0.0031915332813634,0.2459820316840028,0.0279144891872385,1.465031374786081,0.0766697390502856,45.00922328614454,0.0645030102920866,0.0580271829749248,15.076321335064604,1147219000.0,1662031000.0,1020336000.0,1510947000.0,168059000.0,70067000.0,422362500.0,35.747458761945346,28.779415513805716,209.44574226208744,2.517661481878783,3.127235157254194,0.4297055601511323,0.0713711238509842,0.2733348943144809,2023-02-08,3.15,amc,459957337.0,2025-04-25,2022-12-31,0.0063492063492063,359.2649206349206,734180.7301587302
2022-09-30,MPWR,USD,1280452,2022-11-09,2022-11-09 16:01:45,2022,Q3,495418000.0,204516000.0,290902000.0,0.587184963,67263000,0.0,0.0,69717000.0,5000.0,136980000.0,341496000.0,3584000.0,3584000.0,9674000.0,151871000.0,0.3065512355,151871000.0,0.3065512355,5000.0,151876000.0,0.306561328,27539000.0,124337000.0,0.250973925,2.66,2.57,46829000,48349000,https://www.sec.gov/Archives/edgar/data/1280452/000143774922026581/0001437749-22-026581-index.htm,https://www.sec.gov/Archives/edgar/data/1280452/000143774922026581/mpwr20220930_10q.htm,10.579299152234729,2.655128232505499,-0.3883277456277093,-0.5438083239018557,15.71776036216874,32.687202374596936,32.54688334151914,32.687202374596936,0.164940506950821,17017658599.999998,16705588598.999998,34.216803123768464,34.35010153042481,-935.8074566950784,-668.2501609989789,11.117500844379958,11.117500844379958,33.72018901008845,109.99854217724253,-918.6466097882868,-655.9957825728421,0.0073063517680393,-0.0014964455803573,0.0027046283780914,0.0021437209930919,-2.054836018726419,4.548149751879802,42.37472098214285,-0.1462557404473326,0.0021313155265672,0.2917072150687245,0.0,0.1357701980953457,0.0034025106396419,-0.4003849326367885,0.014696680378993,0.7526359313624147,0.0867893374887468,44.18988642205697,0.075697539980478,0.0646023952406931,13.865457302099127,1032469000.0,1524138000.0,922945000.0,1382163000.0,149307500.0,78299000.0,378541000.0,27.86810329862864,34.62110543918324,174.89658510825558,3.229498578915804,2.59957037357162,0.5145898071382742,0.0812283719505144,0.1554805782741463,2022-10-27,3.49,amc,491210818.0,2025-04-25,2022-09-30,0.0114613180515758,444.80921875,556694.640625
2022-06-30,MPWR,USD,1280452,2022-08-05,2022-08-05 16:02:08,2022,Q2,461004000.0,190043000.0,270961000.0,0.587762796,57131000,0.0,0.0,71942000.0,392000.0,129073000.0,319116000.0,3333000.0,0.0,9560000.0,141888000.0,0.3077804097,141888000.0,0.3077804097,-5092000.0,136796000.0,0.2967349524,22117000.0,114679000.0,0.2487592299,2.46,2.37,46675000,48286000,https://www.sec.gov/Archives/edgar/data/1280452/000143774922019150/0001437749-22-019150-index.htm,https://www.sec.gov/Archives/edgar/data/1280452/000143774922019150/mpwr20220630_10q.htm,9.876893411890734,2.456968398500268,2.254675950723086,2.0009212640599894,17.394301017675414,30.490026780931977,30.349244777718265,30.490026780931977,0.0530690948044991,17925067000.0,17584677000.0,39.07661167258173,38.8826713000321,170.33046362020963,191.9315901620036,12.59559405307486,12.59559405307486,38.14430460473228,123.93350389039242,167.09595484477893,188.2868844560085,0.0063976887785133,0.0052101897303926,0.0017405394618311,0.0013871365346674,-2.399004848894903,5.234408830313533,0.0,0.9176658324540674,0.0020345251708124,0.3180094001517278,0.0,0.1239273411944364,0.003679803863262,0.1125459676729667,0.0256917510477132,1.237617554858934,0.0930902985657391,41.05536781078664,0.0776823837151555,0.0644581990442476,15.812313872522765,1077602000.0,1416551000.0,969518000.0,1440860000.0,132764500.0,74748500.0,335343500.0,28.34897311086237,36.90349026273001,170.3205590313771,3.174718168733773,2.4387937119024703,0.5284153628418977,0.0805826907320665,0.2537546866630958,2022-08-01,2.94,amc,430626797.0,2025-04-25,2022-06-30,0.1054421768707483,422.40645161290325,492715.62903225806
2022-03-31,MPWR,USD,1280452,2022-05-10,2022-05-10 16:01:49,2022,Q1,377714000.0,158834000.0,218880000.0,0.5794860662,54104000,0.0,0.0,67153000.0,-634000.0,121257000.0,280091000.0,3461000.0,3461000.0,9115000.0,96134000.0,0.2545153211,96134000.0,0.2545153211,-634000.0,95500000.0,0.2528368024,15934000.0,79566000.0,0.2106514453,1.71,1.65,46424000,48250000,https://www.sec.gov/Archives/edgar/data/1280452/000143774922011721/0001437749-22-011721-index.htm,https://www.sec.gov/Archives/edgar/data/1280452/000143774922011721/mpwr20220331_10q.htm,8.136179562295364,1.713897983801482,2.313867826986041,1.734921592279855,16.66189901774944,28.56522488368085,28.42368171635361,28.56522488368085,0.1988841978287092,22547208320.0,22292376320.0,70.84435663474348,59.69386445829384,209.8996296744524,279.9434868764123,17.00249173523805,17.00249173523805,59.01919526414165,231.8885755299894,207.52731192805743,276.7795227334807,0.0035288625922448,0.003572149547603,0.0043525735382833,0.0033675985906494,-2.650799925104541,4.5761756590148535,27.77636521236637,1.3500615840937085,0.0012784287788937,0.3622778573762662,0.0,0.1432406529808267,0.0038337647850238,0.2502071328163546,0.0711570129780733,2.9486560614371915,0.1053998527986783,33.18964190883915,0.0555649183579208,0.046600406463591,13.600756074444252,974608000.0,1319541000.0,859267000.0,1350553000.0,112565500.0,77299500.0,285228500.0,28.66883409140249,40.55479305438382,176.2443809259982,3.139297528216892,2.21921980662829,0.5106545781893004,0.0599994570594338,0.5789462347061864,2022-05-02,2.26,amc,360498531.0,2025-04-25,2022-03-31,0.0840707964601771,435.8093548387097,503069.12903225806
2021-12-31,MPWR,USD,1280452,2022-02-25,2022-02-25 16:03:32,2021,Q4,336504000.0,142631000.0,193873000.0,0.576138768,54514000,0.0,0.0,61208000.0,3391000.0,115722000.0,258353000.0,3535000.0,3535000.0,8323000.0,86475000.0,0.2569806005,78571000.0,0.2334920239,3391000.0,81962000.0,0.2435691701,9291000.0,72671000.0,0.2159587999,1.58,1.51,46139000,48240000,https://www.sec.gov/Archives/edgar/data/1280452/000143774922004460/0001437749-22-004460-index.htm,https://www.sec.gov/Archives/edgar/data/1280452/000143774922004460/mpwr20211231_10k.htm,7.293266000563515,1.575044972799584,0.6113266434036282,0.2299573029324432,15.715165044756064,26.96168100739071,26.819263529768744,26.96168100739071,0.2024751294999891,22761752870.0,22578294870.0,78.30411329828955,67.6418493390866,806.982658654187,2145.311297832234,18.297449623588708,18.297449623588708,67.09666116896085,261.09621127493494,800.4784396936822,2128.020251649388,0.003192680300812,0.0004661328176523,0.004668062717798,0.0036618164047104,-2.121514888696155,4.95651790750141,22.226591230551627,0.3881328177677478,0.0012582071408808,0.3940911780490154,0.0,0.1620010460499726,0.0041435845695458,0.6238388995249238,0.0522906117014953,2.114141535504025,0.0927091505598744,30.91086949441292,0.0511703919258718,0.046016030353572,12.821262922906868,897908000.0,1237414000.0,783012000.0,1267441000.0,92336000.0,77559500.0,233739500.0,28.03286142215249,52.38994328021257,163.69183417349663,3.210517779283104,1.717886952437159,0.5498136205414449,0.0584179069683316,0.3813693404711849,2022-02-10,1.87,amc,321296586.0,2025-04-25,2021-12-31,0.1336898395721925,516.13046875,314580.859375
2021-09-30,MPWR,USD,1280452,2021-11-08,2021-11-08 16:21:24,2021,Q3,323522000.0,137211000.0,186311000.0,0.5758835566,49468000,0.0,0.0,56291000.0,793000.0,105759000.0,242970000.0,3050000.0,3050000.0,7727000.0,88279000.0,0.2728686148,77131000.0,0.2384103709,793000.0,77924000.0,0.2408615179,9154000.0,68770000.0,0.2125666879,1.5,1.44,45970000,47852000,https://www.sec.gov/Archives/edgar/data/1280452/000143774921025711/0001437749-21-025711-index.htm,https://www.sec.gov/Archives/edgar/data/1280452/000143774921025711/mpwr20210930_10q.htm,7.03767674570372,1.4959756362845331,2.56256254078747,2.1411137698499023,16.14178812268871,25.292864911899063,25.14992386338917,25.292864911899063,0.1920817924733522,22280739600.0,22060428600.0,80.99730841936892,68.86931831529232,189.13879848218605,226.3681672711756,19.16271650871711,19.16271650871711,68.18834144200395,249.89440976902773,187.2686021341075,224.1298485171752,0.0030865223163417,0.0044175822601508,0.0049711321710516,0.0038638920623757,-2.4956218353175728,4.675744411696235,25.288852459016397,1.7129707721390142,0.0012792663309973,0.4144685182492366,0.0,0.152904593814331,0.0043926703705659,0.1644637991188529,0.0598846446300406,2.5073120227772745,0.0975884174801095,29.17779922819457,0.0535705819989049,0.0461751257276762,12.45976180117468,836831000.0,1156142000.0,731306000.0,1183462000.0,78706000.0,65487000.0,192692000.0,22.215830762668386,47.28687933183199,136.47287753897282,4.051165178627331,1.9032763690839485,0.6594716959367881,0.0591461521458863,0.421448770937568,2021-10-28,2.0,amc,314580000.0,2025-04-25,2021-09-30,0.03,454.83109375,360369.3125
2021-06-30,MPWR,USD,1280452,2021-08-09,2021-08-09 15:04:35,2021,Q2,293317000.0,129102000.0,164215000.0,0.5598550374,44753000,0.0,0.0,57238000.0,3031000.0,101991000.0,231093000.0,2770000.0,2770000.0,7120000.0,69344000.0,0.2364131639,60628000.0,0.2066978729,3031000.0,63659000.0,0.2170314029,8490000.0,55169000.0,0.1880866094,1.2,1.16,45796000,47754000,https://www.sec.gov/Archives/edgar/data/1280452/000143774921019111/0001437749-21-019111-index.htm,https://www.sec.gov/Archives/edgar/data/1280452/000143774921019111/mpwr20210630_10q.htm,6.404860686522841,1.2046685300026203,2.116909773779369,1.2587998951873527,14.63638745741986,23.74344920953795,23.59996506245087,23.74344920953795,0.181675255480828,17102516200.0,16887856200.0,77.50057187913502,58.3072791553166,176.4128091927465,296.6714578129337,15.72854881800332,15.72854881800332,57.57544295080067,243.5373817489617,174.19858684215956,292.9478247293921,0.0032257826482865,0.0033707320797626,0.0051041288263722,0.004042269759962,-3.095581449007845,5.1993367299473,21.887364620938627,1.7572549801518969,0.0016813315458224,0.5212166252786892,0.0,0.1525755411380861,0.0047859017284162,0.4053596847729664,0.1339779146793401,5.51938202247191,0.109529962463819,25.368626022511236,0.0440617197661897,0.0403748481433234,11.605331251637695,767349000.0,1080784000.0,664444000.0,1106013000.0,80806000.0,58058500.0,176272500.0,23.795995458838046,41.048008551377976,123.61528094065156,3.782148981986512,2.192554600726877,0.7280653274833354,0.0507368798598433,0.8581098785920168,2021-07-27,1.69,amc,314580000.0,2025-04-25,2021-06-30,0.0710059171597633,351.93809523809523,336330.5555555556
2021-03-31,MPWR,USD,1280452,2021-05-10,2021-05-10 15:01:15,2021,Q1,254455000.0,113396000.0,141059000.0,0.554357352,41892000,0.0,0.0,51453000.0,2587000.0,93345000.0,206741000.0,2282000.0,2282000.0,5529000.0,53243000.0,0.2092432847,46086000.0,0.1811165039,2587000.0,48673000.0,0.191283331,3260000.0,45413000.0,0.1784716355,1.0,0.95,45498000,47711000,https://www.sec.gov/Archives/edgar/data/1280452/000143774921011491/0001437749-21-011491-index.htm,https://www.sec.gov/Archives/edgar/data/1280452/000143774921011491/mpwr20210331_10q.htm,5.59266341377643,0.998131786012572,1.6936348850498923,1.276693481032133,14.040683106949755,22.45322871335004,22.308804782627806,22.45322871335004,0.1689964394039298,16070348580.0,15857387580.0,88.46777673793846,63.155955198365135,208.55144347690668,276.659985538933,15.730922465952151,15.730922465952151,62.31902528934389,297.8304674792931,205.78776204627744,272.99374352264704,0.0028258876759224,0.0036145451177263,0.0052927973123905,0.0041331853428242,-3.999793400071371,4.908918678722148,20.1954425942156,1.6968048796600093,0.0014602670180536,0.5167463061237971,0.0,0.1646342182311214,0.0050229629901421,0.2461813981857586,0.0745514924053369,3.4310001808645323,0.1123302745082627,22.455596824435748,0.0383157116797861,0.0348895723102193,11.052436370829486,734521000.0,1015006000.0,635815000.0,1038833000.0,75451000.0,47702000.0,166142500.0,29.73142598887819,45.42620550989453,139.07077851070585,3.027100013086047,1.9812352581462391,0.647152485689664,0.0444538199274259,0.416941404017759,2021-05-04,1.33,amc,242760000.0,2025-04-25,2021-03-31,0.0977443609022555,364.1980327868853,621299.5081967213
2020-12-31,MPWR,USD,1280452,2021-03-01,2021-03-01 16:36:04,2020,Q4,233043000.0,104169000.0,128874000.0,0.5530052394,42252000,0.0,0.0,45120000.0,4480000.0,87372000.0,191541000.0,2254000.0,2254000.0,5401000.0,46903000.0,0.2012632862,39963000.0,0.1714833743,4480000.0,44443000.0,0.1907072944,1556000.0,42887000.0,0.184030415,0.95,0.9,45148000,47600000,https://www.sec.gov/Archives/edgar/data/1280452/000143774921004587/0001437749-21-004587-index.htm,https://www.sec.gov/Archives/edgar/data/1280452/000143774921004587/mpwr20201231_10k.htm,5.161756888455746,0.9499202622486046,1.7641534508726855,1.5098564720474883,13.181381235049171,21.40929830778772,21.26375476211571,21.40929830778772,0.1185656064498981,16534552040.0,16202707040.0,96.38440576398445,70.95064876439112,207.59531990759345,242.5594795135476,17.10611878703107,17.10611878703107,69.52668408834421,345.4514005500714,203.42892527119324,237.69136150923467,0.0025937805811883,0.0041227001393864,0.0032061262979949,0.0025643550510512,-7.075133786751381,5.7290857255611725,17.729813664596275,1.857159512206496,0.0014097146353654,0.5434980297059715,0.0,0.1813055959629768,0.0054373594838521,0.1441467456809964,0.0492655861793746,2.1257174597296795,0.0985655007874083,21.39124449207145,0.0362807733897514,0.0356820753461128,10.673169354124214,695029000.0,960016000.0,600094000.0,983128000.0,80189000.0,43155500.0,152579000.0,25.814420514668967,32.97727730898828,135.6985283529649,3.486423410080337,2.729151929576358,0.6632349008671735,0.0443695187293021,0.2542969788251971,2021-02-04,1.24,amc,225000000.0,2025-04-25,2020-12-31,0.0564516129032258,320.46796875,462578.96875
2020-09-30,MPWR,USD,1280452,2020-11-06,2020-11-06 16:01:27,2020,Q3,259422000.0,116382000.0,143040000.0,0.5513796054,37717000,0.0,0.0,43503000.0,2494000.0,81220000.0,197602000.0,2311000.0,2311000.0,4956000.0,66776000.0,0.2574029959,59979000.0,0.2312024424,2494000.0,62473000.0,0.240816122,6907000.0,55566000.0,0.2141915489,1.24,1.18,44970000,46955000,https://www.sec.gov/Archives/edgar/data/1280452/000143774920022991/0001437749-20-022991-index.htm,https://www.sec.gov/Archives/edgar/data/1280452/000143774920022991/mpwr20200930_10q.htm,5.768779186124083,1.2356237491661108,1.7212808539026017,1.2849455192350456,12.264665332443853,20.337313764732045,20.191194129419618,20.337313764732045,0.1201912386035134,12574061700.0,12397689700.0,56.57264199330525,48.469527256747696,162.4429850399194,217.6045566246712,13.748620060378167,13.748620060378167,47.7896620178705,185.6608616868336,160.164453659923,214.55229302228992,0.0044190971323132,0.0045954920039878,0.0033830142941647,0.0026642693409248,-2.6412483527015693,5.175343383161273,25.953699697100824,1.3930461073318217,0.0018458633776228,0.4177014721232408,0.0,0.1453885946450185,0.0056583431930243,0.2534945611451308,0.0756373784798513,3.959241323648103,0.0885622653437256,23.77832053244677,0.053113664128159,0.0481206315280807,9.984795419168334,660865000.0,907998000.0,572418000.0,937746000.0,74335500.0,46655500.0,150107500.0,32.44963804149224,37.2289529308656,114.5249265350312,2.773528625648153,2.417473308130115,0.7858551210025929,0.0607564874820817,0.4363353346675561,2020-10-29,1.68,amc,257886958.0,2025-04-25,2020-09-30,0.0059523809523809,260.206875,305044.046875
2020-06-30,MPWR,USD,1280452,2020-08-03,2020-08-03 16:37:30,2020,Q2,186209000.0,83616000.0,102593000.0,0.5509561836,31673000,0.0,0.0,40883000.0,5200000.0,72556000.0,156172000.0,2388000.0,2388000.0,4501000.0,34538000.0,0.1854797566,27955000.0,0.1501270078,5200000.0,33155000.0,0.1780526183,2988000.0,30167000.0,0.1620061329,0.67,0.64,44785000,46831000,https://www.sec.gov/Archives/edgar/data/1280452/000143774920016315/0001437749-20-016315-index.htm,https://www.sec.gov/Archives/edgar/data/1280452/000143774920016315/mpwr20200630_10q.htm,4.157843027799486,0.673596070112761,1.324773919839232,0.9991291727140784,11.439611477057053,18.95601205760857,18.809288824383163,18.95601205760857,0.1298872390309255,10614045000.0,10460991000.0,87.96072695329333,57.00070888088116,178.89844935108715,237.20656595002905,12.502629734552883,12.502629734552883,56.17876149917566,302.88351960159827,176.3187426259902,233.7860590890806,0.0028421775110243,0.0042157349059665,0.0040391309213199,0.0032012173775037,-4.431466790202096,5.474752348576232,11.70644891122278,1.9667837963269907,0.002340295335096,0.8234163158418139,0.0,0.1700938193105596,0.0061344996755838,0.2458115624473285,0.0783205967488145,3.240168851366363,0.1130127974480288,16.94979771583847,0.0271776694550401,0.0283368902782683,9.099575750809423,612079000.0,842374000.0,526654000.0,870630000.0,54738500.0,41460500.0,141809000.0,26.64876563431413,48.61760907003445,163.73313719862227,3.3772671213000582,1.8511811197945496,0.5496749255517063,0.03553469306021,0.3256447471251535,2020-07-28,1.0,amc,172415740.0,2025-04-25,2020-06-30,0.08,202.4304761904762,367635.8571428572
2020-03-31,MPWR,USD,1280452,2020-05-11,2020-05-11 16:05:27,2020,Q1,165778000.0,74331000.0,91447000.0,0.5516232552,25956000,0.0,0.0,32164000.0,-1714000.0,58120000.0,132451000.0,2374000.0,2374000.0,4328000.0,37655000.0,0.2271411164,30986000.0,0.1869126181,-1714000.0,29272000.0,0.1765734898,-6484000.0,35756000.0,0.215686038,0.8,0.77,44455000,46670000,https://www.sec.gov/Archives/edgar/data/1280452/000143774920010283/0001437749-20-010283-index.htm,https://www.sec.gov/Archives/edgar/data/1280452/000143774920010283/mpwr20200331_10q.htm,3.7291193341581375,0.8043189742436171,1.1566527949611969,0.9327859633337082,11.005871105612416,18.29243054774491,18.144618153188617,18.29243054774491,0.1034754245866606,7444434300.0,7291780300.0,52.0502454133572,44.906044831039104,144.7798343024952,179.52671521933104,9.154606303569892,9.154606303569892,43.98521094475745,193.64706679059887,141.8110095489994,175.8453782525864,0.0048030513211729,0.0055702016202896,0.0027373676508565,0.0022094205085041,-4.054016730845837,6.265034001511178,13.05223251895535,1.4380523548495356,0.0023409434884797,0.4873867322966775,0.0,0.1565708356959307,0.0065220584732169,0.1935471323829712,0.0600320911097974,2.299445471349353,0.1119690188082857,18.194541816933945,0.0422359069258247,0.0357226707481919,9.03064334720504,592290000.0,806619000.0,510471000.0,835668000.0,53522500.0,32511500.0,129499500.0,29.501441687075488,45.71013439883763,159.21903378132947,3.050698367714985,1.968928798474253,0.5652590513996304,0.0439700439011793,0.2238668316274884,2020-04-28,0.94,amc,164032968.0,2025-04-25,2020-03-31,0.0106382978723404,171.33903225806452,401130.8870967742
2019-12-31,MPWR,USD,1280452,2020-02-28,2020-02-28 16:59:17,2019,Q4,166738000.0,74802000.0,91936000.0,0.5513800094,27011000,100303000.0,-67063000.0,33240000.0,2731000.0,60251000.0,135053000.0,2731000.0,2098000.0,4050000.0,35735000.0,0.2143182718,30694000.0,0.1840852115,2731000.0,33425000.0,0.2004642013,989000.0,32437000.0,0.1945387374,0.75,0.7,43496000,46503000,https://www.sec.gov/Archives/edgar/data/1280452/000143774920003943/0001437749-20-003943-index.htm,https://www.sec.gov/Archives/edgar/data/1280452/000143774920003943/mpwr20191231_10k.htm,3.833409968732757,0.7457467353319845,1.4021059407761634,1.2026163325363253,10.46985929740666,17.783037520691558,17.631966157807614,17.783037520691558,0.1024232113297774,7743157920.0,7572554920.0,59.67843758670654,46.43907159735633,126.96615485521268,148.0272595538053,10.010663239779133,10.010663239779133,45.41589151843012,211.90863075416257,124.16874233430624,144.76581314878894,0.0041891177133579,0.0067555124847563,0.0030472235617479,0.0024645144425565,-4.77411501329229,6.6704606770170525,14.630123927550049,1.8801368807226315,0.0024089654625047,0.5750531800104819,0.6015605320922646,0.1619966654271971,0.0068707358515226,0.1422785557341029,0.0520397269968453,2.142469135802469,0.1120320502824791,17.27388054101316,0.0346586780512797,0.0341512564697558,8.639668015449697,556981000.0,766920000.0,472322000.0,791867000.0,55482500.0,28794500.0,131567000.0,28.44798426273555,32.81182321328306,153.40498917141252,3.163668791742562,2.7429137178687983,0.5866823529411764,0.0419358467002201,0.1994896082398381,2020-02-05,1.03,amc,165134750.0,2025-04-25,2019-12-31,0.0097087378640776,159.71015625,367081.078125
2019-09-30,MPWR,USD,1280452,2019-11-01,2019-11-01 16:56:55,2019,Q3,168813000.0,75655000.0,93158000.0,0.5518413866,27742000,34692000.0,0.0,34692000.0,2257000.0,62434000.0,138089000.0,2257000.0,0.0,3823000.0,34547000.0,0.2046465616,30032000.0,0.177900991,2257000.0,32289000.0,0.1912708145,2761000.0,29528000.0,0.174915439,0.68,0.64,43308000,45833000,https://www.sec.gov/Archives/edgar/data/1280452/000143774919021309/0001437749-19-021309-index.htm,https://www.sec.gov/Archives/edgar/data/1280452/000143774919021309/mpwr20190930_10q.htm,3.897963424771405,0.6818139835596194,1.6723007296573382,1.4531495335734737,9.668883347187586,16.958252516856007,16.806525353283458,16.958252516856007,0.0579107786090329,6740024040.0,6537303040.0,57.06468470604173,39.92597750173269,93.0634049486358,107.09840687715509,9.177242752182652,9.177242752182652,38.72511619365808,189.2292540596868,90.26431901027284,103.8771874851032,0.0043809932761011,0.0093372070524543,0.0034149024819315,0.0027375878009245,-5.867976958925522,5.99180202997353,0.0,2.4527228393389326,0.0026493970784116,0.6047480357626659,0.2055055001688258,0.1643356850479524,0.0071725237001097,0.1310477189881807,0.0562219734262171,2.4826052838085277,0.1261751168452666,16.129271784906148,0.0338048757684568,0.0324639057834303,8.048068486191928,524269000.0,727857000.0,447588000.0,747883000.0,56829500.0,28431000.0,139628000.0,31.0609372500933,36.06661820104421,161.35166215055185,2.897530080156537,2.4953822811531103,0.5577878702980079,0.04020543879046,0.2191511960838644,2019-10-22,1.06,amc,167249916.0,2025-04-25,2019-09-30,0.0188679245283019,149.52359375,276372.3125
2019-06-30,MPWR,USD,1280452,2019-08-02,2019-08-02 16:29:53,2019,Q2,151007000.0,67782000.0,83225000.0,0.5511333912,27545000,35058000.0,0.0,35058000.0,2229000.0,62603000.0,130385000.0,2229000.0,0.0,3739000.0,24361000.0,0.1613236472,20119000.0,0.1332322343,2229000.0,22348000.0,0.1479931394,1655000.0,20693000.0,0.1370333826,0.48,0.45,43109000,45483000,https://www.sec.gov/Archives/edgar/data/1280452/000143774919015315/0001437749-19-015315-index.htm,https://www.sec.gov/Archives/edgar/data/1280452/000143774919015315/mpwr20190630_10q.htm,3.502911225034216,0.4800157739683129,1.0219907675891344,0.5751699181145469,8.501032267044005,16.334268946159735,16.181841378830406,16.334268946159735,0.0461620543274026,5980080480.0,5785058480.0,72.24762576716763,39.60134616276067,135.7350813718592,241.1809026013309,8.492574749273595,8.492574749273595,38.30986960869364,237.47212675998523,131.30849762807273,233.31552651744303,0.0034603213233009,0.0041462652689918,0.0028260863390678,0.0022923283028822,-8.005500595213661,6.640217884702678,0.0,2.129077465809694,0.0030138390378318,0.8709708597110134,0.2321614229803916,0.1824087625076983,0.0075692910945925,0.4372063463240802,0.1275570006688431,5.151644824819471,0.1503837570443754,13.28216480412521,0.023850094708811,0.02401856206662,7.327275046973949,497016000.0,697583000.0,421177000.0,717417000.0,57143500.0,26901500.0,143082500.0,33.01714490056752,35.24475524475524,190.6993006993007,2.7258565291165744,2.5535714285714284,0.4719471947194719,0.0293870374946389,0.4468208494745876,2019-07-31,0.92,amc,151007000.0,2025-04-25,2019-06-30,0.0,136.00730158730158,318049.1587301588
2019-03-31,MPWR,USD,1280452,2019-05-10,2019-05-10 16:09:46,2019,Q1,141363000.0,63357000.0,78006000.0,0.5518134165,25458000,30553000.0,0.0,30553000.0,3341000.0,56011000.0,119368000.0,3341000.0,0.0,3255000.0,27185000.0,0.1923063319,21717000.0,0.1536257719,3341000.0,25058000.0,0.1772599619,-1123000.0,26181000.0,0.1852040492,0.61,0.58,42749000,45232000,https://www.sec.gov/Archives/edgar/data/1280452/000143774919009481/0001437749-19-009481-index.htm,https://www.sec.gov/Archives/edgar/data/1280452/000143774919009481/mpwr20190331_10q.htm,3.306814194484081,0.6124353786053475,0.908465695103979,-0.4800346206928817,8.398418676460269,15.912676319913915,15.758965121991158,15.912676319913915,0.0503871435589136,5999394660.0,5819779660.0,57.28767675031512,42.43963880223255,154.48024152847873,-292.3539135519712,8.8193838156798,8.8193838156798,41.169044658078846,214.08054662497705,149.85528015243588,-283.60117245748256,0.0043639402779346,-0.0034205117620983,0.0031664782558202,0.0025394684564771,-6.607136288394335,6.268946012055561,0.0,1.4833657996256828,0.0021270479311991,0.4874145372598449,0.2161315195631105,0.1800895566732454,0.0077469114333849,1.5284014831599546,0.4198906361636355,18.23563748079877,0.1132545291200667,14.80788417697625,0.0299426486384792,0.0311071981065493,7.169857774450865,482509000.0,673680000.0,406127000.0,694577000.0,57051500.0,24968500.0,139463500.0,37.49220092952187,38.7220038827596,202.48543965149867,2.400499244341048,2.3242598774716607,0.4444764036115418,0.0384872642598099,1.3885003157968607,2019-05-02,0.84,amc,141363000.0,2025-04-25,2019-03-31,0.0,131.2483606557377,302897.40983606555
2018-12-31,MPWR,USD,1280452,2019-03-01,2019-03-01 17:19:31,2018,Q4,153497000.0,68904000.0,84593000.0,0.5511052333,22735000,28372000.0,0.0,28372000.0,-393000.0,51107000.0,120011000.0,1715000.0,0.0,3253000.0,36739000.0,0.2393466973,33077000.0,0.2154895535,-393000.0,32684000.0,0.2129292429,5046000.0,27638000.0,0.1800556363,0.65,0.61,42467000,45058000,https://www.sec.gov/Archives/edgar/data/1280452/000143774919003798/0001437749-19-003798-index.htm,https://www.sec.gov/Archives/edgar/data/1280452/000143774919003798/mpwr20181231_10k.htm,3.614500671109332,0.6508112181223067,1.1206348458803306,1.015400193091106,8.88409824098712,15.072715284809382,14.915369581086493,15.072715284809382,0.0,4936788750.0,4764084750.0,44.65580676966496,32.16211880362483,103.73584261399454,114.48687994248742,7.712611682989816,7.712611682989816,31.036989322266884,129.67377310215304,100.1068449254045,110.48177801999026,0.0055983760698693,0.0087346253169127,0.0,0.0,-4.700835624268488,7.220502492572011,0.0,1.7219046240683118,0.0026523314371108,0.4737680005789131,0.1848374886805605,0.1481136439148647,0.0084216416781778,0.0939062828325278,0.0291145755291634,1.3738087918844144,0.0966924435005244,14.856432088009688,0.0392294534800838,0.0351293295201779,7.854204441095439,500371000.0,633411000.0,427471000.0,657054000.0,57550500.0,25140500.0,136587000.0,32.37366202596793,29.62121212121212,178.14002089864158,2.780037671605028,3.0383631713554986,0.5052205537306429,0.0431781006822446,0.1052346527892245,2019-02-12,0.99,amc,151946525.0,2025-04-25,2018-12-31,0.0,119.66873015873016,463105.7460317461
2018-09-30,MPWR,USD,1280452,2018-11-02,2018-11-02 17:20:28,2018,Q3,159975000.0,70957000.0,89018000.0,0.5564494452,25630000,29552000.0,0.0,29552000.0,2714000.0,55182000.0,126139000.0,2714000.0,0.0,3228000.0,37064000.0,0.231686201,33493000.0,0.2093639631,2714000.0,36207000.0,0.2263291139,4639000.0,31568000.0,0.1973308329,0.75,0.71,42362000,44669000,https://www.sec.gov/Archives/edgar/data/1280452/000143774918019424/0001437749-18-019424-index.htm,https://www.sec.gov/Archives/edgar/data/1280452/000143774918019424/mpwr20180930_10q.htm,3.7763797743260463,0.7451961663755252,1.23107974127756,1.111656673433738,8.211321467352816,14.403569236579951,14.241183135829282,14.403569236579951,0.0,5271103660.0,5140009660.0,41.74404190952864,32.94954624160025,101.07387509347856,111.93204068631614,8.638830970034286,8.638830970034286,32.13008070010939,138.67930228793438,98.56013614312286,109.14825575469294,0.0059888786175,0.0089339923927809,0.0,0.0,-3.536963090869847,6.51877624054171,0.0,1.652021033958439,0.0024499613046881,0.4090851495184997,0.184728863884982,0.1602125332083138,0.0090138726369541,0.0970067688059672,0.0316236912017502,1.5672242874845106,0.0927894983591186,15.540379756863608,0.0430926431200418,0.0417412644556631,7.274568009064728,471894000.0,603285000.0,404408000.0,626270000.0,56673500.0,27146000.0,132849500.0,33.691701828410686,35.0109221077554,173.50085262905702,2.671280912384992,2.57062638119045,0.5187294392864975,0.0517369100766351,0.1194230678438223,2018-10-25,1.05,amc,158465801.0,2025-04-25,2018-09-30,0.0095238095238095,139.38873015873017,358230.31746031746
2018-06-30,MPWR,USD,1280452,2018-08-02,2018-08-01 19:20:05,2018,Q2,139761000.0,62197000.0,77564000.0,0.5549759947,23481000,28561000.0,0.0,28561000.0,2232000.0,52042000.0,114239000.0,2232000.0,0.0,3075000.0,28597000.0,0.2046135903,24882000.0,0.1780324983,2232000.0,27114000.0,0.1940026188,2908000.0,24206000.0,0.1731956698,0.57,0.55,42237000,44400000,https://www.sec.gov/Archives/edgar/data/1280452/000143774918014210/0001437749-18-014210-index.htm,https://www.sec.gov/Archives/edgar/data/1280452/000143774918014210/mpwr20180630_10q.htm,3.3089708075857662,0.5730994152046783,0.6017946350356322,0.4692568127471174,7.422473187016124,13.70883348722684,13.541326325259844,13.70883348722684,0.0,5645819789.999999,5562744789.999999,58.31012755102041,40.39624637774486,222.11896254622707,284.85468163471234,9.750647283340816,9.750647283340816,39.80183878192056,194.52197048641463,218.85060941065385,280.6632083753784,0.004287419878841,0.0035105619267383,0.0,0.0,-2.9050250026226525,6.768526139712716,0.0,1.0500702305213585,0.0023252601904248,0.5423448731719408,0.2043560077560979,0.1680082426427973,0.0098270440251572,0.2202376268785899,0.0400540923433575,1.8204878048780488,0.1137012471290274,13.295555657061884,0.0344593360095602,0.0339553667743523,6.561083883798565,434520000.0,571945000.0,368914000.0,592253000.0,50850500.0,27100000.0,120403000.0,34.42591280829416,38.61938678714407,186.53327330900208,2.6143097643097644,2.3304357600509573,0.4824876463241511,0.0418051189941625,0.1325378222885148,2018-07-25,0.9,amc,139761000.0,2025-04-25,2018-06-30,0.0,127.36984375,366924.59375
2018-03-31,MPWR,USD,1280452,2018-05-08,2018-05-08 15:49:21,2018,Q1,129150000.0,57655000.0,71495000.0,0.5535811072,21609000,27318000.0,0.0,27318000.0,440000.0,48927000.0,106582000.0,440000.0,0.0,2755000.0,25323000.0,0.1960743322,22037000.0,0.1706310492,440000.0,22477000.0,0.1740379404,621000.0,21856000.0,0.169229578,0.52,0.49,41922000,44282000,https://www.sec.gov/Archives/edgar/data/1280452/000143774918009009/0001437749-18-009009-index.htm,https://www.sec.gov/Archives/edgar/data/1280452/000143774918009009/mpwr20180331_10q.htm,3.0807213396307427,0.5213491722723153,0.3886264968274414,0.2121082009446114,7.32930203711655,13.317732932589092,13.144267926148562,13.317732932589092,0.0,4853309940.0,4777293940.0,55.51461772510981,37.57886132404181,297.89528234716425,545.8063360323887,8.692920978818067,8.692920978818067,36.99027440960124,188.65434348220984,293.22943407807514,537.2575281151597,0.0045033184095388,0.0018321516882146,0.0,0.0,-3.0018560202187734,6.604330090994666,0.0,0.7454245973645681,0.0017182088313115,0.3815428257686676,0.2115214866434378,0.1673170731707317,0.0104218170248807,0.4542106555364596,0.0572977158343012,2.686025408348457,0.116376306620209,12.498870085785924,0.0343143684789394,0.0316526549793988,6.200258813987882,410803000.0,551034000.0,344643000.0,571845000.0,43139000.0,25162000.0,105589000.0,33.61742160278746,42.94493105541584,174.67227473766368,2.6771833088037145,2.095707171676784,0.5152506322778985,0.039146991076578,0.17651829588283,2018-04-30,0.77,amc,125880379.0,2025-04-25,2018-03-31,0.0259740259740259,118.52770491803278,324454.1639344262
2017-12-31,MPWR,USD,1280452,2018-03-01,2018-03-01 16:20:03,2017,Q4,129430000.0,58269000.0,71161000.0,0.5498029823,21730000,24038000.0,0.0,24038000.0,1647000.0,45768000.0,104037000.0,1647000.0,0.0,4009000.0,29402000.0,0.2271652631,25053000.0,0.1935640887,1647000.0,26700000.0,0.2062891138,14629000.0,12071000.0,0.0932627675,0.29,0.27,41574000,44160000,https://www.sec.gov/Archives/edgar/data/1280452/000143774918003639/0001437749-18-003639-index.htm,https://www.sec.gov/Archives/edgar/data/1280452/000143774918003639/mpwr20171231_10k.htm,3.1132438543320347,0.2903497378169048,1.283807187184298,0.3056718141145908,7.194159811420599,12.556092750276616,12.375162361091066,12.556092750276616,0.0,4671254640.0,4588495640.0,96.74539474774252,36.09097303561771,87.52093080771175,367.5837771482531,8.948643677192068,8.948643677192068,35.45156177084138,156.06066390041494,85.97035280010492,361.071422725842,0.0025841023301611,0.0027204682637468,0.0,0.0,-2.8147404938439564,6.932170692183039,0.0,4.421588932151438,0.0018543198064663,0.7175876066605915,0.1857220118983234,0.1678899791393031,0.0115466031772346,0.7619020853240402,0.3141852738932241,10.143427288600648,0.0916170903190914,9.056892974749672,0.0193068388379781,0.0187459719687851,5.960895030547938,384375000.0,514485000.0,319730000.0,535411000.0,44397000.0,22322000.0,99584000.0,26.44927760179248,35.23606034083303,153.34551820007206,3.402739437915713,2.554201551746811,0.5869098820519535,0.0231242109780137,0.978135373069707,2018-02-08,0.81,amc,126273170.0,2025-04-25,2017-12-31,0.0123456790123455,116.08,255056.31746031743
2017-09-30,MPWR,USD,1280452,2017-11-06,2017-11-03 18:02:42,2017,Q3,128939000.0,58083000.0,70856000.0,0.5495311737,21442000,25255000.0,0.0,25255000.0,1255000.0,46697000.0,104780000.0,1255000.0,0.0,4029000.0,28188000.0,0.218615004,23832000.0,0.184831587,1255000.0,25087000.0,0.1945648718,1445000.0,23642000.0,0.183358022,0.57,0.54,41458000,43486000,https://www.sec.gov/Archives/edgar/data/1280452/000143774917018298/0001437749-17-018298-index.htm,https://www.sec.gov/Archives/edgar/data/1280452/000143774917018298/mpwr20170930_10q.htm,3.110111438081914,0.5702638815186454,0.8123401997201988,0.7018669496840175,7.226542524965025,12.193617637126732,11.999807033624393,12.193617637126732,0.0,4417349900.0,4312925900.0,46.71083135944505,34.25922257811833,131.16425856642317,151.8093992714276,8.738177887059539,8.738177887059539,33.44935124361132,153.00574357882786,128.06359938238612,148.22069901711458,0.0053520777242481,0.0065872074113938,0.0,0.0,-3.704555129842486,7.009460766533672,0.0,1.4244987733694272,0.0019126852504937,0.3573724727180442,0.1958678134621798,0.1662956902100993,0.0132807063649871,0.1359938238612744,0.0355206725660971,1.136758500868702,0.10834580693196,12.508219049041209,0.0416804228297744,0.0396027994331449,6.9496659269622265,397634000.0,497488000.0,364312000.0,506298000.0,46369500.0,23531500.0,96276500.0,35.42861353042912,33.827281648675175,154.77557977377202,2.540319561833836,2.660574412532637,0.581487080400853,0.0467674072198495,0.1104732500361811,2017-10-26,0.82,amc,125869023.0,2025-04-25,2017-09-30,0.024390243902439,101.53825396825395,254887.66666666663
2017-06-30,MPWR,USD,1280452,2017-07-31,2017-07-31 16:20:00,2017,Q2,112198000.0,50773000.0,61425000.0,0.5474696519,20292000,25873000.0,0.0,25873000.0,1237000.0,46165000.0,96938000.0,1237000.0,0.0,4019000.0,19279000.0,0.1718301574,14970000.0,0.1334248382,1237000.0,16207000.0,0.1444499902,1193000.0,15014000.0,0.1338170021,0.36,0.35,41323000,43397000,https://www.sec.gov/Archives/edgar/data/1280452/000143774917013378/0001437749-17-013378-index.htm,https://www.sec.gov/Archives/edgar/data/1280452/000143774917013378/mpwr20170630_10q.htm,2.715146528567626,0.36333276867604,0.6020376061757374,0.1881276770805604,6.719526655857512,11.4656002710355,11.258742104881058,11.4656002710355,0.0,3983537200.0,3912427200.0,66.330378313574,35.504529492504325,160.12288769193668,512.4179572935426,8.407758662538283,8.407758662538283,34.87073922886326,202.93724778256137,157.26453895007637,503.2708001029071,0.0037690121231954,0.0019515319199228,0.0,0.0,-3.688469318948078,6.804271652916255,0.0,1.6570971824418836,0.0021679225187102,0.5751964832822699,0.2306012584894561,0.1808588388384819,0.0150480770923481,0.6875150735589678,0.152444785112034,4.255785021149539,0.1348241501631045,9.681484212024614,0.0274473652740517,0.0268347697400169,6.321842557413547,364427000.0,465245000.0,332960000.0,473537000.0,40048500.0,23934500.0,85600500.0,33.676001354747854,44.7261339688417,164.25935044216413,2.6725263208041543,2.012246353836398,0.5479140137698832,0.0316889443280082,0.413909929095177,2017-07-26,0.67,amc,110548029.0,2025-04-25,2017-06-30,0.0149253731343283,95.30015873015871,279358.507936508
2017-03-31,MPWR,USD,1280452,2017-05-05,2017-05-05 17:13:06,2017,Q1,100362000.0,45520000.0,54842000.0,0.5464418804,18894000,22092000.0,0.0,22092000.0,1381000.0,40986000.0,86506000.0,1381000.0,0.0,4044000.0,17900000.0,0.1783543572,13570000.0,0.1352105379,1381000.0,14951000.0,0.148970726,474000.0,14477000.0,0.1442478229,0.35,0.33,41047000,43268000,https://www.sec.gov/Archives/edgar/data/1280452/000143774917008176/0001437749-17-008176-index.htm,https://www.sec.gov/Archives/edgar/data/1280452/000143774917008176/mpwr20170331_10q.htm,2.445050795429629,0.3526932540745974,0.5333398299510318,0.4499232587034375,6.788340195385778,10.990523058932444,10.769800472628935,10.990523058932444,0.0,3780428700.0,3703602700.0,65.28335808523866,37.66792909667006,172.68539649186914,204.7015756985055,8.379946933021227,8.379946933021227,36.90244016659692,206.90517877094973,169.1760780193678,200.54162334849468,0.0038294598705168,0.0048851602465085,0.0,0.0,-4.29195530726257,7.254963576631909,0.0,1.512191752434897,0.0021635112441083,0.5649651170822684,0.2201231541818616,0.1882585042147426,0.0168776685717692,0.1564041659053535,0.03411649827624,0.8466864490603363,0.1161993583228712,9.33897077770498,0.0273292261650178,0.0274318609022556,6.354148902477648,350328000.0,442068000.0,320660000.0,445005000.0,36181500.0,20032000.0,75002000.0,34.17976923536797,44.75681019332162,155.2757029876977,2.633136560409288,2.010867164376905,0.579614184758388,0.0320906704970651,0.0834165712475942,2017-04-26,0.57,amc,98631620.0,2025-04-25,2017-03-31,0.0175438596491228,88.60564516129033,325532.03225806454
2016-12-31,MPWR,USD,1280452,2017-03-01,2017-03-01 16:49:20,2016,Q4,103618000.0,47107000.0,56511000.0,0.5453782161,17974000,21316000.0,0.0,21316000.0,897000.0,39290000.0,86397000.0,897000.0,0.0,4132000.0,21354000.0,0.206083885,17542000.0,0.1692949102,897000.0,18439000.0,0.1779517072,1866000.0,16574000.0,0.1599529039,0.41,0.39,40739000,42404000,https://www.sec.gov/Archives/edgar/data/1280452/000143774917003558/0001437749-17-003558-index.htm,https://www.sec.gov/Archives/edgar/data/1280452/000143774917003558/mpwr20161231_10k.htm,2.543459584182233,0.4068337465328064,0.7609170573651783,0.5626794963057512,6.583961314710719,10.582390338496282,10.34740666192101,10.582390338496282,0.0,3337746270.0000005,3225043270.0000005,50.34611846868589,32.21203140381015,107.67270782928482,145.6068695196964,7.742107159094072,7.742107159094072,31.124353587214586,151.0275952983048,104.0370099035453,140.6902791955678,0.0049656261019505,0.0068678078396893,0.0,0.0,-5.2778402172895005,7.236900285330965,0.0,1.870339085314348,0.0025361424491982,0.5107397128031858,0.2057171533903375,0.1734640699492366,0.0187292370178781,0.2605245330494532,0.0779401262328939,1.9545014520813169,0.1037271516531876,9.842187457337308,0.03440987133764,0.0330453611083973,6.127654090674783,330063000.0,421543000.0,302974000.0,424807000.0,33791500.0,17379500.0,71080500.0,29.746955162230503,33.295051690831514,136.5446748890823,3.025519738378883,2.703104378263614,0.6591249352866277,0.0384444093932955,0.198237561059427,2017-02-09,0.63,amc,100429753.0,2025-04-25,2016-12-31,0.0317460317460317,80.28269841269842,316382.0
2016-09-30,MPWR,USD,1280452,2016-11-03,2016-11-03 17:09:28,2016,Q3,106456000.0,48531000.0,57925000.0,0.544121515,20472000,22397000.0,0.0,22397000.0,780000.0,42869000.0,91400000.0,780000.0,780000.0,3669000.0,18725000.0,0.1758942662,15001000.0,0.1409126775,780000.0,15781000.0,0.1482396483,1408000.0,14373000.0,0.1350135267,0.35,0.34,40590000,41895000,https://www.sec.gov/Archives/edgar/data/1280452/000143774916041014/0001437749-16-041014-index.htm,https://www.sec.gov/Archives/edgar/data/1280452/000143774916041014/mpwr20160817_10q.htm,2.622714954422272,0.3541019955654102,0.8110125646711013,0.5558265582655827,6.382434097068243,10.256171470805617,10.007686622320769,10.256171470805617,0.0192165558019216,3267495000.0,3158016000.0,56.83390732623669,30.69338506049448,99.2586348309487,144.82935153583617,7.848932735684534,7.848932735684534,29.66498835199519,168.65238985313752,95.9329262735806,139.97677407916316,0.0043987825536075,0.0069046777424295,0.0,0.0,-5.846675567423231,6.607284386483176,19.23205128205128,2.290336046754331,0.0024954896641004,0.567313713212273,0.2103873900954385,0.1923048019839182,0.0203816867937339,0.3146511133388013,0.0972984143683775,2.8231125647315345,0.1269538588712707,9.03957646436763,0.0310979936905375,0.0296491119499969,5.933782951465878,311294000.0,406212000.0,288252000.0,403477000.0,32343000.0,18236000.0,70305500.0,28.18206583001428,32.14192990047598,131.09723681770413,3.1935203239838006,2.800080775444265,0.6865133254116449,0.0345257483821685,0.2551860064055186,2016-10-31,0.65,amc,104843030.0,2025-04-25,2016-09-30,0.0153846153846153,73.8840625,361257.453125
2016-06-30,MPWR,USD,1280452,2016-07-29,2016-07-29 16:59:17,2016,Q2,94079000.0,43153000.0,50926000.0,0.5413110258,17876000,21531000.0,0.0,21531000.0,597000.0,39407000.0,82560000.0,597000.0,0.0,3553000.0,15072000.0,0.1602057845,11527000.0,0.1225246867,597000.0,12124000.0,0.1288704174,926000.0,11198000.0,0.1190276257,0.28,0.27,40387000,41716000,https://www.sec.gov/Archives/edgar/data/1280452/000143774916036004/0001437749-16-036004-index.htm,https://www.sec.gov/Archives/edgar/data/1280452/000143774916036004/mpwr20160531_10q.htm,2.3294376903459035,0.2772674375417832,0.3713571198653032,0.0412508975660484,6.038180602669176,9.783841335083071,9.521430163171315,9.783841335083071,0.0,2759239839.9999995,2677193839.9999995,61.6011752098589,29.32896650687188,183.97385251366848,1656.2063865546215,6.982942349546995,6.982942349546995,28.456869652100888,177.6269798301486,178.50338978530468,1606.9590876350535,0.0040583641326373,0.0006037894842805,0.0,0.0,-5.443604033970276,6.699430062750666,0.0,1.3393463118414002,0.0030827331052163,0.7595999285586712,0.2288608509869365,0.190010523071036,0.0226143252510983,0.8889185224696626,0.1417106899520615,3.752321981424149,0.124863146929708,7.81259648686734,0.0255602173375618,0.0244474863713668,5.666074479411692,297003000.0,384542000.0,275613000.0,381894000.0,30093500.0,17435500.0,66118500.0,29.99170909554736,39.91842977313281,145.8232336106412,3.000829319638927,2.254597701149425,0.617185600480556,0.0283393227716758,0.3301062222992547,2016-07-25,0.54,amc,94079000.0,2025-04-25,2016-06-30,0.0,65.49,280423.6875
2016-03-31,MPWR,USD,1280452,2016-05-06,2016-05-06 16:31:31,2016,Q1,84512000.0,39002000.0,45510000.0,0.5385034078,17321000,17768000.0,0.0,17768000.0,543000.0,35089000.0,74091000.0,543000.0,0.0,3320000.0,13741000.0,0.1625922946,10376000.0,0.1227754638,543000.0,10919000.0,0.1292005869,344000.0,10575000.0,0.125130159,0.26,0.25,40028000,41646000,https://www.sec.gov/Archives/edgar/data/1280452/000143774916031125/0001437749-16-031125-index.htm,https://www.sec.gov/Archives/edgar/data/1280452/000143774916031125/mpwr20160330_10q.htm,2.1113220745478167,0.2641900669531328,0.7212451284101129,0.5876886179674228,6.283126811232138,9.542969921055262,9.26538922754072,9.542969921055262,0.0,2547381920.0,2469573920.0,60.22179479905438,30.14225104127225,88.23629788708001,108.28863798673694,6.668783463268287,6.668783463268287,29.22157705414616,179.72301288115858,85.54118184967093,104.98103723856488,0.0041513209766362,0.0092345791635358,0.0,0.0,-5.662469980350775,7.624473225514639,0.0,2.7300236406619387,0.0031302726683402,0.7540425531914894,0.2102423324498296,0.2049531427489587,0.0248505967184955,0.1851749220644267,0.0632572889057175,1.6102409638554216,0.1062452669443392,7.531669927940599,0.0250109063739579,0.0242545315263038,5.974842610172879,300241000.0,370875000.0,280438000.0,377879000.0,29833000.0,14609000.0,62763500.0,30.708538432411963,36.30044613096764,143.8033946977078,2.930780968234152,2.4793083720043225,0.6258544882698418,0.0276842606797107,0.1335565104426901,2016-05-02,0.44,amc,82633955.0,2025-04-25,2016-03-31,0.0227272727272727,59.58786885245902,310322.39344262297
2015-12-31,MPWR,USD,1280452,2016-02-29,2016-02-29 16:21:23,2015,Q4,86918000.0,40001000.0,46917000.0,0.5397846246,16734000,18108000.0,-1000.0,18107000.0,550000.0,34841000.0,74842000.0,550000.0,0.0,3305000.0,12873000.0,0.1481051106,11793000.0,0.1356796061,550000.0,12343000.0,0.1420074093,2233000.0,10109000.0,0.1163050231,0.26,0.24,39615000,41445000,https://www.sec.gov/Archives/edgar/data/1280452/000143774916026344/0001437749-16-026344-index.htm,https://www.sec.gov/Archives/edgar/data/1280452/000143774916026344/mpwr20151119_10k.htm,2.1940679035718795,0.2551811182632841,0.6143380032815853,0.4221380790104758,5.931162438470277,9.302435945980058,9.00901173797804,9.302435945980058,0.0,2523871650.0,2433011650.0,62.416451924028095,29.03738753767919,103.70512593992686,150.92218202475632,6.848743745183384,6.848743745183384,27.99203444625969,189.00113804086072,99.9717159058224,145.48894636129882,0.0040053542342377,0.0066259312354493,0.0,0.0,-7.058183795541055,7.668784511239979,0.0,2.407458700168167,0.003214109560603,0.8024532594717578,0.2083342920913964,0.1925262891460917,0.026952015488598,0.3128569667584336,0.0875998067143744,2.303782148260212,0.1423410570882901,7.308258011559571,0.0248954947187849,0.0240884904720715,5.72815852581093,288645000.0,356892000.0,269159000.0,365628000.0,30652500.0,14574000.0,65259000.0,31.923191974044503,30.34499137521562,142.21669458263543,2.819266947778138,2.96589308222733,0.632837095983167,0.0274316447589792,0.1921999242711094,2016-02-04,0.49,amc,83510411.0,2025-04-25,2015-12-31,0.0408163265306122,62.0946875,276967.734375
2015-09-30,MPWR,USD,1280452,2015-10-28,2015-10-28 16:31:03,2015,Q3,91194000.0,41754000.0,49440000.0,0.5421409303,17272000,18722000.0,0.0,18722000.0,-6000.0,35994000.0,77748000.0,0.0,0.0,3386000.0,16832000.0,0.1845735465,13310000.0,0.1459525846,-6000.0,13304000.0,0.1458867908,2103000.0,11201000.0,0.1228260631,0.28,0.28,39592000,40689000,https://www.sec.gov/Archives/edgar/data/1280452/000143774915019011/0001437749-15-019011-index.htm,https://www.sec.gov/Archives/edgar/data/1280452/000143774915019011/mpwr20150831_10q.htm,2.303344109921196,0.2829106890280864,0.556930693069307,0.5126035562739948,5.800742574257426,8.944054354415034,8.63750252576278,8.944054354415034,0.0,2027110400.0,1950494400.0,45.24396036068209,22.22855012391166,91.93244444444444,99.88225671347622,5.724473261360075,5.724473261360075,21.38840713204816,115.88013307984792,88.45779591836735,96.10713968957872,0.0055255993950798,0.0100117882084764,0.0,0.0,-4.55180608365019,6.786672151378034,0.0,1.9685742344433528,0.0039519307877854,0.715203999642889,0.2052985942057591,0.1893984253350001,0.0288921845652841,0.0795918367346938,0.0192446871504704,0.5183106910809214,0.1148650130491041,7.545415366467562,0.0301676673965082,0.027457334621098,5.5619253889674685,281348000.0,341976000.0,264002000.0,353573000.0,28620000.0,16128500.0,66136500.0,30.075991841568527,33.757005316855874,145.08334530823396,2.992420016406891,2.666113275014367,0.6203330906713812,0.0316311459901217,0.0443271367953121,2015-10-26,0.54,amc,89535927.0,2025-04-25,2015-09-30,0.0185185185185185,49.56984375,294416.03125
2015-06-30,MPWR,USD,1280452,2015-08-03,2015-07-31 19:04:06,2015,Q2,81416000.0,37287000.0,44129000.0,0.5420187678,15743000,17964000.0,0.0,17964000.0,235000.0,33707000.0,70994000.0,235000.0,0.0,3471000.0,13893000.0,0.1706421342,10111000.0,0.1241893485,235000.0,10346000.0,0.1270757591,2447000.0,7899000.0,0.0970202417,0.2,0.19,39570000,40745000,https://www.sec.gov/Archives/edgar/data/1280452/000143774915014479/0001437749-15-014479-index.htm,https://www.sec.gov/Archives/edgar/data/1280452/000143774915014479/mpwr20150630_10q.htm,2.0575183219610818,0.1996209249431387,0.1937831690674753,0.1444528683345969,5.838615112458934,8.965428354814254,8.645766995198382,8.965428354814254,0.0,2006594700.0,1925726700.0,63.50787124952526,24.646196079394716,261.6842331768388,351.0487578726382,5.65617146143048,5.65617146143048,23.652926943107005,138.6112934571367,251.1380672926448,336.9011021693492,0.0039365199160547,0.0028486071452296,0.0,0.0,-5.820773051176852,7.03631526582169,0.0,0.9707557918723888,0.0039783818824997,1.0106342575009497,0.2206445907438341,0.1933649405522256,0.0302880827923749,0.254564423578508,0.0239756313255379,0.5623739556323826,0.1166478333497101,6.345704040194275,0.0207857028186343,0.0195049558737104,5.578184230477635,279083000.0,342113000.0,262456000.0,353895000.0,26054000.0,18248000.0,59180000.0,29.586936228751103,40.05792903692976,156.80424812937486,3.0418830562301515,2.246746203904556,0.5739640416230528,0.0222656316065418,0.0493303007328784,2015-07-27,0.45,amc,79646086.0,2025-04-25,2015-06-30,0.0222222222222222,52.92619047619048,292200.34920634923
2015-03-31,MPWR,USD,1280452,2015-05-06,2015-05-06 16:15:32,2015,Q1,73538000.0,33855000.0,39683000.0,0.5396257717,16038000,17518000.0,0.0,17518000.0,642000.0,33556000.0,67411000.0,642000.0,0.0,3621000.0,9748000.0,0.1325573173,5857000.0,0.0796458974,642000.0,6499000.0,0.0883760777,536000.0,5963000.0,0.081087329,0.15,0.15,39105000,40596000,https://www.sec.gov/Archives/edgar/data/1280452/000143774915009116/0001437749-15-009116-index.htm,https://www.sec.gov/Archives/edgar/data/1280452/000143774915009116/mpwr20150331_10q.htm,1.8805267868559008,0.1524868942590461,0.4009973149213655,0.2807313642756681,5.977675489067894,8.83395985168137,8.501112389719985,8.83395985168137,0.0,2058878250.0,1962912250.0,86.3188935938286,27.9974740950257,131.29763726803137,187.5458416833668,5.959954639139446,5.959954639139446,26.69248891729446,201.36563910545752,125.1777469549136,178.80417653488794,0.0028962373078641,0.0053320297108389,0.0,0.0,-9.844686089454248,6.868800662424824,0.0,2.6297165856112694,0.0028457243647117,0.9825591145396612,0.2382169762571731,0.2180913269330142,0.0317750164782852,0.2999170971239079,0.0639533302510266,1.2988124827395746,0.1253637575131224,5.505353738890892,0.0147742288504589,0.0150347693223133,5.505287047692111,269331000.0,332436000.0,251045000.0,346603000.0,25486500.0,16519000.0,47157000.0,31.016209306752973,52.90208241027913,141.94771821001328,2.901708558576333,1.701256281407035,0.6340362573975579,0.0172614429790535,0.1202659506456974,2015-04-22,0.36,amc,71550486.0,2025-04-25,2015-03-31,0.0277777777777778,50.396557377049184,320204.5573770492
2014-12-31,MPWR,USD,1280452,2015-03-02,2015-03-02 16:15:34,2014,Q4,75703000.0,34744000.0,40959000.0,0.5410485714,14941000,16787000.0,0.0,16787000.0,407000.0,31728000.0,66472000.0,407000.0,0.0,3442000.0,12094000.0,0.1597558881,9165000.0,0.1210652154,406000.0,9572000.0,0.1264414884,712000.0,8860000.0,0.117036313,0.23,0.22,38807000,40321000,https://www.sec.gov/Archives/edgar/data/1280452/000143774915003820/0001437749-15-003820-index.htm,https://www.sec.gov/Archives/edgar/data/1280452/000143774915003820/mpwr20141231_10k.htm,1.9507563068518563,0.2283093256371273,0.5291828793774319,0.4832890973278017,6.151415981652795,8.926868863864767,8.582008400546293,8.926868863864767,0.0,1930260180.0,1803994180.0,54.46558069977426,25.497802993276355,93.9939705882353,102.91976432951212,5.571942498376272,5.571942498376272,23.829890228920917,149.1643939143377,87.84545091546552,96.18737296720874,0.0045900547976905,0.0097163067416124,0.0,0.0,-10.440383661319665,8.359675537831313,0.0,2.317832957110609,0.0030260169382968,0.659255079006772,0.221748147365362,0.1973633805793694,0.033510614323703,0.08672574990261,0.02352614823719,0.5174317257408484,0.1133640674742084,6.771777221165856,0.023401812755376,0.0229543788197925,5.8097379338779085,271285000.0,333042000.0,255205000.0,347610000.0,24952000.0,13965500.0,41252500.0,30.470390869582445,34.03235090950955,105.9929772046972,2.953687085446742,2.64454254833308,0.8491128598660737,0.0255755213971278,0.0458937820496302,2015-02-04,0.42,amc,73942465.0,2025-04-25,2014-12-31,0.0238095238095238,44.9084375,360390.515625
2014-09-30,MPWR,USD,1280452,2014-10-31,2014-10-30 18:16:32,2014,Q3,78335000.0,35872000.0,42463000.0,0.5420693177,14679000,17006000.0,0.0,17006000.0,202000.0,31685000.0,67557000.0,202000.0,202000.0,3388000.0,14166000.0,0.1808387056,10446000.0,0.1333503542,202000.0,10648000.0,0.1359290228,-573000.0,11221000.0,0.1432437608,0.29,0.28,38785000,39727000,https://www.sec.gov/Archives/edgar/data/1280452/000143774914019121/0001437749-14-019121-index.htm,https://www.sec.gov/Archives/edgar/data/1280452/000143774914019121/mpwr20140930_10q.htm,2.0197241201495424,0.2893128786902152,0.4127626659791156,0.3670749000902411,5.895603970607193,8.809101456748744,8.454608740492459,8.809101456748744,0.0052081990460229,1708479250.0,1606667250.0,38.06432693164602,21.80990936363056,106.71992316821786,120.00275690103253,5.000510008458676,5.000510008458676,20.51020935724772,113.4171431596781,100.36025048410268,112.8515312214652,0.0065678292551694,0.008333141886271,0.0,0.0,-7.187067626711845,8.051072357019065,51.71287128712871,1.4268270944741532,0.0034047823524927,0.5184029943855272,0.2170932533350354,0.1873875023935661,0.0350115482850733,0.1106877381472921,0.0226207953022276,0.5230224321133412,0.1130912108253015,7.572529054109884,0.0309416163476839,0.0296107665918986,5.585200464096944,260382000.0,327912000.0,246272000.0,337559000.0,22847000.0,14276000.0,41392500.0,27.888683219505968,37.11446253345227,104.33848126672616,3.227115432149625,2.424930710471169,0.8625772476975978,0.0328424959243226,0.0456877658888745,2014-10-27,0.45,amc,78335000.0,2025-04-25,2014-09-30,0.0222222222222222,43.9821875,290435.09375
2014-06-30,MPWR,USD,1280452,2014-07-29,2014-07-29 15:16:02,2014,Q2,68436000.0,31337000.0,37099000.0,0.5420977263,13368000,16853000.0,0.0,16853000.0,295000.0,30221000.0,61558000.0,295000.0,0.0,3118000.0,9996000.0,0.1460634754,6604000.0,0.0964989187,295000.0,6899000.0,0.1008095155,502000.0,6397000.0,0.0934741949,0.17,0.16,38684000,39608000,https://www.sec.gov/Archives/edgar/data/1280452/000143774914013585/0001437749-14-013585-index.htm,https://www.sec.gov/Archives/edgar/data/1280452/000143774914013585/mpwr20140630_10q.htm,1.769103505325199,0.1653655257987798,0.6618498604074036,0.6245734670664874,6.226734567262951,8.650294695481335,8.650294695481335,8.650294695481335,0.0,1638267400.0,1530404400.0,64.02483195247773,23.93867847331813,63.98732179822677,67.80627457472787,4.895786963434023,4.895786963434023,22.362563563037,153.1016806722689,59.77441706050072,63.34193121145648,0.0039047349657327,0.0147478976875203,0.0,0.0,-10.7906162464986,7.297998570407434,0.0,4.002344849148038,0.0035419126328217,0.9070814444270752,0.2462592787421824,0.1953357881816587,0.0,0.05632152482131,0.0210707814600502,0.4624759461193072,0.1229615991583377,5.673214427397841,0.0177654472785868,0.0165445074924868,5.829619480922345,264327000.0,334628000.0,254271000.0,328774000.0,21738500.0,12753500.0,40513500.0,28.16938453445555,39.51590771292721,118.32083479592814,3.194957983193277,2.277563776437241,0.7606437205689597,0.0191167505408991,0.0372763933409161,2014-07-24,0.35,amc,64736756.0,2025-04-25,2014-06-30,0.0571428571428572,38.768412698412696,326108.3015873016
2014-03-31,MPWR,USD,1280452,2014-05-01,2014-05-01 17:18:07,2014,Q1,60061000.0,27964000.0,32097000.0,0.5344066865,15603000,16109000.0,0.0,16109000.0,190000.0,31712000.0,59676000.0,190000.0,190000.0,3182000.0,3567000.0,0.0593896206,9085000.0,0.1512628827,190000.0,9275000.0,0.1544263332,257000.0,9018000.0,0.1501473502,0.23,0.23,38470000,39517000,https://www.sec.gov/Archives/edgar/data/1280452/000143774914007746/0001437749-14-007746-index.htm,https://www.sec.gov/Archives/edgar/data/1280452/000143774914007746/mpwr20140331_10q.htm,1.5612425266441383,0.2344164283857551,0.3115414608786067,0.1941512867169222,5.9432024954510005,8.699428125812322,8.699428125812322,8.699428125812322,0.0049389134390434,1491481900.0000002,1402596900.0000002,41.34735806165448,24.83278500191473,124.44571547768044,199.6896371669568,4.456614784248223,4.456614784248223,23.352872912538924,393.2147182506308,117.02936170212767,187.78911500870268,0.0060463355271022,0.0050077711301759,0.0,0.0,-24.91869918699187,9.571363295146709,47.81578947368421,1.3290086493679307,0.0,0.0,0.2682106525032883,0.2597858843509099,0.0,0.3768043387567793,0.0751902232730057,1.4192331866750472,0.1265047202011288,6.773772920659426,0.0256786175591565,0.024071622285336,5.852021055367819,262618000.0,334667000.0,253292000.0,328515000.0,22893500.0,11221000.0,39783000.0,33.05189723780823,37.81004148190531,128.18659705335432,2.722990433875867,2.380320054477358,0.7021014838434306,0.0269461883006092,0.1173901741616844,2014-04-24,0.26,amc,40040666.0,2025-04-25,2014-03-31,0.5,35.25426229508197,292412.11475409835
2013-12-31,MPWR,USD,1280452,2014-03-10,2014-03-10 16:14:49,2013,Q4,63560000.0,29266000.0,34294000.0,0.5395531781,12487000,13683000.0,0.0,13683000.0,-57000.0,26170000.0,55436000.0,0.0,0.0,3200000.0,11324000.0,0.1781623663,8040000.0,0.1264946507,-57000.0,7983000.0,0.1255978603,484000.0,7499000.0,0.1179830082,0.2,0.19,38328000,39524000,https://www.sec.gov/Archives/edgar/data/1280452/000143774914003761/0001437749-14-003761-index.htm,https://www.sec.gov/Archives/edgar/data/1280452/000143774914003761/mpwr20131231_10k.htm,1.6583176789814236,0.1956533082863703,0.7944061782508871,0.7855353788353162,5.905317261532039,8.437669588812357,8.437669588812357,8.437669588812357,0.0,1328448479.9999998,1227235479.9999998,44.28752100280037,20.90069981120201,43.63007356805044,44.12277401355121,4.107769288093036,4.107769288093036,19.30829893014474,108.3747333097845,40.30594718864949,40.761109339710366,0.0056449309949904,0.0226640328573374,0.0,0.0,-8.937919463087248,7.5888175842448495,0.0,4.060274703293772,0.0,0.0,0.215276903713027,0.1964600377595972,0.0,0.0111665790856542,0.0053492762743864,0.10625,0.0884203901825047,6.094612728366323,0.0228574753762108,0.0203275613432075,5.7006887914840325,253597000.0,323399000.0,246577000.0,318434000.0,22843500.0,10550000.0,41356000.0,33.60132158590308,32.88662611904599,122.20084739971298,2.678466076696165,2.73667477089957,0.7364924377783929,0.0231880741746263,0.0088707994155708,2014-02-06,0.31,amc,61573750.0,2025-04-25,2013-12-31,0.032258064516129,31.9615625,377439.65625
2013-09-30,MPWR,USD,1280452,2013-10-28,2013-10-28 16:26:15,2013,Q3,65347000.0,30053000.0,35294000.0,0.5401013053,12643000,13891000.0,0.0,13891000.0,-59000.0,26534000.0,56587000.0,0.0,0.0,3249000.0,12009000.0,0.1837727822,8656000.0,0.132462087,-59000.0,8597000.0,0.1315592147,1187000.0,7410000.0,0.113394647,0.2,0.19,37910000,39009000,https://www.sec.gov/Archives/edgar/data/1280452/000143774913013503/0001437749-13-013503-index.htm,https://www.sec.gov/Archives/edgar/data/1280452/000143774913013503/mpwr20131020_10q.htm,1.7237404378791876,0.1954629385386441,0.2115800580321815,0.0896333421260881,5.390345555262464,8.370640991822738,8.370640991822738,8.370640991822738,0.0,1147914800.0,1037468800.0,38.728569500674766,17.56644987528119,143.1136765989278,337.8207180694526,3.6174051699959984,3.6174051699959984,15.876303426324084,86.39094012823716,129.3440718114948,305.31748087110066,0.0064551829107874,0.002960150004164,0.0,0.0,-9.196935631609628,10.279221518267006,0.0,1.0824561403508772,0.0,0.0,0.212572880162823,0.1934748343458766,0.0,0.5763620496197481,0.0707454052978713,1.422899353647276,0.0800495814651016,6.067402815748952,0.0230500208112446,0.021169009256085,5.528732524399895,244591000.0,317331000.0,238241000.0,311812000.0,21138000.0,12680000.0,41621500.0,30.240561923271155,31.162945463015337,128.697634179616,2.976135173293255,2.88804535844705,0.6993135543920884,0.0233510120347523,0.1219467159060933,2013-10-24,0.32,amc,63366787.0,2025-04-25,2013-09-30,0.03125,28.0925,293546.71875
2013-06-30,MPWR,USD,1280452,2013-08-06,2013-08-06 16:28:06,2013,Q2,57714000.0,26786000.0,30928000.0,0.535883841,12478000,13793000.0,0.0,13793000.0,218000.0,26271000.0,53057000.0,218000.0,0.0,3002000.0,7659000.0,0.1327061025,4914000.0,0.0851439859,218000.0,5132000.0,0.0889212323,-357000.0,5489000.0,0.0951069065,0.15,0.14,37053000,38239000,https://www.sec.gov/Archives/edgar/data/1280452/000143774913010006/0001437749-13-010006-index.htm,https://www.sec.gov/Archives/edgar/data/1280452/000143774913010006/mpwr20130630_10q.htm,1.5576066715245729,0.148139152025477,0.4186705529916606,0.2198742342050576,5.117507354330284,7.933554637951043,7.933554637951043,7.933554637951043,0.0,886678290.0,784943290.0,40.38432729094553,15.363313754028486,57.15711274415006,108.83494415122132,3.016302413237085,3.016302413237085,13.600569879058808,102.48639378508943,50.59906465545027,96.34752546949798,0.0061905203520884,0.0091882254160074,0.0,0.0,-13.283065674370022,7.725508232913255,0.0,2.8256830601092897,0.0,0.0,0.2389888068752815,0.2162040406140624,0.0,0.4748275639785986,0.1276293446997262,2.453697534976682,0.0899261877534047,5.142331793438828,0.0175205601421007,0.0165036049958808,5.029559010066661,219339000.0,293962000.0,213320000.0,286620000.0,21494000.0,14105000.0,37608500.0,31.685726166961224,50.24490405435675,135.299036810274,2.840395688764211,1.791226427711649,0.6651932055229959,0.0186724814771977,0.1987963187866029,2013-08-06,0.23,amc,55309250.0,2025-04-25,2013-06-30,0.0434782608695651,23.73890625,304820.3125
2013-03-31,MPWR,USD,1280452,2013-05-02,2013-05-02 16:42:00,2013,Q1,51470000.0,24085000.0,27385000.0,0.5320575092,12123000,13258000.0,0.0,13258000.0,-10000.0,25381000.0,49466000.0,0.0,0.0,2709000.0,4713000.0,0.0915679036,2305000.0,0.044783369,-10000.0,2295000.0,0.044589081,-204000.0,2499000.0,0.0485525549,0.07,0.07,36259000,37708000,https://www.sec.gov/Archives/edgar/data/1280452/000143774913005195/0001437749-13-005195-index.htm,https://www.sec.gov/Archives/edgar/data/1280452/000143774913005195/mpwr_10q-033113.htm,1.4195096389861828,0.0689208196585675,0.1848920268071375,0.0901569265561653,4.827573843735348,7.620480432444358,7.620480432444358,7.620480432444358,0.0,856074990.0,762787990.0,85.6417557022809,16.632504177190597,127.69615005966588,261.87671765065767,3.098229856936568,3.098229856936568,14.820050320575092,161.8476532993847,113.78102476133652,233.3398562251453,0.0029191367919766,0.0038185907054707,0.0,0.0,-19.79354975599406,8.429737504494787,0.0,2.682673069227691,0.0,0.0,0.2575869438507868,0.2355352632601515,0.0,0.5123806682577565,0.0667379055760637,1.2679955703211516,0.0905381775791723,3.437618295551901,0.0088694608079301,0.0080407733814685,4.827470421136821,206621000.0,276311000.0,199951000.0,269492000.0,21026000.0,11557500.0,33532000.0,39.638818729356906,49.53456508200125,130.59622171476022,2.270501566015263,1.816913095956548,0.6891470428338436,0.0090441567653839,0.0947351002509721,2013-04-29,0.16,amc,48442352.0,2025-04-25,2013-03-31,0.0625,23.88533333333333,310283.8333333333
2012-12-31,MPWR,USD,1280452,2013-03-05,2013-03-05 16:57:35,2012,Q4,48214000.0,22661000.0,25553000.0,0.5299912888,13243000,13930000.0,0.0,13930000.0,-10000.0,27173000.0,49834000.0,0.0,0.0,2466000.0,846000.0,0.0175467706,980000.0,0.0203260464,-10000.0,970000.0,0.0201186377,722000.0,248000.0,0.0051437342,0.01,0.01,35556000,36763000,https://www.sec.gov/Archives/edgar/data/1280452/000143774913002333/0001437749-13-002333-index.htm,https://www.sec.gov/Archives/edgar/data/1280452/000143774913002333/monolithic_10k-123112.htm,1.3560017999775005,0.0069749128135898,0.3223647204409945,0.2699122510968613,4.5175216559793006,7.264427944650692,7.264427944650692,7.264427944650692,0.0,792187680.0,717083680.0,798.5762903225807,16.430656655743146,69.1142627813645,82.5453454204439,3.06699993031197,3.06699993031197,14.872934832206411,847.6166430260047,62.561828651195256,74.71956653120768,0.0003130571280785,0.0121145534603618,0.0,0.0,-88.77541371158392,9.134739982949702,0.0,46.21774193548387,0.0450196347411007,143.80645161290323,0.2889202306384038,0.2746712573111544,0.0,0.1627115686616646,0.0386817107064338,0.7562854825628548,0.1519475670966939,1.0677297925867026,0.0009501509318508,0.0008636240171053,4.566085892676342,190841000.0,258294000.0,185433000.0,250253000.0,20472000.0,10632000.0,32369000.0,36.18181441075206,39.1558183663563,127.54732800847272,2.487437445183924,2.298508976569632,0.7056204265919352,0.0009601461900005,0.0524524693441331,2013-02-06,0.2,amc,45918095.0,2025-04-25,2012-12-31,0.0499999999999999,19.92129032258064,266910.96774193546
2012-09-30,MPWR,USD,1280452,2012-11-05,2012-11-05 16:39:42,2012,Q3,56508000.0,26495000.0,30013000.0,0.5311283358,11967000,11955000.0,0.0,11955000.0,156000.0,23693000.0,50188000.0,156000.0,0.0,2413000.0,8504000.0,0.1504919657,6320000.0,0.111842571,156000.0,6476000.0,0.114603242,555000.0,5921000.0,0.1047816238,0.17,0.16,35145000,36438000,https://www.sec.gov/Archives/edgar/data/1280452/000143774912010999/0001437749-12-010999-index.htm,https://www.sec.gov/Archives/edgar/data/1280452/000143774912010999/mpwr20121022_10q.htm,1.6078531796841655,0.1684734670650163,0.0329492104139991,-0.1380566225636648,5.27887323943662,8.11108265756153,8.11108265756153,8.11108265756153,0.0,681461550.0,603214550.0,28.773076760682315,12.05955882352941,588.4814766839378,-140.4496187139324,2.390556331209834,2.390556331209834,10.674852233312098,70.93303739416746,520.910664939551,-124.3228668590272,0.0086886780332654,-0.0071199908490801,0.0,0.0,-9.201199435559737,9.755791505791503,0.0,0.1955750717784158,0.0,0.0,0.2115629645359949,0.2117753238479507,0.0,5.189982728842833,0.1063566220712111,2.490675507666805,0.0740072202166065,5.544934614748144,0.0198976235388675,0.0187807872007714,5.343669085218381,217704000.0,285064000.0,212363000.0,277587000.0,21488000.0,14553000.0,31039000.0,34.34009343809726,38.741271938101534,110.81600301943764,2.6208431890914152,2.3231039017974573,0.8121570670998989,0.0207707742822664,0.1710058329776639,2012-11-01,0.26,amc,54415111.0,2025-04-25,2012-09-30,0.0384615384615384,20.31,408711.126984127
2012-06-30,MPWR,USD,1280452,2012-07-30,2012-07-30 17:05:20,2012,Q2,58607000.0,27435000.0,31172000.0,0.5318818571,12468000,12167000.0,0.0,12167000.0,359000.0,24635000.0,52070000.0,359000.0,0.0,2269000.0,8806000.0,0.150255089,6781000.0,0.1157029024,359000.0,7140000.0,0.1218284505,548000.0,6592000.0,0.1124780316,0.19,0.18,34665000,35997000,https://www.sec.gov/Archives/edgar/data/1280452/000143774912007381/0001437749-12-007381-index.htm,https://www.sec.gov/Archives/edgar/data/1280452/000143774912007381/mpsi_10q-063012.htm,1.6906678205682966,0.1901629886052214,0.1751911149574498,-0.0645031011106303,5.326900331746718,7.766940718303765,7.766940718303765,7.766940718303765,0.0,688100250.0,606456250.0,26.096034966626217,11.74092258603921,113.30483286678742,-307.73714221824685,2.555703811826579,2.555703811826579,10.347846673605542,68.86852714058597,99.86106537131566,-271.2237254025045,0.0095799994259557,-0.0032495265043138,0.0,0.0,-9.271405859641154,6.692642760791367,0.0,0.9212682038834952,0.0,0.0,0.2076031873325712,0.2127390925998601,0.0,1.368187057467479,0.1417748733086491,3.661965623622742,0.0653334925862098,5.7647337175731845,0.0228079474713124,0.0212594412946586,5.037148420597144,202567000.0,269241000.0,197318000.0,262151000.0,20681000.0,16137000.0,25501000.0,32.88600337843602,58.067796610169495,96.6265718972116,2.736726593509222,1.5499124343257442,0.9314208114072312,0.0244836410502115,0.2396942160680802,2012-07-30,0.25,amc,52327678.0,2025-04-25,2012-06-30,0.1200000000000001,19.660952380952384,337407.8095238095
2012-03-31,MPWR,USD,1280452,2012-05-08,2012-05-08 16:55:17,2012,Q1,50484000.0,24074000.0,26410000.0,0.5231360431,11118000,11966000.0,0.0,11966000.0,128000.0,23084000.0,47158000.0,157000.0,51000.0,2184000.0,5510000.0,0.109143491,3198000.0,0.0633468029,106000.0,3304000.0,0.0654464781,309000.0,2995000.0,0.059325727,0.09,0.08,34105000,35538000,https://www.sec.gov/Archives/edgar/data/1280452/000143774912004661/0001437749-12-004661-index.htm,https://www.sec.gov/Archives/edgar/data/1280452/000143774912004661/mpsi_10q-033112.htm,1.480252162439525,0.0878170356252748,0.1823486292332502,0.0394077114792552,5.305028588183551,7.470488198211406,7.470488198211406,7.470488198211406,0.001495381908811,670845350.0,592114350.0,55.99710767946578,13.28827648363838,107.87029265155172,499.14088541666666,2.633027384302597,2.633027384302597,11.72875267411457,107.46176950998183,95.21054027978776,440.5612723214286,0.0044645163002173,0.0020034423731192,0.0,0.0,-14.28874773139746,7.163240013982014,62.70588235294117,2.0764607679465774,0.0,0.0,0.2370255922668568,0.2202281911100546,0.0,0.7838880849011095,0.0965652483955312,2.232142857142857,0.0656643689089612,3.841980333813781,0.0111620741449405,0.010285733910296,4.992310511655183,193951000.0,254781000.0,189021000.0,245388000.0,17522000.0,11738500.0,20825500.0,35.5603755645353,54.48076763313118,80.55287862424193,2.5309069032937286,1.6519591024497358,1.1172785074488327,0.0117551936761375,0.142940917753995,2012-04-30,0.13,amc,38605411.0,2025-04-25,2012-03-31,0.3076923076923077,17.53241935483871,287172.5483870968
2011-12-31,MPWR,USD,1280452,2012-03-12,2012-03-12 06:33:23,2011,Q4,47461000.0,22544000.0,24917000.0,0.5249994733,11403000,10198000.0,0.0,10198000.0,0.0,21601000.0,44145000.0,137000.0,-324000.0,2182000.0,7438000.0,0.1567181475,2411000.0,0.0507996039,99000.0,2510000.0,0.0528855271,57000.0,2453000.0,0.051684541,0.0719,0.0719,33753000,34105000,https://www.sec.gov/Archives/edgar/data/1280452/000143774912002162/0001437749-12-002162-index.htm,https://www.sec.gov/Archives/edgar/data/1280452/000143774912002162/mps_10k-123111.htm,1.406126862797381,0.0726750214795721,0.3930317305128433,0.3270524101561343,5.160963469913786,7.195715936361212,7.195715936361212,7.195715936361212,-0.0095991467425117,508657710.0,412286710.0,51.84036995515696,10.717382903857905,38.34296019900498,46.07824168855875,2.0943016835682258,2.0943016835682258,8.686852573692084,55.42978085506856,31.078449419568823,37.34819367696349,0.0048224964485449,0.0217022169977527,0.0,0.0,-12.956574347942995,8.112965093977753,-7.441358024691358,5.408071748878924,0.0,0.0,0.2148711573713154,0.2402604243484123,0.0,0.1678727574249962,0.0469227365626514,1.0206232813932172,0.0651060871030951,3.430211105793475,0.0095087842353673,0.0089569024380447,4.876092495481883,185435000.0,242877000.0,180515000.0,233229000.0,15758500.0,9209500.0,21831000.0,28.62834748530372,35.54648687012065,80.25904897090135,3.143737166324436,2.531895777178796,1.1213688818145642,0.0100997624311894,0.065979320356709,2012-02-09,0.11,amc,34804733.0,2025-04-25,2011-12-31,0.3636363636363636,12.521904761904764,248276.61904761905
2011-09-30,MPWR,USD,1280452,2011-10-27,2011-10-27 16:16:40,2011,Q3,52962000.0,25148000.0,27814000.0,0.5251689891,11792000,10249000.0,0.0,10249000.0,722000.0,22041000.0,47189000.0,103000.0,100000.0,2175000.0,7948000.0,0.1500698614,5051000.0,0.0953702655,3000.0,5054000.0,0.0954269099,-419000.0,5473000.0,0.1033382425,0.16,0.16,33594000,34240000,https://www.sec.gov/Archives/edgar/data/1280452/000143774911007798/0001437749-11-007798-index.htm,https://www.sec.gov/Archives/edgar/data/1280452/000143774911007798/mono_10q-093011.htm,1.5765315234863368,0.162915996904209,0.2650770971006727,-0.137494790736441,4.787491814014407,7.056408882538548,7.056408882538548,7.056408882538548,0.0029767220336964,341986920.0,249014920.0,15.621547597295816,6.457213096182168,38.403921392476136,-74.0391686512232,1.4426601646045398,1.4426601646045398,4.701765794343114,31.33051333668848,27.963494665918024,-53.91100238146785,0.0160035360416708,-0.0135063645124205,0.0,0.0,-11.697533970810266,8.096217465821676,50.51,1.6270783847981,0.0,0.0,0.1935161058872399,0.2226502020316453,0.0,1.5186973610331274,0.2553528945281522,6.217931034482759,0.063706053396775,5.085866934201668,0.0225954620552891,0.0204856978163062,4.608441983687563,178037000.0,237053000.0,173017000.0,225645000.0,17004500.0,10222000.0,24136500.0,27.903024810241305,34.05240973437251,84.30968665500238,3.225456760048721,2.642984760903836,1.067492996009848,0.0230876639401315,0.4025718878371138,2011-10-27,0.21,amc,48356608.0,2025-04-25,2011-09-30,0.0952380952380953,12.65625,351104.046875
2011-06-30,MPWR,USD,1280452,2011-08-09,2011-08-09 13:00:33,2011,Q2,51628000.0,25070000.0,26558000.0,0.5144107848,11237000,10343000.0,0.0,10343000.0,939000.0,21580000.0,46650000.0,160000.0,136000.0,2105000.0,5138000.0,0.0995196405,4039000.0,0.0782327419,24000.0,4063000.0,0.078697606,581000.0,3482000.0,0.0674440226,0.1,0.1,33846000,34903000,https://www.sec.gov/Archives/edgar/data/1280452/000143774911005640/0001437749-11-005640-index.htm,https://www.sec.gov/Archives/edgar/data/1280452/000143774911005640/monolithicpower_10q-063111.htm,1.52537966081664,0.1028777403533652,0.3924836021981918,0.3270401229096495,4.825562843467471,6.710689594043609,6.710689594043609,6.710689594043609,0.0040182000827276,521905320.0,424220320.0,37.47166283744974,10.10895870457891,39.28826558265583,47.15017797452344,2.297826443006208,2.297826443006208,8.216865266909428,82.56526274815103,31.934682324601024,38.32508085644593,0.0066717081941222,0.0212088276854506,0.0,0.0,-19.01226158038147,6.70044180721726,29.698529411764707,3.815048822515795,0.0,0.0,0.2003370264197722,0.217653211435655,0.0,0.1667419451972297,0.0429030758503137,1.0522565320665085,0.0711823041760285,3.941264148351528,0.0149102607649215,0.0132314941480468,4.51590291319506,176765000.0,227130000.0,171744000.0,214198000.0,17615500.0,10717000.0,23916000.0,30.66185015882854,39.2345432788193,88.72556840845633,2.9352436181704475,2.2938969713606,1.0143637467125228,0.0153304275084753,0.0654434792885422,2011-08-02,0.19,amc,46711047.0,2025-04-25,2011-06-30,0.1052631578947368,15.557777777777778,390098.1111111111
2011-03-31,MPWR,USD,1280452,2011-04-28,2011-04-28 16:07:40,2011,Q1,44468000.0,22163000.0,22305000.0,0.5015966538,10086000,10303000.0,0.0,10303000.0,813000.0,20389000.0,42552000.0,271000.0,88000.0,2270000.0,4457000.0,0.1002293784,1916000.0,0.0430871638,183000.0,2099000.0,0.0472024827,206000.0,1893000.0,0.0425699379,0.05,0.05,35024000,36105000,https://www.sec.gov/Archives/edgar/data/1280452/000143774911002604/0001437749-11-002604-index.htm,https://www.sec.gov/Archives/edgar/data/1280452/000143774911002604/monolithic_10q-033111.htm,1.2696436729100045,0.0540486523526724,0.2349817268158976,0.1477272727272727,5.025668113293741,6.94520899954317,6.94520899954317,6.94520899954317,0.0025125628140703,496990560.0,422928560.0,65.6353090332805,11.176364127012684,60.38767436208992,96.0553846153846,2.043135059136934,2.043135059136934,9.510851848520284,94.8908593224142,51.388646415552856,81.7411209895632,0.0038089254653046,0.0104106605163687,0.0,0.0,-16.617006955351133,8.214996260284218,21.772727272727277,4.347596407818278,0.0,0.0,0.2316947018080417,0.226814788162274,0.0,0.3713244228432564,0.0687235765044526,1.3462555066079296,0.0671718988935864,2.906205722499978,0.0069600031455403,0.0068833860586887,4.826633165829146,192929000.0,243249000.0,187908000.0,230255000.0,17994500.0,9742000.0,24453000.0,35.706125753350726,42.65893606461219,93.87402427469203,2.520575898424215,2.109757258448358,0.958731669334256,0.0077821491558033,0.0872544540886249,2011-04-28,0.11,amc,37626769.0,2025-04-25,2011-03-31,0.1818181818181818,14.989032258064515,460090.48387096776
2010-12-31,MPWR,USD,1280452,2011-03-04,2011-03-04 16:26:56,2010,Q4,47057000.0,23316000.0,23741000.0,0.5045158,10256000,9524000.0,0.0,9524000.0,0.0,19780000.0,43096000.0,231000.0,-163000.0,2392000.0,5428000.0,0.1153494698,3961000.0,0.0841745118,160000.0,4121000.0,0.0875746435,540000.0,3581000.0,0.0760991988,0.1,0.1,35024000,35024000,https://www.sec.gov/Archives/edgar/data/1280452/000143774911001307/0001437749-11-001307-index.htm,https://www.sec.gov/Archives/edgar/data/1280452/000143774911001307/monolithic_10k-123110.htm,1.3435644129739608,0.1022441754225673,0.2924566011877569,0.1723389675650982,5.074206258565555,7.04930904522613,7.04930904522613,7.04930904522613,-0.0046539515760621,578596480.0,530586480.0,40.39349902261938,12.29565165650169,56.48701357024309,95.85760106030484,2.3434920917799063,2.3434920917799063,11.275399621735342,97.74990420044216,51.7999101825637,87.90365805168986,0.0061891147350222,0.010432140893771,0.0,0.0,-8.8448784082535,7.745012081463583,-24.30061349693252,2.860374197151633,0.0,0.0,0.2023928427226555,0.2179484455022632,0.0,0.4107195157668651,0.0894022143358055,1.7587792642140467,0.0655587904031281,4.027020336319374,0.0136243712618843,0.0127164838442772,4.844271071265418,195403000.0,246895000.0,189665000.0,232665000.0,25318000.0,13367000.0,22624000.0,35.08999723739295,34.65903242408647,99.54580545548122,2.564833487763667,2.59672569328433,0.9041064019543216,0.0145041414366431,0.1201176336226587,2011-02-03,0.14,amc,36599888.0,2025-04-25,2010-12-31,0.2857142857142855,16.28203125,492261.859375
2010-09-30,MPWR,USD,1280452,2010-11-03,2010-11-03 16:06:49,2010,Q3,65843000.0,29857000.0,35986000.0,0.546542533,11291000,11260000.0,0.0,11260000.0,964000.0,22551000.0,52408000.0,240000.0,159000.0,2020000.0,15695000.0,0.2383700621,13435000.0,0.2040459882,81000.0,13516000.0,0.2052761873,297000.0,13219000.0,0.2007654572,0.37,0.35,36185000,37727000,https://www.sec.gov/Archives/edgar/data/1280452/000143774910003649/0001437749-10-003649-index.htm,https://www.sec.gov/Archives/edgar/data/1280452/000143774910003649/monolithic_10q-093010.htm,1.819621390078762,0.3653171203537377,0.4283542904518447,0.2675417990880199,5.11278153931187,7.001492331076413,7.001492331076413,7.001492331076413,0.0043940859472156,590901049.9999999,546626049.9999999,11.175222218019517,8.974394392722079,38.12264838709677,61.03719140584649,2.3323599066899807,2.3323599066899807,8.301961484136505,34.82803759158967,35.26619677419354,56.46380022724924,0.0223709198012086,0.0163834537102278,0.0,0.0,-2.820962089837528,7.173051598228182,84.49685534591195,1.1725546561767153,0.0,0.0,0.1710128639339034,0.1714836808772382,0.0,0.3754193548387097,0.0883768965569612,2.880693069306931,0.063210971553544,7.5861527056058735,0.0507288236062858,0.0452036712808447,4.970823545668095,206254000.0,253349000.0,200583000.0,238715000.0,31305500.0,14378000.0,16958500.0,44.13544340324712,53.52011253642362,58.65659644304518,2.0391774288457367,1.681610813855252,1.534354283365024,0.0521770364201161,0.1608124913638247,2010-11-03,0.42,amc,64311767.0,2025-04-25,2010-09-30,0.0238095238095238,17.5084375,568455.6875
2010-06-30,MPWR,USD,1280452,2010-07-28,2010-07-28 16:09:51,2010,Q2,55690000.0,23256000.0,32434000.0,0.5824025857,11785000,13843000.0,0.0,13843000.0,0.0,25628000.0,48884000.0,338000.0,4000.0,1881000.0,9025000.0,0.1620578201,6806000.0,0.1222122464,334000.0,7140000.0,0.1282097324,733000.0,6407000.0,0.1150475848,0.18,0.17,36291000,38355000,https://www.sec.gov/Archives/edgar/data/1280452/000119312510169045/0001193125-10-169045-index.htm,https://www.sec.gov/Archives/edgar/data/1280452/000119312510169045/d10q.htm,1.534540244137665,0.1765451489349976,0.4000440880659117,0.1470061447741864,5.229698823399741,6.8878785373784135,6.8878785373784135,6.8878785373784135,0.0001102201647791,648157260.0,599195260.0,25.29098095832683,11.638665110432752,44.64507921201267,121.49152014995316,2.592960939000192,2.592960939000192,10.759476746274016,66.39282659279779,41.272576112412175,112.31401312089972,0.00988494674888,0.0082310271430115,0.0,0.0,-5.4251523545706375,8.045958312150484,1701.5,2.265959107226471,0.0,0.0,0.2485724546597234,0.21161788471898,0.0,0.6325251412040226,0.1648949542108098,4.881977671451356,0.0994613036451786,5.230725064474526,0.0238990737268121,0.0224767584634274,5.0888512303325895,207891000.0,249968000.0,202314000.0,235144000.0,27431500.0,11341000.0,14504000.0,49.00305261267732,42.5735294117647,55.95201238390093,1.8366202757074075,2.113989637305699,1.6085212339189376,0.0256312808039429,0.2530379432917252,2010-07-28,0.29,amc,52097096.0,2025-04-25,2010-06-30,0.0689655172413793,21.15079365079365,412371.4603174603
2010-03-31,MPWR,USD,1280452,2010-04-29,2010-04-29 16:06:49,2010,Q1,50250000.0,20954000.0,29296000.0,0.5830049751,11040000,11960000.0,0.0,11960000.0,0.0,23000000.0,43954000.0,347000.0,0.0,1723000.0,6643000.0,0.132199005,6296000.0,0.1252935323,347000.0,6643000.0,0.132199005,287000.0,6356000.0,0.1264875622,0.18,0.17,35421000,37783000,https://www.sec.gov/Archives/edgar/data/1280452/000119312510099300/0001193125-10-099300-index.htm,https://www.sec.gov/Archives/edgar/data/1280452/000119312510099300/d10q.htm,1.418649953417464,0.1794415742073911,0.2324327376415121,0.1316450693091669,4.957200530758589,6.461901132096779,6.461901132096779,6.461901132096779,0.0,789888300.0,741023300.0,31.068608401510385,15.719170149253731,95.94173448317746,169.3948745442848,3.4509967800705152,3.4509967800705152,14.746732338308458,111.54949570976969,90.00647394631362,158.91556937593825,0.0080467073635601,0.0059033663367339,0.0,0.0,-7.355863314767424,8.531761932822628,0.0,1.2953115166771554,0.0,0.0,0.2380099502487562,0.2197014925373134,0.0,0.4336207943641443,0.0710447761194029,2.0719674985490424,0.0800796019900497,5.107789003973177,0.0257589650648839,0.0245107301930085,4.823176928940459,191721000.0,228887000.0,186748000.0,213417000.0,20031000.0,9734000.0,17083000.0,43.95402985074627,50.17132767013458,62.49403455187554,2.0475938225826167,1.793853265987501,1.4401374570446734,0.0277691612018157,0.1007876683323452,2010-04-29,0.23,amc,44451923.0,2025-04-25,2010-03-31,0.1304347826086956,21.45360655737705,432104.2295081967
2009-12-31,MPWR,USD,1280452,2010-02-16,2010-02-12 20:17:47,2009,Q4,46547000.0,19208000.0,27339000.0,0.5873418265,10366000,13286000.0,0.0,13286000.0,-734000.0,22918000.0,42126000.0,220000.0,-355000.0,1706000.0,5300000.0,0.1138634069,4421000.0,0.0949792683,146000.0,4567000.0,0.0981158829,-87000.0,4654000.0,0.0999849614,0.13,0.13,34994000,35421000,https://www.sec.gov/Archives/edgar/data/1280452/000119312510030881/0001193125-10-030881-index.htm,https://www.sec.gov/Archives/edgar/data/1280452/000119312510030881/d10k.htm,1.3301423101103047,0.1329942275818711,0.4610504657941361,0.3771503686346231,4.733125678687775,6.085528947819626,6.085528947819626,6.085528947819626,-0.0101445962164942,838806180.0,792089180.0,45.05834658358401,18.020628182267387,51.98997024916326,63.55555235641764,3.9388523504745088,3.9388523504745088,17.016975959782584,149.45078867924528,49.09440808231065,60.01584937111683,0.0055483616012461,0.0157342665262671,0.0,0.0,-8.814528301886792,8.506772009029346,-12.453521126760563,3.466695315857327,0.0,0.0,0.2854319290179818,0.2226996369261177,0.0,0.1819759514069666,0.0630760306786688,1.720984759671747,0.089801705802737,4.267335818921888,0.0206757201417052,0.0192456403703565,4.5212250671543694,179577000.0,212957000.0,174635000.0,197545000.0,17507000.0,8327000.0,19987000.0,30.010312157604144,36.48635985006248,91.91170345689297,2.998969138586431,2.4666752279440094,0.9792006525285482,0.021854177134351,0.083900097159513,2010-02-04,0.19,amc,44219650.0,2025-04-25,2009-12-31,0.0526315789473684,22.0959375,394854.90625
2009-09-30,MPWR,USD,1280452,2009-10-22,2009-10-22 16:04:31,2009,Q3,47966000.0,18868000.0,29098000.0,0.6066380353,10080000,9438000.0,0.0,9438000.0,-3545000.0,15973000.0,34841000.0,161000.0,76000.0,1718000.0,15004000.0,0.3128049035,13125000.0,0.2736313222,85000.0,13210000.0,0.2754034107,648000.0,12562000.0,0.2618938415,0.36,0.34,34552000,37247000,https://www.sec.gov/Archives/edgar/data/1280452/000119312509211964/0001193125-09-211964-index.htm,https://www.sec.gov/Archives/edgar/data/1280452/000119312509211964/d10q.htm,1.3882264413058578,0.3635679555452651,0.1214112062977541,-0.0011866172725167,4.3342208844639964,5.827216948367678,5.827216948367678,5.827216948367678,0.0021995832368603,810244400.0,758251400.0,16.124908454067825,16.892056873618813,193.1452681764005,-19762.05853658537,4.024219487240615,4.024219487240615,15.808101571946796,50.53661690215942,180.75122765196664,-18493.936585365853,0.0155039639891371,-5.060201588557724e-05,0.0,0.0,-3.4652759264196216,8.275205296874327,172.69736842105263,0.3339436395478427,0.0,0.0,0.1967643747654588,0.2101488554392694,0.0,1.0097735399284864,0.0883125547262644,2.4656577415599537,0.06600508693658,6.904220479520262,0.0605447036522726,0.054758573190879,4.239689453577217,169214000.0,201342000.0,164408000.0,186226000.0,15970500.0,9573500.0,20220000.0,36.575282491765,42.29542081831673,97.10727157091372,2.4606781921715486,2.1278899289500397,0.9268100992238923,0.0623913540145622,0.1225978235702709,2009-10-22,0.23,amc,45967416.0,2025-04-25,2009-09-30,0.0434782608695651,23.1575,391381.859375
2009-06-30,MPWR,USD,1280452,2009-07-30,2009-07-30 16:03:04,2009,Q2,41173000.0,16823000.0,24350000.0,0.59140699,9732000,9321000.0,0.0,9321000.0,0.0,19053000.0,35876000.0,281000.0,185000.0,1612000.0,4957000.0,0.1203944332,3064000.0,0.0744177009,96000.0,3160000.0,0.076749326,-26000.0,3186000.0,0.0773808078,0.09,0.09,34070000,36389000,https://www.sec.gov/Archives/edgar/data/1280452/000119312509159531/0001193125-09-159531-index.htm,https://www.sec.gov/Archives/edgar/data/1280452/000119312509159531/d10q.htm,1.208482535955386,0.093513354857646,0.3233049603756971,0.2577634282359847,3.4864690343410625,5.283739360140887,5.283739360140887,5.283739360140887,0.0054299970648664,763508700.0,706692700.0,59.911228813559326,18.54391713015811,69.3153608715388,86.94018446823047,4.241314431414811,4.241314431414811,17.16398367862434,142.56459552148476,64.15730367680436,80.47058756547483,0.0041728404666508,0.0115021610100841,0.0,0.0,-11.461771232600364,5.117271866119356,16.562162162162164,3.4573132454488387,0.0,0.0,0.2263862239817356,0.2363684939159157,0.0,0.2027235587834771,0.0542345711995725,1.3852357320099256,0.0935564569013674,3.3342546932716077,0.0167155100431374,0.014717226915988,2.984942764895803,130394000.0,180017000.0,125600000.0,146720000.0,12907500.0,9321500.0,19320500.0,27.210064848322933,54.99613624204957,107.43505914521786,3.307599614395887,1.6364785992217898,0.8377153669953192,0.017698328491198,0.0655415321397123,2009-07-30,0.14,amc,33907176.0,2025-04-25,2009-06-30,0.2142857142857142,19.18365079365079,511308.90476190473
2009-03-31,MPWR,USD,1280452,2009-04-28,2009-04-28 16:17:24,2009,Q1,29322000.0,12431000.0,16891000.0,0.576052111,8117000,7808000.0,0.0,7808000.0,0.0,15925000.0,28356000.0,385000.0,94000.0,1537000.0,842000.0,0.0287156401,-1080000.0,-0.0368324125,291000.0,-789000.0,-0.0269081236,-61000.0,-728000.0,-0.0248277744,-0.0216,-0.0216,33696000,33696000,https://www.sec.gov/Archives/edgar/data/1280452/000119312509090079/0001193125-09-090079-index.htm,https://www.sec.gov/Archives/edgar/data/1280452/000119312509090079/d10q.htm,0.8701923076923077,-0.0216049382716049,0.0124643874643874,-0.0130282526115859,3.1486229819563154,5.005668328584996,5.005668328584996,5.005668328584996,0.0027896486229819,522288000.0,454194000.0,-179.35714285714286,17.8121546961326,1243.5428571428572,-1189.7220956719818,3.0964896158794337,3.0964896158794337,15.48987108655617,539.4228028503563,1081.4142857142858,-1034.610478359909,-0.0013938669852648,-0.0008405324265539,0.0,0.0,-80.87173396674584,5.584576552139843,-11.48936170212766,-0.5769230769230769,0.0,0.0,0.2662847009071686,0.2768228633790328,0.0,2.045238095238095,0.0292954095900688,0.5588809368900456,0.1163972443898779,,-0.0057450831126627,-0.003640054600819,2.7918669871794872,121693000.0,168671000.0,116911000.0,135660000.0,11241000.0,6518500.0,18723000.0,41.02823818293432,60.547823988416056,134.36650309709597,2.1936111318919727,1.4864283151978954,0.6698097957864109,-0.0043160946457897,0.0254926400759734,2009-04-28,0.03333,bmo,14661000.0,2025-04-25,2009-03-31,0.8001800180018002,13.328196721311476,554217.1639344263
2008-12-31,MPWR,USD,1280452,2009-02-27,2009-02-27 12:48:34,2008,Q4,34709000.0,14564000.0,20145000.0,0.5803970152,9256000,8056000.0,0.0,8056000.0,-6120000.0,11192000.0,25756000.0,0.0,0.0,1514000.0,10467000.0,0.3015644357,2239000.0,0.0645077646,514000.0,2753000.0,0.0793166038,-481000.0,3234000.0,0.0931746809,0.096,0.096,33590000,33696000,https://www.sec.gov/Archives/edgar/data/1280452/000119312509040534/0001193125-09-040534-index.htm,https://www.sec.gov/Archives/edgar/data/1280452/000119312509040534/d10k.htm,1.0333134861565942,0.096278654361417,0.6170884191723728,0.5691574873474249,3.1315272402500742,4.901607621315868,4.901607621315868,4.901607621315868,0.0,423569900.0,340303900.0,32.74349876314162,12.203460197643263,20.434672906213816,22.155554974369704,2.5726253454401897,2.5726253454401897,9.804485868218618,32.51207604853349,16.417594558085682,17.80018307354326,0.0076351034386532,0.0451354074026506,0.0,0.0,-7.955096971434031,5.534618653890735,0.0,6.409400123685838,0.0,0.0,0.232101184130917,0.2666743495923248,0.0,0.0776727132381319,0.046385663660722,1.063408190224571,0.3790947592843354,3.258558605385065,0.0155249750420236,0.0165592245736025,2.703594819886871,117365000.0,164645000.0,112593000.0,131528000.0,13948000.0,6414500.0,20596000.0,23.63508023855484,28.88354847569349,116.71450151057402,3.8078990674712014,3.1159606332905434,0.7711124053581829,0.0196422606213368,0.0479309318249479,2009-02-12,0.12,bmo,26031750.0,2025-04-25,2008-12-31,0.3333333333333334,12.52171875,669254.96875
2008-09-30,MPWR,USD,1280452,2008-10-23,2008-10-23 16:02:13,2008,Q3,48891000.0,18201000.0,30690000.0,0.6277228938,9420000,9560000.0,0.0,9560000.0,1090000.0,20070000.0,38271000.0,0.0,0.0,1455000.0,10620000.0,0.2172178929,10620000.0,0.2172178929,295000.0,10915000.0,0.2232517232,458000.0,10457000.0,0.2138839459,0.31,0.29,33869000,36602000,https://www.sec.gov/Archives/edgar/data/1280452/000119312508215194/0001193125-08-215194-index.htm,https://www.sec.gov/Archives/edgar/data/1280452/000119312508215194/d10q.htm,1.4435324337890103,0.3087484130030411,0.1025421476866751,0.0678201305028196,2.498686114145679,4.776816557914317,5.864094009271015,4.776816557914317,0.0,588304530.0,512387530.0,14.0648496222626,12.032982143952877,169.39376043766197,256.1186460600784,3.63631296898372,3.63631296898372,10.480201468572949,48.24741337099812,147.53456089835876,223.06814540705267,0.0177748078873368,0.0039044404434553,0.0,0.0,-7.1484934086629,4.9906561606582525,0.0,0.3321220235249115,0.0,0.0,0.1955370109018019,0.1926734981898508,-0.1880534362839721,0.3386121508782033,0.024053506780389,0.8082474226804124,0.0,5.760536169308429,0.0608733898431158,0.0449479253977055,2.238927928193924,114460000.0,198611000.0,109106000.0,92109000.0,15907000.0,10390500.0,23212500.0,34.5726207277413,40.32470743365749,110.29339047305092,2.6032160161865714,2.2318822808093195,0.8160053799596503,0.0646347644419171,0.0347220171838554,2008-10-23,0.32,bmo,47409454.0,2025-04-25,2008-09-30,0.03125,22.56578125,921844.5
2008-06-30,MPWR,USD,1280452,2008-07-31,2008-07-31 16:07:54,2008,Q2,41502000.0,15375000.0,26127000.0,0.629535926,8602000,8912000.0,0.0,8912000.0,4294000.0,21808000.0,37183000.0,0.0,0.0,1425000.0,4319000.0,0.1040672739,4319000.0,0.1040672739,698000.0,5017000.0,0.1208857404,417000.0,4600000.0,0.1108380319,0.14,0.13,33229000,36232000,https://www.sec.gov/Archives/edgar/data/1280452/000119312508162578/0001193125-08-162578-index.htm,https://www.sec.gov/Archives/edgar/data/1280452/000119312508162578/d10q.htm,1.2489692738270788,0.1384332962171597,0.2856240031297962,0.2417165728730927,2.417466670679226,4.531944987811851,5.709831773450901,4.531944987811851,0.0,718410980.0,642815980.0,39.044075,17.31027372174835,75.69391844905701,89.44359810756973,4.77057864959626,4.77057864959626,15.488795238783672,148.83444778884,67.729004319882,80.03187001992032,0.0064030201765568,0.0111802300126314,0.0,0.0,-17.502894188469554,3.464649162637891,0.0,2.0632608695652173,0.0,0.0,0.2147366391981109,0.207267119656884,-0.2023188615557979,0.1537245811821725,0.0351549322924196,1.023859649122807,0.0,3.757109509462917,0.0253817889332277,0.0197766953142129,1.78457822985946,92274000.0,189732000.0,86848000.0,67740000.0,12173500.0,10146500.0,20255000.0,28.26297527829984,73.90829268292683,141.19024390243902,3.1843781170873937,1.2177253286868366,0.6374378109452736,0.0305461113472163,0.0439074302567034,2008-07-31,0.2,bmo,41502000.0,2025-04-25,2008-06-30,0.0,22.81765625,792946.75
2008-03-31,MPWR,USD,1280452,2008-05-14,2008-05-14 15:31:01,2008,Q1,35409000.0,13044000.0,22365000.0,0.6316190799,7572000,8728000.0,0.0,8728000.0,736000.0,17036000.0,30080000.0,0.0,0.0,1331000.0,5329000.0,0.1504984608,5329000.0,0.1504984608,1428000.0,6757000.0,0.1908271908,822000.0,5935000.0,0.1676127538,0.18,0.17,33340000,35891000,https://www.sec.gov/Archives/edgar/data/1280452/000119312508114564/0001193125-08-114564-index.htm,https://www.sec.gov/Archives/edgar/data/1280452/000119312508114564/d10q.htm,1.0620575884823036,0.1780143971205758,0.1769046190761847,0.1472705458908218,2.071745650869826,4.176724655068986,5.350689862027594,4.176724655068986,0.0,587784200.0,523484200.0,24.759233361415333,16.59985314468073,99.65822312648356,119.71164969450102,4.22101082928791,4.22101082928791,14.783930639103051,98.23310189528992,88.75622244828756,106.6159266802444,0.0100972431718988,0.0083534058928429,0.0,0.0,-12.066053668605742,3.913051311617181,0.0,0.993765796124684,0.0,0.0,0.2464910051116947,0.213843937981869,-0.2269038122623133,0.1675144116649711,0.0279025106611313,0.7422990232907588,0.0787088028467338,4.090126554489713,0.0323379104773496,0.0280434330643179,1.5749400119976005,80843000.0,178392000.0,75351000.0,56583000.0,9776500.0,6910500.0,16938500.0,28.75709565364738,52.90018399264029,113.08647654093836,3.1296623652112427,1.7013173340289554,0.7958511287370348,0.0426205727745382,0.0296340731853629,2008-05-12,0.2,bmo,33722857.0,2025-04-25,2008-03-31,0.0499999999999999,16.778524590163933,475273.0327868852
2007-12-31,MPWR,USD,1280452,2008-03-11,2008-03-11 16:16:50,2007,Q4,38487000.0,13907000.0,24580000.0,0.6386572089,7493000,8150000.0,0.0,8150000.0,1042000.0,16685000.0,30592000.0,0.0,0.0,1222000.0,9117000.0,0.236885182,7895000.0,0.2051342012,1224000.0,9119000.0,0.2369371476,1784000.0,7335000.0,0.1905838335,0.22,0.22,32933000,33340000,https://www.sec.gov/Archives/edgar/data/1280452/000119312508052915/0001193125-08-052915-index.htm,https://www.sec.gov/Archives/edgar/data/1280452/000119312508052915/d10k.htm,1.1686454316339234,0.2227249263656514,0.3569975404609358,0.2960859927732062,3.366805332037773,4.169343819269426,4.169343819269426,4.169343819269426,0.0,707071510.0,623957510.0,24.099233469665982,18.371697196455948,60.14047035808454,72.51271766998256,5.149491366188669,5.149491366188669,16.212162808220956,68.43890643852144,53.07114995321936,63.98907906881345,0.0103737739341244,0.0137906843396928,0.0,0.0,-9.116376000877482,5.0552835577315385,0.0,1.6028629856850716,0.0,0.0,0.2117598150024683,0.1946891158053368,0.0,0.1706217572509994,0.0521214955699327,1.641571194762684,0.291734871515057,4.570982158207031,0.0443817945396084,0.0425219856346993,2.751396775271005,119274000.0,137309000.0,113496000.0,133449000.0,10505000.0,8102000.0,16662000.0,19.266505573310468,39.82598691306536,113.16818868195872,4.671319334870737,2.2598310042248944,0.79527649110768,0.0534196593085668,0.0609115476877296,2008-02-05,0.23,bmo,34046192.0,2025-04-25,2007-12-31,0.1304347826086956,21.5553125,431378.921875
2007-09-30,MPWR,USD,1280452,2007-11-01,2007-10-31 20:25:36,2007,Q3,40188000.0,14662000.0,25526000.0,0.6351647258,7489000,8071000.0,0.0,8071000.0,1452000.0,17012000.0,31674000.0,0.0,8000.0,1090000.0,8514000.0,0.2118542849,8514000.0,0.2118542849,1231000.0,9745000.0,0.242485319,1475000.0,8993000.0,0.2237732657,0.28,0.25,31995000,35953000,https://www.sec.gov/Archives/edgar/data/1280452/000119312507231439/0001193125-07-231439-index.htm,https://www.sec.gov/Archives/edgar/data/1280452/000119312507231439/d10q.htm,1.2560712611345524,0.2810751679949992,0.1214252226910454,0.0723238005938427,3.181465854039694,3.749210814189717,3.749210814189717,3.749210814189717,0.0002500390686044,803714400.0,726306400.0,22.342777716001336,19.998865332935203,206.87629343629345,347.32687986171135,6.700076694788089,6.700076694788089,18.07271822434557,85.30730561428236,186.9514543114543,313.87484874675886,0.0111892980889728,0.0028791321892453,0.0,0.0,-9.091848719755696,4.102474580423864,1064.25,0.4698838896952104,0.0,0.0,0.2008310938588633,0.1863491589529212,0.0,0.4043758043758044,0.0390912710261769,1.4412844036697248,0.0,4.869366112499496,0.0578460903060877,0.0570773937216771,2.5530786060321926,101302000.0,119956000.0,96352000.0,115025000.0,10394000.0,9106000.0,13888500.0,28.6003284562556,61.69008320829354,97.21252216614376,3.146817007282124,1.458905472636816,0.9258066553008776,0.0749691553569642,0.0491014220972026,2007-10-30,0.23,bmo,34234222.0,2025-04-25,2007-09-30,0.1739130434782609,19.72063492063492,447459.28571428574
2007-06-30,MPWR,USD,1280452,2007-08-01,2007-08-01 14:10:46,2007,Q2,30833000.0,11248000.0,19585000.0,0.6351960562,6428000,7119000.0,0.0,7119000.0,13332000.0,26879000.0,38127000.0,0.0,0.0,997000.0,-6297000.0,-0.2042292349,-7294000.0,-0.2365647196,1147000.0,-6147000.0,-0.1993643175,227000.0,-6374000.0,-0.2067265592,-0.2,-0.2,31382000,31382000,https://www.sec.gov/Archives/edgar/data/1280452/000119312507167889/0001193125-07-167889-index.htm,https://www.sec.gov/Archives/edgar/data/1280452/000119312507167889/d10q.htm,0.9825058950991014,-0.203110063093493,0.0962972404563125,0.0359441718182397,2.9416544515964564,3.222898476833854,3.222898476833854,3.222898476833854,0.0,547615900.0,479303900.0,-21.47850251019768,17.760707683326306,181.2097617471873,485.4750886524822,5.41438091377384,5.41438091377384,15.545159407128724,-76.1162299507702,158.60486432825942,424.91480496453903,-0.0116395451629508,0.0020598379265466,0.0,0.0,10.848340479593457,3.584494827479402,0.0,-0.4741135864449325,0.0,0.0,0.2308889825835955,0.2084779294911296,0.0,0.6267372600926538,0.0614276911101741,1.899699097291876,0.0,,-0.0712428726086941,-0.0460386134966666,2.13465521636607,83443000.0,101141000.0,78421000.0,96196000.0,7897500.0,7563000.0,10649000.0,23.40122595919956,65.30761024182077,95.53698435277384,3.845952351253586,1.3780936045086989,0.9420435510887772,-0.0630209311752899,0.0603530686380727,2007-07-31,0.1,bmo,25694166.0,2025-04-25,2007-06-30,0.1999999999999999,15.31857142857143,219580.12698412695
2007-03-31,MPWR,USD,1280452,2007-04-27,2007-04-27 13:18:55,2007,Q1,24496000.0,8963000.0,15533000.0,0.6341035271,5932000,6197000.0,0.0,6197000.0,2847000.0,14976000.0,23939000.0,0.0,0.0,875000.0,557000.0,0.0227384063,557000.0,0.0227384063,1000000.0,1557000.0,0.0635613978,1495000.0,62000.0,0.0025310255,0.002,0.002,30482000,30482000,https://www.sec.gov/Archives/edgar/data/1280452/000119312507093154/0001193125-07-093154-index.htm,https://www.sec.gov/Archives/edgar/data/1280452/000119312507093154/d10q.htm,0.8036218095925464,0.0020339872711764,0.1863394790368086,0.1475624958992192,2.866905058723181,3.320385801456597,3.320385801456597,3.320385801456597,0.0,393217800.0,330328800.0,1585.5556451612902,16.052326910516,69.22848591549295,87.42058692752335,3.885090700707426,3.885090700707426,13.485009797517964,593.0499102333932,58.15647887323944,73.43903957314362,0.0001576734318741,0.0114389531704821,0.0,0.0,-112.90664272890484,5.040524099204492,0.0,91.61290322580643,0.0,0.0,0.2529800783801437,0.242161985630307,0.0,0.2080985915492957,0.0482527759634225,1.3508571428571428,0.0947093403004572,0.3898159889615197,0.0002057593859845,0.0004800061936283,2.2947477199658817,86346000.0,101212000.0,79763000.0,97874000.0,8467000.0,6436500.0,8048000.0,28.576910516002616,69.92747963851389,93.96630592435568,3.149395731550527,1.287047673750718,0.9577901260953195,0.0006125755839228,0.0387769831375894,2007-04-27,0.05,bmo,1531000.0,2025-04-25,2007-03-31,15.0,12.758852459016392,162662.50819672132
2006-12-31,MPWR,USD,1280452,2007-03-16,2007-03-16 11:27:51,2006,Q4,26396000.0,9519000.0,16877000.0,0.6393771784,5910000,6591000.0,0.0,6591000.0,3128000.0,15629000.0,25148000.0,0.0,0.0,12285000.0,13533000.0,0.5126913169,1248000.0,0.0472798909,728000.0,1976000.0,0.0748598272,3618000.0,-1642000.0,-0.0622063949,-0.0547,-0.0539,30003000,30482000,https://www.sec.gov/Archives/edgar/data/1280452/000119312507056647/0001193125-07-056647-index.htm,https://www.sec.gov/Archives/edgar/data/1280452/000119312507056647/d10k.htm,0.8797786887977869,-0.0547278605472786,0.1375529113755291,0.0992567409925674,2.616071726160717,3.164750191647502,3.164750191647502,3.164750191647502,0.0,333333330.0,282517330.0,-50.75111601705237,12.628175859978784,80.7689193118488,111.9319442578912,3.510545644114921,3.510545644114921,10.703035687225338,20.87617896992537,68.45585897746547,94.8681430490262,-0.00492600004926,0.00893400008934,0.0,0.0,-3.7549693342200543,4.82854587019183,0.0,-2.5133982947624847,0.0,0.0,0.2496969237763297,0.2238975602363994,0.0,0.2784104676520474,0.0435293226246401,0.0935286935286935,0.4365813001969995,,-0.0106687169546725,-0.0139950735977226,2.211478852114789,77038000.0,94952000.0,74785000.0,88396000.0,9366500.0,5690500.0,7061500.0,31.218366419154417,55.86826347305389,63.70627166719193,2.882918304936654,1.6109324758842445,1.41273374888691,-0.0172929480158395,0.0382961703829617,2007-02-12,0.06,bmo,24498784.0,2025-04-25,2006-12-31,1.1666666666666667,10.945873015873016,186021.47619047615
2006-09-30,MPWR,USD,1280452,2006-11-07,2006-11-06 19:34:24,2006,Q3,27255000.0,9382000.0,17873000.0,0.6557695836,5897000,6877000.0,0.0,6877000.0,5765000.0,18539000.0,27921000.0,0.0,0.0,699000.0,33000.0,0.001210787,-666000.0,-0.0244358833,591000.0,-75000.0,-0.0027517887,1797000.0,-1872000.0,-0.068684645,-0.063,-0.063,29736000,29736000,https://www.sec.gov/Archives/edgar/data/1280452/000119312506225436/0001193125-06-225436-index.htm,https://www.sec.gov/Archives/edgar/data/1280452/000119312506225436/d10q.htm,0.9165657788539144,-0.0629539951573849,0.3547215496368038,0.3367298896959914,2.3583871401668013,3.0843422114608554,3.0843422114608554,3.0843422114608554,0.0,281302560.0,250823560.0,-37.56711538461538,10.321135938359934,26.668805460750857,28.093734145610707,3.0671045401020547,3.0671045401020547,9.202845716382315,7600.71393939394,23.77925293894577,25.04979127134725,-0.0066547563591316,0.0355951257606756,0.0,0.0,-923.6060606060606,4.6422290239518045,0.0,-5.631607047517352,0.0,0.0,0.2523206751054852,0.2163639699137773,0.0,0.0507205157375805,0.0196294257934324,0.765379113018598,0.0,,-0.1786094487004545,-0.0164710436940186,1.9863549233252624,74968000.0,91716000.0,73613000.0,86215000.0,9725500.0,5786000.0,8230500.0,31.624656026417178,52.492005968876576,70.84310381581753,2.845880755977864,1.714546783625731,1.2704129993229518,-0.0204108334423655,0.0179916599408124,2006-10-30,0.1,bmo,22712500.0,2025-04-25,2006-09-30,0.1999999999999999,9.528095238095238,157574.3492063492
2006-06-30,MPWR,USD,1280452,2006-08-04,2006-08-04 14:24:35,2006,Q2,26601000.0,9833000.0,16768000.0,0.6303522424,5427000,6699000.0,0.0,6699000.0,2821000.0,14947000.0,24780000.0,0.0,0.0,716000.0,1821000.0,0.0684560731,1821000.0,0.0684560731,516000.0,2337000.0,0.0878538401,1278000.0,1059000.0,0.0398105334,0.04,0.03,29412000,33604000,https://www.sec.gov/Archives/edgar/data/1280452/000119312506162205/0001193125-06-162205-index.htm,https://www.sec.gov/Archives/edgar/data/1280452/000119312506162205/d10q.htm,0.9044267645858832,0.0360057119543043,-0.183734530123759,-0.2910376716986264,2.0723514211886305,3.0387596899224807,3.0387596899224807,3.0387596899224807,0.0,347943960.0,326341960.0,82.13974504249292,13.08010826660652,-64.38637305699481,-40.64765887850467,3.8930357142857135,3.8930357142857135,12.268033532573964,179.21030203185063,-60.38896373056995,-38.12406074766355,0.0030435935717924,-0.0246016628654798,0.0,0.0,-11.862712795167493,5.013274336283186,0.0,-5.09811320754717,0.0,0.0,0.2518326378707567,0.2040148866583963,0.0,-0.5840118430792006,0.1186421563099131,4.407821229050279,0.0,1.5690079308621268,0.0092084359084549,0.0098543711906202,1.863406092751258,71653000.0,89376000.0,71418000.0,82616000.0,8619000.0,8377500.0,8809500.0,33.40701477388068,55.83240109834232,83.07129055222211,2.694044966578894,1.611967213114754,1.0834067871308948,0.0118488184747583,0.1073031415748674,2006-08-02,0.1,bmo,22167500.0,2025-04-25,2006-06-30,0.1999999999999999,15.876349206349207,199582.82539682536
2006-03-31,MPWR,USD,1280452,2006-05-09,2006-05-09 15:51:55,2006,Q1,24763000.0,9373000.0,15390000.0,0.6214917417,5067000,7427000.0,0.0,7427000.0,4064000.0,16558000.0,25931000.0,0.0,0.0,548000.0,-620000.0,-0.0250373541,-1168000.0,-0.0471671445,529000.0,-639000.0,-0.0258046279,-231000.0,-408000.0,-0.0164761943,-0.0142,-0.0142,28816000,28816000,https://www.sec.gov/Archives/edgar/data/1280452/000119312506105349/0001193125-06-105349-index.htm,https://www.sec.gov/Archives/edgar/data/1280452/000119312506105349/d10q.htm,0.8593489727928928,-0.0141588006662965,0.088423098278734,-0.0029844530816213,2.2439616879511384,2.843906163242643,2.843906163242643,2.843906163242643,0.0,537130240.0,511192240.0,-329.12392156862745,21.69083875136292,210.80464678178964,-6245.700465116279,6.554365344722392,6.554365344722392,20.643388927028223,-824.5036129032258,200.62489795918367,-5944.095813953489,-0.0007595923104236,-0.0001601101438638,0.0,0.0,41.83548387096774,3.793386680215081,0.0,-6.245098039215686,0.0,0.0,0.2999232726244801,0.2046197956628841,0.0,1.0337519623233908,0.1063683721681541,4.806569343065694,0.0073092920890037,,-0.0090534059073975,-0.0038493108035436,1.7494968073292616,65977000.0,81950000.0,65553000.0,75457000.0,8450500.0,8619000.0,7354000.0,26.76412389452005,102.30982609623386,82.0302997972901,3.3627104834329167,0.8796809009854528,1.0971555659604355,-0.0049786455155582,0.0914075513603553,2006-05-01,0.0375,bmo,22983156.0,2025-04-25,2006-03-31,0.8666666666666669,16.718064516129033,180457.88709677415
2005-12-31,MPWR,USD,1280452,2006-03-28,2006-03-28 16:55:32,2005,Q4,32531000.0,11717000.0,20814000.0,0.6398204789,3469000,15295000.0,0.0,15295000.0,-12000000.0,6764000.0,18481000.0,0.0,0.0,1689000.0,15739000.0,0.4838154376,14050000.0,0.4318957302,658000.0,14708000.0,0.4521225908,5451000.0,9257000.0,0.2845593434,0.32,0.32,28610000,28816000,https://www.sec.gov/Archives/edgar/data/1280452/000119312506065261/0001193125-06-065261-index.htm,https://www.sec.gov/Archives/edgar/data/1280452/000119312506065261/d10k.htm,1.1370499825235931,0.323558196434813,0.1920307584760573,0.1852499126179657,2.233659559594547,2.732191541419084,2.732191541419084,2.732191541419084,0.0,428863900.0,403772900.0,11.582151344928164,13.183237527281667,78.06041135784493,80.91771698113207,5.486438184423294,5.486438184423294,12.411942454889182,25.654291886396848,73.49342919548599,76.18356603773584,0.0215849363865785,0.0123582329965287,0.0,0.0,-1.5941927695533389,3.939327255580006,0.0,1.4333420297417168,0.0,0.0,0.4701669177092619,0.1066367464879653,0.0,0.0353112486348744,0.0059635424671851,0.1148608644168146,0.1670406689004334,4.459878559754765,0.1126364756142359,0.0918580997271148,1.801232086682978,65450000.0,78168000.0,65110000.0,71688000.0,9649000.0,6289000.0,5940500.0,26.384986628139316,50.56499103866177,47.3542715712213,3.411030722449408,1.779887589245025,1.9005677210056773,0.1184244191996725,0.0067808458580915,2006-03-28,0.13,bmo,28193533.0,2025-04-25,2005-12-31,0.1538461538461537,13.071269841269842,264064.04761904763
2005-09-30,MPWR,USD,1280452,2006-03-13,2006-03-10 19:55:11,2005,Q3,29706000.0,10596000.0,19110000.0,0.643304383,4150000,8388000.0,0.0,8388000.0,0.0,12538000.0,23134000.0,401000.0,0.0,1148000.0,14676000.0,0.4940416078,6572000.0,0.2212347674,327000.0,6899000.0,0.2322426446,2914000.0,3985000.0,0.1341479836,0.14,0.13,28093000,30642000,https://www.sec.gov/Archives/edgar/data/1280452/000119312506051331/0001193125-06-051331-index.htm,https://www.sec.gov/Archives/edgar/data/1280452/000119312506051331/d10q.htm,1.0574164382586408,0.1418502829886448,0.2827394724664507,0.2755846652190937,2.1461930018153987,2.5195956288043284,2.5195956288043284,2.5195956288043284,0.0,238509570.0,193691570.0,14.96295922208281,8.02900323167037,30.027643207855977,30.80722939808835,3.3695883192291936,3.3695883192291936,6.520284454318992,13.197844780594169,24.38519073397961,25.01828597261689,0.0167079249692161,0.0324599134533679,0.0,0.0,-3.0538293813028075,4.009248907409289,0.0,0.8441917313210756,0.0,0.0,0.2823671985457483,0.1397024170201306,0.0,0.0253053002643837,0.0067663098363966,0.1750871080139373,0.1973002087120447,2.835775104211201,0.0534657015818271,0.043946227902822,1.800297227067241,59216000.0,70783000.0,58998000.0,63811000.0,8224000.0,4999500.0,6029500.0,29.57281357301555,50.92015855039638,48.55039637599094,3.043335723798791,1.7674728940783986,1.853743876836949,0.0562988288148284,0.0071548072473569,2005-10-26,0.1,bmo,22056702.0,2025-04-25,2005-09-30,0.7000000000000001,8.47859375,76673.484375
2005-06-30,MPWR,USD,1280452,2006-03-10,2006-03-10 07:40:41,2005,Q2,22257000.0,8155000.0,14102000.0,0.6335984185,3919000,10127000.0,0.0,10127000.0,12000000.0,26046000.0,34201000.0,320000.0,0.0,2158053.0,-11131000.0,-0.5001123242,-11944000.0,-0.5366401582,276000.0,-11668000.0,-0.5242395651,-4955000.0,-6713000.0,-0.3016129757,-0.24,-0.24,27721000,27721000,https://www.sec.gov/Archives/edgar/data/1280452/000119312506050231/0001193125-06-050231-index.htm,https://www.sec.gov/Archives/edgar/data/1280452/000119312506050231/d10qa.htm,0.8028931135240431,-0.2421629811334367,0.0899363659319649,0.0637800223657155,1.8676454673352327,2.1397135745463727,2.1397135745463727,2.1397135745463727,0.0,246162480.00000003,211489480.00000003,-9.167379711008492,11.060002695781105,98.73647781941226,139.22854948344107,4.150088173311979,4.150088173311979,9.50215572628836,-19.00004312281017,84.82903792267219,119.61763438281584,-0.0272706059834951,0.007182434951094,0.0,0.0,3.114994160452789,2.9205677797209906,0.0,-0.3713859847532382,0.0,0.0,0.4550029204295278,0.1760794356831558,0.0,0.290831670761927,0.0325776160309116,0.3359880410722072,0.0,,-0.1154418615783694,-0.0798093041503691,1.268415641571372,47221000.0,59315000.0,47010000.0,52074000.0,5406443.0,4381709.5,6413593.5,27.04003234937323,44.18884120171674,70.00245248313918,3.328398384925976,2.0367132867132867,1.285669241683746,-0.113175419371154,0.0261563435662494,2005-07-28,0.06,bmo,22257000.0,2025-04-25,2005-06-30,0.0,7.93328125,100417.5
2005-03-31,MPWR,USD,1280452,2005-05-13,2005-05-13 16:04:31,2005,Q1,14637009.0,5535414.0,9101595.0,0.6218206875,2403895,8912073.0,0.0,8912073.0,0.0,11315968.0,16851382.0,0.0,0.0,2107947.0,-1769000.0,-0.120858025,-2214373.0,-0.1512858945,261032.0,-1882968.0,-0.1286443152,-461000.0,-1421968.0,-0.0971488096,-0.0516,-0.0516,27537000,27537000,https://www.sec.gov/Archives/edgar/data/1280452/000119312505107240/0001193125-05-107240-index.htm,https://www.sec.gov/Archives/edgar/data/1280452/000119312505107240/d10q.htm,0.5315397102080837,-0.0516384500853397,0.0465146530123107,0.0189909576206558,1.801744089770128,2.3200127101717687,2.3200127101717687,2.3200127101717687,0.0,243151710.0,210137083.0,-42.74915293452455,16.612117270680095,189.83265332889889,464.95812251173146,3.806013631428013,3.806013631428013,14.356558980048453,-118.7886280384398,164.0575755304581,401.8270880421605,-0.0058480690923374,0.0021507313273675,0.0,0.0,18.66287563595252,5.973359508244916,0.0,-0.9007755448786472,0.0,0.0,0.6088725503960543,0.1642340316932236,0.0,0.5917209655282253,0.0517810708458264,0.3595536320410333,118.36407287855052,,-0.0260901733615058,-0.0190712031883799,1.644199586011548,52053722.0,63886190.0,51845422.0,56616391.0,4060943.0,4077709.5,5941302.5,25.369236296841795,77.38313882213689,105.4260494337009,3.54760383587913,1.1630440606300896,0.8536789577475171,-0.0222578306829691,0.0275236953916548,2005-04-28,,bmo,,2025-04-25,2005-03-31,,7.5619672131147535,96086.5737704918
2004-12-31,MPWR,USD,1280452,2005-03-31,2005-03-31 15:59:09,2004,Q4,14799199.0,5657029.0,9142170.0,0.6177476227,2267720,7619979.0,0.0,7619979.0,0.0,9887699.0,15544728.0,0.0,0.0,3441753.0,2696224.0,0.1821871576,-745529.0,-0.0503763075,72935000.0,-5452025000.0,-368.4000059733,182225000.0,319392.0,0.0215817086,0.0116,0.0116,27537204,27537204,https://www.sec.gov/Archives/edgar/data/1280452/000119312505067039/0001193125-05-067039-index.htm,https://www.sec.gov/Archives/edgar/data/1280452/000119312505067039/d10k.htm,0.5374256224415521,0.0115985631656721,-0.044067473226403,-0.083708062735781,1.780086061024932,2.3060649875709966,2.3060649875709966,2.3060649875709966,0.0,256095997.2,224077404.2,200.45586395401264,17.304720154111045,-211.04001021841876,-111.10040892183632,4.032843848774528,4.032843848774528,15.141184614113238,83.1078590651222,-184.65457558539592,-97.20999745779552,0.0012471573296421,-0.0090008669608366,0.0,0.0,-11.875346039498202,7.283633786382029,0.0,-3.7993907173629897,0.0,0.0,0.5148913126987481,0.1532326175220699,0.0,-0.8995430553895978,0.0737601406670726,0.3171613419091957,834.4825284125175,0.7757631142984059,-0.0121017642919609,0.0044392254055366,1.680261256734707,52051467.0,63502582.0,51890019.0,56231667.0,3793098.0,5183043.0,4744785.0,24.3013152265876,54.02836011623769,85.8856512844463,3.7035032532532535,1.6657918138987045,1.0479049603050374,0.0050295907653014,0.0396405895093779,2005-03-31,,amc,,2025-04-25,2004-12-31,,9.997241379310346,301290.0689655172
2004-09-30,MPWR,USD,1280452,2004-09-30,2004-09-29 20:00:00,2004,Q3,14737000.0,5832000.0,8905000.0,0.6042613829,2093000,7915000.0,0.0,7915000.0,0.0,10008000.0,15840000.0,0.0,0.0,300000.0,-1103000.0,-0.0748456267,-1103000.0,-0.0748456267,0.0,0.0,0.0,-256000.0,-1147000.0,-0.077831309,-0.17,-0.17,6818000,6818000,,,2.1614843062481666,-0.1682311528307421,0.6160164271047228,0.4253446758580229,2.3002964212379,0.7374741859782927,0.7374741859782927,0.7374741859782927,0.0,67089120.0,51405699.0,-14.622737576285962,4.552427223994028,15.9736,23.134179310344827,13.342839908283429,13.342839908283429,3.4882064870733527,-46.60534814143246,12.239452142857145,17.726103103448274,-0.0170966618730429,0.043226084944921,0.0,0.0,14.218876699909336,2.293358423618267,0.0,-3.661726242371404,0.0,0.0,0.5370835312478794,0.1420234783198751,0.0,0.3095238095238095,0.088213340571351,4.333333333333333,0.0,,,-0.0326994160488677,-1.4120469345849225,13527616.0,5028099.0,-6062070.0,16954422.0,,,,21.92560493994707,107.56305555555556,63.13506172839506,4.104789822059854,0.8367185139465998,1.4255153560659688,-0.2281180223380645,0.1906717512466999,2005-02-03,0.08,bmo,13874248.0,2025-04-25,2004-09-30,0.375,,
2004-06-30,MPWR,USD,1280452,2004-06-30,2004-06-29 20:00:00,2004,Q2,11264000.0,4729000.0,6535000.0,0.5801669034,1964000,0.0,0.0,0.0,0.0,1964000.0,6693000.0,0.0,0.0,200000.0,4571000.0,0.405806108,-758000.0,-0.0672940341,758000.0,0.0,0.0,5096000.0,-725000.0,-0.0643643466,-0.11,-0.11,6706000,6706000,,,1.6796898300029823,-0.1081121383835371,0.4622724425887265,0.3877123471518043,,,,,,65987040.0,,-22.75415172413793,5.858224431818182,21.286148801983483,25.37964053063097,0.0,0.0,,,,,-0.0109870059332862,0.039401661295915,0.0,0.0,,0.0,0.0,-4.275860689655173,0.0,0.0,0.0,0.1743607954545454,0.0,0.1612903746097982,0.0443892045454545,2.5,0.0,,0.0,0.0,,,,,,,,,,,,0.0,0.0,0.0,0.0,0.0745600954369221,2004-06-29,,amc,,2025-04-25,2004-06-30,,,
2004-03-31,MPWR,USD,1280452,2004-03-31,2004-03-30 19:00:00,2004,Q1,6795000.0,3273000.0,3522000.0,0.5183222958,1364000,0.0,0.0,0.0,0.0,1364000.0,4637000.0,0.0,0.0,300000.0,2158000.0,0.3175864606,-2924000.0,-0.4303164091,2924000.0,0.0,0.0,4757000.0,-2899000.0,-0.4266372333,-0.45,-0.45,6482000,6482000,,,1.0482875655661832,-0.447238506633755,0.3394014193150262,0.2931194075902499,,,,,,63782880.0,,-5.50042083477061,9.386737306843267,28.99221818181818,33.569936842105264,0.0,0.0,,,,,-0.0454510677473328,0.0297885576819359,0.0,0.0,,0.0,0.0,-0.758882373232149,0.0,0.0,0.0,0.2007358351729212,0.0,0.1363636363636363,0.0441501103752759,1.0,0.0,,0.0,0.0,,,,,,,,,,,,0.0,0.0,0.0,0.0,0.0462820117247763,2004-03-30,,amc,,2025-04-25,2004-03-31,,,
2003-12-31,MPWR,USD,1280452,2003-12-31,2003-12-30 19:00:00,2003,Q4,8163016.0,3189345.0,4973671.0,0.6092933053,1361482,0.0,0.0,0.0,10986751.0,12348233.0,15537578.0,0.0,0.0,300000.0,-7374562.0,-0.9034114352,310960.0,0.0380937634,-310960.0,0.0,0.0,-8030619.0,356057.0,0.0436183146,0.056,0.0549,6355949,6482000,,,1.284311123327138,0.0560194866258366,0.1573329175548765,0.1101330422884135,2.067763444923803,0.193676821510053,0.193676821510053,0.193676821510053,0.0,62542538.16,50407129.16,43.91329068098647,7.661694912762635,62.54253815999999,89.34648308571428,50.80628607636068,50.80628607636068,6.175061908490685,-6.835270916428663,50.40712916,72.01018451428571,0.0056930372587232,0.0111923823463834,0.0,0.0,1.6455769169748655,6.78484504445613,0.0,2.808539082225599,0.0,0.0,0.0,0.1667866386639448,0.0,0.3,0.0367511223792774,1.0000000000000002,0.0,0.4940826980649412,,0.0157524615585335,-0.6302293331806155,16743158.0,1231000.0,-1734789.0,18892049.0,,,,50.34285612082593,50.579946666165,45.11517568654379,1.7877412394718826,1.7793613068438583,1.994894148818392,0.2892420796100731,0.0471998752664629,2003-12-30,,amc,,2025-04-25,2003-12-31,,,
2003-09-30,MPWR,USD,1280452,2003-09-30,2003-09-29 20:00:00,2003,Q3,8110000.0,3544000.0,4566000.0,0.5630086313,1372000,0.0,0.0,0.0,0.0,1372000.0,4916000.0,0.0,0.0,700000.0,3194000.0,0.3938347719,160000.0,0.01972873,-160000.0,0.0,0.0,2328000.0,166000.0,0.0204685573,0.027,0.027,6147000,6147000,,,1.3193427688303236,0.0270050431104603,-0.5205791442980315,-0.7320644216691069,,,,,,60486480.0,,91.09409638554216,7.458258939580764,-18.902025,-13.44144,0.0,0.0,,,,,0.00274441495025,-0.0743967908200311,0.0,0.0,,0.0,0.0,-19.27710843373494,0.0,0.0,0.0,0.169173859432799,0.0,-0.40625,0.1602959309494451,1.8571428571428568,0.0,,0.0,0.0,,,,,,,,,,,,0.0,0.0,0.0,0.0,0.2114852773710753,2003-09-29,,amc,,2025-04-25,2003-09-30,,,
2003-06-30,MPWR,USD,1280452,2003-06-30,2003-06-29 20:00:00,2003,Q2,4675000.0,2330000.0,2345000.0,0.5016042781,1480000,0.0,0.0,0.0,0.0,1480000.0,3810000.0,0.0,0.0,2591000.0,865000.0,0.185026738,-1726000.0,-0.369197861,0.0,0.0,0.0,-43000.0,-1683000.0,-0.36,-0.28,-0.28,6051000,6051000,,,0.7725995703189555,-0.278135845314824,,,,,,,,59541840.0,,-8.844598930481283,12.736222459893048,0.0,0.0,0.0,0.0,,,0.0,0.0,-0.0282658379384983,,0.0,0.0,,0.0,0.0,0.0,,,0.0,0.3165775401069519,0.0,0.0,,0.0,,,0.0,0.0,,,,,,,,,,,,0.0,0.0,0.0,0.0,,2003-06-29,,amc,,2025-04-25,2003-06-30,,,
2003-03-31,MPWR,USD,1280452,2003-03-31,2003-03-30 19:00:00,2003,Q1,3256000.0,1866000.0,1390000.0,0.4269041769,1281000,0.0,0.0,0.0,0.0,1281000.0,3147000.0,0.0,0.0,2060000.0,109000.0,0.0334766585,-1951000.0,-0.5992014742,0.0,0.0,0.0,-76000.0,-1875000.0,-0.5758599509,-0.31,-0.31,6018000,6018000,,,0.5410435360584912,-0.3115653040877368,,,,,,,,59217120.0,,-7.895616,18.187076167076167,0.0,0.0,0.0,0.0,,,0.0,0.0,-0.0316631406593228,,0.0,0.0,,0.0,0.0,0.0,,,0.0,0.3934275184275184,0.0,0.0,,0.0,,,0.0,0.0,,,,,,,,,,,,0.0,0.0,0.0,0.0,,2003-03-30,,amc,,2025-04-25,2003-03-31,,,
2002-12-31,MPWR,USD,1280452,2002-12-31,2002-12-30 19:00:00,2002,Q4,4240601.0,2133070.0,2107531.0,0.4969887523,1487264,0.0,0.0,0.0,4209946.0,5697210.0,7830280.0,0.0,0.0,-2934000.0,-3589679.0,-0.8465024179,-655679.0,-0.154619357,0.0,0.0,0.0,-69151.0,-586528.0,-0.1383124703,-0.1,-0.0975,5736256,6018000,,,0.7392628571667652,-0.1022492719990181,,,3.002567179707461,0.3450804845529907,0.3450804845529907,0.3450804845529907,0.0,56444759.04,39221265.04,-24.05885100114573,13.310556461218589,0.0,0.0,28.515086886893965,28.515086886893965,9.248987358159846,-10.926120424695355,0.0,0.0,-0.010391186178762,,0.0,0.0,4.798059659373442,8.022252237055536,0.0,0.0,,,0.0,0.3507200984011464,0.0,0.0,,0.0,,,,-0.0271361755049805,-0.1379754059093597,17567751.0,1979470.0,434700.0,19035687.0,,,,27.90948028357301,67.12463257183309,53.462042970929225,3.2247107106817854,1.3407894621052407,1.6834373510368623,-0.2963055767452904,,2002-12-30,,amc,,2025-04-25,2002-12-31,,,
2002-09-30,MPWR,USD,1280452,2002-09-30,2002-09-29 20:00:00,2002,Q3,3373000.0,1910000.0,1463000.0,0.4337385117,1093000,0.0,0.0,0.0,0.0,1093000.0,3003000.0,0.0,0.0,1327000.0,370000.0,0.1096946339,-957000.0,-0.2837236881,0.0,0.0,0.0,19000.0,-976000.0,-0.2893566558,-0.17,-0.17,5905000,5905000,,,0.5712108382726503,-0.1652836579170195,,,,,,,,58105200.0,,-14.883504098360657,17.226563889712423,0.0,0.0,0.0,0.0,,,0.0,0.0,-0.0167971197070141,,0.0,0.0,,0.0,0.0,0.0,,,0.0,0.3240438778535428,0.0,0.0,,0.0,,,0.0,0.0,,,,,,,,,,,,0.0,0.0,0.0,0.0,,2002-09-29,,amc,,2025-04-25,2002-09-30,,,
2002-06-30,MPWR,USD,1280452,2002-06-30,2002-06-29 20:00:00,2002,Q2,2713000.0,1602000.0,1111000.0,0.4095097678,924000,0.0,0.0,0.0,0.0,924000.0,2526000.0,0.0,0.0,910000.0,187000.0,0.0689273867,-723000.0,-0.2664946554,0.0,0.0,0.0,4000.0,-727000.0,-0.267969038,-0.12,-0.12,5861000,5861000,,,0.4628902917590854,-0.1240402661661832,,,,,,,,57672240.0,,-19.832269601100418,21.257736822705493,0.0,0.0,0.0,0.0,,,0.0,0.0,-0.0126057181063194,,0.0,0.0,,0.0,0.0,0.0,,,0.0,0.3405823811279027,0.0,0.0,,0.0,,,0.0,0.0,,,,,,,,,,,,0.0,0.0,0.0,0.0,,2002-06-29,,amc,,2025-04-25,2002-06-30,,,
2002-03-31,MPWR,USD,1280452,2002-03-31,2002-03-30 19:00:00,2002,Q1,1879000.0,1186000.0,693000.0,0.3688131985,955000,0.0,0.0,0.0,0.0,955000.0,2141000.0,0.0,0.0,697000.0,-262000.0,-0.1394358701,-959000.0,-0.5103778606,0.0,0.0,0.0,-11000.0,-948000.0,-0.5045236828,-0.17,-0.17,5709000,5709000,,,0.3291294447363811,-0.1660535995796111,,,,,,,,56176560.0,,-14.814493670886076,29.897051623203836,0.0,0.0,0.0,0.0,,,0.0,0.0,-0.016875365810936,,0.0,0.0,,0.0,0.0,0.0,,,0.0,0.5082490686535391,0.0,0.0,,0.0,,,0.0,0.0,,,,,,,,,,,,0.0,0.0,0.0,0.0,,2002-03-30,,amc,,2025-04-25,2002-03-31,,,
