date,symbol,reportedCurrency,cik,fillingDate,acceptedDate,calendarYear,period,revenue,costOfRevenue,grossProfit,grossProfitRatio,researchAndDevelopmentExpenses,generalAndAdministrativeExpenses,sellingAndMarketingExpenses,sellingGeneralAndAdministrativeExpenses,otherExpenses,operatingExpenses,costAndExpenses,interestIncome,interestExpense,depreciationAndAmortization,ebitda,ebitdaratio,operatingIncome,operatingIncomeRatio,totalOtherIncomeExpensesNet,incomeBeforeTax,incomeBeforeTaxRatio,incomeTaxExpense,netIncome,netIncomeRatio,eps,epsdiluted,weightedAverageShsOut,weightedAverageShsOutDil,link,finalLink,revenuePerShare,netIncomePerShare,operatingCashFlowPerShare,freeCashFlowPerShare,cashPerShare,bookValuePerShare,tangibleBookValuePerShare,shareholdersEquityPerShare,interestDebtPerShare,marketCap,enterpriseValue,peRatio,priceToSalesRatio,pocfratio,pfcfRatio,pbRatio,ptbRatio,evToSales,enterpriseValueOverEBITDA,evToOperatingCashFlow,evToFreeCashFlow,earningsYield,freeCashFlowYield,debtToEquity,debtToAssets,netDebtToEBITDA,currentRatio,interestCoverage,incomeQuality,dividendYield,payoutRatio,salesGeneralAndAdministrativeToRevenue,researchAndDdevelopementToRevenue,intangiblesToTotalAssets,capexToOperatingCashFlow,capexToRevenue,capexToDepreciation,stockBasedCompensationToRevenue,grahamNumber,roic,returnOnTangibleAssets,grahamNetNet,workingCapital,tangibleAssetValue,netCurrentAssetValue,investedCapital,averageReceivables,averagePayables,averageInventory,daysSalesOutstanding,daysPayablesOutstanding,daysOfInventoryOnHand,receivablesTurnover,payablesTurnover,inventoryTurnover,roe,capexPerShare,report_date,epsEstimated,time,revenueEstimated,updatedFromDate,fiscalDateEnding,surprise(%),QuarterAvgPrice,QuarterAvgVolume
2025-03-31,MRK,USD,310158,2025-05-02,2025-05-02 16:10:22,2025,Q1,15529000000.0,3419000000.0,12110000000.0,0.7798312834,3621000000,0.0,0.0,2552000000.0,0.0,6173000000.0,9592000000.0,0.0,0.0,1412000000.0,7315000000.0,0.4710541567,5937000000.0,0.3823169554,-34000000.0,5903000000.0,0.3801275034,818000000.0,5079000000.0,0.3270654904,2.01,2.01,2531000000,2531000000,https://www.sec.gov/Archives/edgar/data/310158/000162828025021834/0001628280-25-021834-index.htm,https://www.sec.gov/Archives/edgar/data/310158/000162828025021834/mrk-20250331.htm,6.135519557487159,2.0067167127617545,0.9877518767285658,0.4630580798103516,3.645989727380482,19.122876333465037,4.32951402607665,19.09719478467009,13.766890557092058,227182560000.0,253397560000.0,11.182445363260484,14.629567905209608,90.873024,193.8417747440273,4.700166752870591,4.700166752870591,16.317699787494366,34.64081476418318,101.359024,216.2095221843003,0.0223564696163297,0.0051588467002044,0.720885486707355,0.3026702107329616,3.583732057416268,1.4103042821959164,0.0,0.4916420845624385,0.0090235799790265,0.4036227603859027,0.0,0.2331766372593212,0.3252375740518754,0.5312,0.085517419022474,1.2083712465878071,0.0125571511365831,29.36426141891605,0.0560113954678036,0.0653836251287332,-18.294547609640457,10329000000.0,10958000000.0,-31219000000.0,72564000000.0,10534000000.0,3931500000.0,6152500000.0,62.53461266018417,99.6080725358292,163.10032173150043,1.4392029657089898,0.9035412262156448,0.5518076178179471,0.1050791352022344,0.5246937969182142,2025-04-24,2.13,bmo,15338869255.0,2025-05-11,2025-03-31,0.0422535211267607,93.37108333333336,15830112.216666669
2024-12-31,MRK,USD,310158,2025-02-25,2025-02-25 16:19:11,2024,Q4,15624000000.0,924000000.0,14700000000.0,0.9408602151,4584000000,0.0,0.0,3296000000.0,0.0,7880000000.0,8804000000.0,-269000000.0,-943000000.0,872665623.0,6928665623.0,0.4434629815,6820000000.0,0.4365079365,-2650000000.0,4170000000.0,0.2668970814,426000000.0,3743000000.0,0.2395673323,1.4700000000000006,1.4900000000000002,2541000106,2541000000,https://www.sec.gov/Archives/edgar/data/310158/000162828025007732/0001628280-25-007732-index.htm,https://www.sec.gov/Archives/edgar/data/310158/000162828025007732/mrk-20241231.htm,6.148760074077699,1.47304204795653,1.3577331192759896,0.9889806749972644,5.387248889788122,18.24950730639599,3.2798109611727817,18.226288102327217,14.23376563999246,252778690544.88,276647690544.88,16.88342843607267,16.17887164265745,73.2691856651826,100.58841645239951,5.458050451166628,5.458050451166628,17.706585416338967,39.92798983205889,80.18773638982029,110.08662576397931,0.0148074190586703,0.0099415025633018,0.8013084878975666,0.3169009273649514,3.444963474751306,1.3646023926812103,-7.232237539766702,0.9214743589743588,0.0077182138881821,0.5212396473417045,0.0,0.293394777265745,0.324816832613188,0.2715942028985507,0.0599718381976446,0.7827903091060986,0.011968766001024,24.57807960236521,0.0670419945862984,0.0473389993423382,-18.21408818154532,10362000000.0,8334000000.0,-31952000000.0,72179000000.0,10829500000.0,3832500000.0,6176500000.0,59.20506912442397,397.3051948051949,595.0324675324675,1.520140105078809,0.2265261093405246,0.1512522507775413,0.0808196402737892,0.3687524442787253,2025-02-04,1.85,bmo,15482690551.0,2025-05-04,2024-12-31,-0.0702702702702703,103.09453125,10992804.28125
2024-09-30,MRK,USD,310158,2024-11-06,2024-11-06 16:05:36,2024,Q3,16657000000.0,4080000000.0,12577000000.0,0.7550579336,5862000000,0.0,0.0,2731000000.0,0.0,8593000000.0,12673000000.0,127000000.0,330000000.0,1186000000.0,5606000000.0,0.336555202,3984000000.0,0.2391787237,106000000.0,4090000000.0,0.2455424146,929000000.0,3157000000.0,0.1895299274,1.24,1.24,2545967741,2541000000,https://www.sec.gov/Archives/edgar/data/310158/000162828024045689/0001628280-24-045689-index.htm,https://www.sec.gov/Archives/edgar/data/310158/000162828024045689/mrk-20240930.htm,6.542502378077068,1.2400000004556224,3.649299969665248,3.341754831763204,5.731808681231834,17.502185625689748,2.29892936416432,17.47940450436367,15.10663288486655,289120096667.96,312658096667.96,22.89516128191004,17.35727301842829,31.11829691830373,33.982145823690644,6.496788833489731,6.496788833489731,18.770372616194997,55.77204721155192,33.651716356469706,36.74871846120828,0.0109193377990104,0.0294272176097499,0.8568378949260708,0.3244307933158629,4.1987156617909385,1.3641925234908403,12.072727272727272,2.939259727934198,0.0067549783723368,0.6186252771618626,0.0,0.3519241159872726,0.329331586291393,0.0842751049402647,0.0470072642132436,0.6602023608768971,0.0117067899381641,22.08337351608528,0.033800722022242,0.0400507453219156,-18.351076978551557,10775000000.0,5853000000.0,-32611000000.0,72928000000.0,11511500000.0,3552500000.0,6356500000.0,61.49306597826739,79.10294117647058,137.73529411764704,1.4635796502943503,1.1377579475738986,0.6534272901985907,0.0709406318817131,0.3075451379020438,2024-10-31,1.5,bmo,16473653851.0,2025-04-25,2024-09-30,0.0466666666666667,118.80484375,9230707.453125
2024-06-30,MRK,USD,310158,2024-08-05,2024-08-05 16:02:11,2024,Q2,16112000000.0,3745000000.0,12367000000.0,0.7675645482,3500000000,0.0,0.0,2739000000.0,0.0,6239000000.0,9984000000.0,69000000.0,310000000.0,1132000000.0,7448000000.0,0.4622641509,6128000000.0,0.3803376365,-122000000.0,6006000000.0,0.3727656405,545000000.0,5455000000.0,0.3385675273,2.15,2.14,2534000000,2544000000,https://www.sec.gov/Archives/edgar/data/310158/000162828024034715/0001628280-24-034715-index.htm,https://www.sec.gov/Archives/edgar/data/310158/000162828024034715/mrk-20240630.htm,6.358326756116812,2.1527229676400945,2.224546172059984,1.912391475927388,4.497237569060774,17.224940805051304,2.1716653512233624,17.19889502762431,15.03472770323599,324098600000.0,350540600000.0,14.853281393217234,20.11535501489573,57.494873159482,66.87961205117622,7.436524253132027,7.436524253132027,21.756492055610725,47.06506444683136,62.18566613446869,72.33607098638052,0.0168312976359663,0.0149522398430601,0.8670552062778211,0.3355056379295036,3.550214822771214,1.466039907904835,19.767741935483876,1.0322285295733382,0.0061277648221868,0.3640696608615948,0.0,0.2172293942403177,0.3386753085323626,0.1403228667731062,0.0490938430983118,0.6987632508833922,0.0125993048659384,28.862610203166867,0.0621582691394496,0.0732362220581325,-18.003157063930544,12145000000.0,5503000000.0,-30777000000.0,73511000000.0,12107000000.0,3516500000.0,6489500000.0,65.03103277060576,84.56875834445928,155.46328437917222,1.383954646967875,1.0642227905655015,0.5789148245478436,0.1251663530815474,0.3121546961325966,2024-07-30,2.15,bmo,15869597212.0,2025-04-25,2024-06-30,0.0604651162790697,128.81174603174605,8285010.301587301
2024-03-31,MRK,USD,310158,2024-05-03,2024-05-03 16:10:43,2024,Q1,15775000000.0,3540000000.0,12235000000.0,0.7755942948,3992000000,0.0,0.0,2483000000.0,0.0,6475000000.0,10015000000.0,73000000.0,303000000.0,984000000.0,6957000000.0,0.4410142631,5760000000.0,0.3651347068,-90000000.0,5670000000.0,0.359429477,903000000.0,4762000000.0,0.3018700475,1.88,1.87,2533000000,2544000000,https://www.sec.gov/Archives/edgar/data/310158/000162828024020283/0001628280-24-020283-index.htm,https://www.sec.gov/Archives/edgar/data/310158/000162828024020283/mrk-20240331.htm,6.227793130675089,1.87998420844848,1.2198973549151204,0.87998420844848,2.254638768258981,15.958941966048164,0.6596920647453612,15.935254638768258,13.628898539281485,331797670000.0,360345670000.0,17.419029294414113,21.033132805071315,107.3778867313916,148.8549439210408,8.220138489743336,8.220138489743336,22.84283169572108,51.796129078625846,116.6167216828479,161.6624809331539,0.0143521200736581,0.0067179495262881,0.8477603805371122,0.3232812780470293,4.103492884864165,1.2528387585162757,19.00990099009901,0.6482064191315292,0.0058770756286504,0.4094918101637967,0.0,0.2530586370839937,0.3661158820584039,0.2786407766990291,0.054580031695721,0.875,0.0111568938193343,25.962580943851066,0.0577697718714336,0.0709729343030881,-18.56691669956573,6346000000.0,1671000000.0,-33980000000.0,68144000000.0,12138000000.0,3718000000.0,6434000000.0,71.72614896988905,89.33898305084745,165.50847457627117,1.254772510340439,1.0073989755264656,0.543778801843318,0.1179764146268952,0.3399131464666403,2024-04-25,1.88,bmo,15205084628.0,2025-04-25,2024-03-31,0.101063829787234,123.25803278688524,8807473.672131147
2023-12-31,MRK,USD,310158,2024-04-11,2024-04-11 16:05:38,2023,Q4,14630000000.0,3912000000.0,10718000000.0,0.7326042379,9627000000,504000000.0,2300000000.0,2804000000.0,224000000.0,12431000000.0,16343000000.0,70000000.0,310000000.0,964000000.0,-772000000.0,-0.0527682843,-1419000000.0,-0.0969924812,-627000000.0,-2046000000.0,-0.1398496241,-821000000.0,-1226000000.0,-0.0838004101,-0.48,-0.48,2554166667,2554166667,https://www.sec.gov/Archives/edgar/data/310158/000119312524093194/0001193125-24-093194-index.htm,https://www.sec.gov/Archives/edgar/data/310158/000119312524093194/d807955d10ka.htm,5.727895594684777,-0.4799999999373572,0.09631321369053,-0.2908972267157067,2.8036541595036013,14.734747143264633,-0.6158564436390399,14.713605218308176,14.320913538098411,278455250036.34,307814250036.34,-56.78125000741028,19.033168150125768,1131.9319107168292,-374.7715343692328,7.40946888151832,7.40946888151832,21.039935067419,-398.7231218087305,1251.2774391721136,-414.2856662669448,-0.0044028618596345,-0.0026682923015566,0.9650621324605518,0.339985938598547,-38.02979274611399,1.251965439402195,-4.577419354838709,-0.200652528548124,0.0066509789266257,-1.5106035889070146,0.0344497607655502,0.6580314422419685,0.3675462854464495,4.020325203252033,0.0676008202323991,1.025933609958506,0.011414900888585,,-0.010280945499571,-0.0181718469770406,-19.54531810511644,6474000000.0,-1573000000.0,-36872000000.0,70170000000.0,11689000000.0,3715500000.0,6244500000.0,72.0,90.23006134969326,146.27300613496934,1.25,0.9974502804691484,0.6152878263604907,-0.0326228679385859,0.3872104404062368,2024-02-01,-0.09,bmo,14498400000.0,2025-04-25,2023-12-31,-1.3333333333333333,103.8015873015873,8046166.412698412
2023-09-30,MRK,USD,310158,2023-11-03,2023-11-03 16:10:43,2023,Q3,15962000000.0,4264000000.0,11698000000.0,0.7328655557,3307000000,0.0,0.0,2519000000.0,236000000.0,5826000000.0,10090000000.0,73000000.0,317000000.0,1014000000.0,7195000000.0,0.4507580504,6181000000.0,0.3872321764,-252000000.0,5620000000.0,0.3520862047,870000000.0,4745000000.0,0.2972685127,1.87,1.86,2537000000,2546000000,https://www.sec.gov/Archives/edgar/data/310158/000162828023036717/0001628280-23-036717-index.htm,https://www.sec.gov/Archives/edgar/data/310158/000162828023036717/mrk-20230930.htm,6.291683090264091,1.8703192747339377,3.04178163184864,2.6862435947970043,3.4733937721718564,16.27906976744186,0.3618446984627513,16.257784785179346,13.865195112337409,261184150000.0,287399150000.0,13.761019494204426,16.362871194085955,33.84529609952054,38.32489361702128,6.332351015856083,6.332351015856083,18.005209246961535,39.94428769979152,37.24234158351691,42.17155539251651,0.0181672586181052,0.0260927012607771,0.8451486204722882,0.3266183814779765,3.643502432244614,1.383649432753096,19.498422712933756,1.6263435194942044,0.0071022686483846,0.3909378292939937,0.0,0.2071795514346573,0.3783672360321193,0.1168847997926655,0.0565092093722591,0.8895463510848126,0.0102744017040471,26.156511342004965,0.06180968769842,0.071520084407265,-17.656286953094206,8860000000.0,918000000.0,-33473000000.0,71768000000.0,11980500000.0,3475500000.0,6030500000.0,65.82257862423255,74.06425891181989,129.406660412758,1.3673119753297929,1.2151610145340552,0.6954819768390148,0.1150414585656791,0.3555380370516358,2023-10-26,1.95,bmo,14444200000.0,2025-04-25,2023-09-30,0.0923076923076922,107.78238095238096,6807843.46031746
2023-06-30,MRK,USD,310158,2023-08-07,2023-08-07 16:09:00,2023,Q2,15035000000.0,4024000000.0,11011000000.0,0.7323578317,13321000000,0.0,0.0,2702000000.0,233000000.0,16023000000.0,20047000000.0,109000000.0,277000000.0,903000000.0,-4155000000.0,-0.2763551713,-4670000000.0,-0.31060858,-323000000.0,-5335000000.0,-0.3548387097,637000000.0,-5975000000.0,-0.3974060525,-2.35,-2.35,2539000000,2539000000,https://www.sec.gov/Archives/edgar/data/310158/000162828023027770/0001628280-23-027770-index.htm,https://www.sec.gov/Archives/edgar/data/310158/000162828023027770/mrk-20230630.htm,5.921622686096889,-2.3532886963371404,1.4588420638046475,1.0787711697518707,2.529342260732572,15.258763292634896,-0.834186687672312,15.239464356045689,14.64671130366286,292975210000.0,324182210000.0,-12.2583769874477,19.486212836714333,79.09697894168467,106.96429718875504,7.57178843718502,7.57178843718502,21.56183638177585,-78.02219253910951,87.52219492440605,118.35787148594378,-0.0203942169714632,0.0093489138552029,0.9539451580389218,0.3533201236730513,-7.5107099879663055,1.2813969393861675,-16.859205776173287,-0.6199163179916318,0.0064339914629637,-0.3154811715481171,0.0,0.8859993348852677,0.3911208109582747,0.2605291576673866,0.0641835716661124,1.0686600221483942,0.0112404389757233,,-0.0622971003092624,-0.0939332484396862,-18.56035840882237,6583000000.0,-2118000000.0,-35750000000.0,69674000000.0,11932000000.0,3561000000.0,5896500000.0,73.55038244097106,76.9831013916501,132.6292246520875,1.2236510132660536,1.169087739686229,0.67858347386172,-0.1544206962499676,0.3800708940527766,2023-08-01,-2.17,bmo,14446100000.0,2025-04-25,2023-06-30,-0.0506912442396312,113.54112903225808,7042053.177419355
2023-03-31,MRK,USD,310158,2023-05-05,2023-05-05 07:39:41,2023,Q1,14487000000.0,3926000000.0,10561000000.0,0.7289984124,4276000000,0.0,0.0,2479000000.0,-348000000.0,6755000000.0,10681000000.0,112000000.0,242000000.0,991000000.0,4883000000.0,0.3370608131,3570000000.0,0.2464278318,-156000000.0,3650000000.0,0.2519500242,825000000.0,2821000000.0,0.1947263063,1.11,1.11,2538000000,2551000000,https://www.sec.gov/Archives/edgar/data/310158/000162828023015990/0001628280-23-015990-index.htm,https://www.sec.gov/Archives/edgar/data/310158/000162828023015990/mrk-20230331.htm,5.708037825059102,1.11150512214342,0.5275807722616234,0.1308116627265563,4.104806934594168,18.48108747044917,2.300630417651694,18.45311268715524,12.209613869188336,270017820000.0,291025820000.0,23.92926444523219,18.63862911575896,201.65632561613145,813.3066867469879,5.765422983302729,5.765422983302729,20.088756816456133,59.59979930370674,217.34564600448093,876.5837951807229,0.0104474586158795,0.0012295484794299,0.6564888756031942,0.2852239415191658,4.3022731927094,1.4440361419739742,14.75206611570248,0.4746543778801843,0.0068625100373005,0.6568592697624955,0.0,0.2951611789880582,0.3809603324798694,0.7520537714712472,0.0695105957064954,1.0161453077699294,0.0100089735625043,21.482351095804493,0.0316370174356895,0.0422748389030421,-15.310776201733647,10271000000.0,5839000000.0,-27489000000.0,73095000000.0,10513500000.0,3972000000.0,5887000000.0,71.92172292400083,84.36067244014264,134.40397350993376,1.2513604560767038,1.0668478260869565,0.6696230598669624,0.0602340180210957,0.396769109535067,2023-04-27,1.32,bmo,14290600000.0,2025-04-25,2023-03-31,0.0606060606060604,107.96596774193549,8818596.822580645
2022-12-31,MRK,USD,310158,2023-02-24,2023-02-24 16:22:30,2022,Q4,13830000000.0,3881000000.0,9949000000.0,0.7193781634,3775000000,487000000.0,2200000000.0,2687000000.0,290000000.0,6462000000.0,10343000000.0,95000000.0,235000000.0,892000000.0,4640000000.0,0.3355025307,3872000000.0,0.2799710774,26000000.0,3513000000.0,0.2540130152,495000000.0,3017000000.0,0.2181489516,1.19,1.18,2536000000,2548000000,https://www.sec.gov/Archives/edgar/data/310158/000162828023005061/0001628280-23-005061-index.htm,https://www.sec.gov/Archives/edgar/data/310158/000162828023005061/mrk-20221231.htm,5.453470031545741,1.1896687697160884,1.746845425867508,1.293769716088328,5.201892744479495,18.16167192429022,1.8079652996845423,18.1352523659306,12.194794952681388,281369200000.0,299366200000.0,23.31531322505801,20.344844540853217,63.5144920993228,85.7571472112161,6.117918723228457,6.117918723228457,21.6461460592914,64.5185775862069,67.57702031602709,91.24236513258153,0.0107225666490859,0.0116608356564968,0.6673262159987824,0.2811561011359472,3.878663793103448,1.473740665869054,16.47659574468085,1.4678595096090126,0.0062195862233677,0.580046403712297,0.0352133044107013,0.2729573391178597,0.379928545254672,0.2593679458239277,0.0830802603036876,1.2881165919282511,0.0104844540853217,22.03261731706012,0.0382931956886848,0.0445728130955722,-15.720425867507888,11483000000.0,4585000000.0,-27380000000.0,74378000000.0,9466000000.0,3817500000.0,5762500000.0,61.49674620390456,98.88173151249676,137.07549600618395,1.4634920634920634,0.9101782363977486,0.6565724919641347,0.065599791263508,0.4530757097791798,2023-02-02,1.56,bmo,13658134470.0,2025-04-25,2022-12-31,0.0384615384615384,102.2168253968254,9432057.57142857
2022-09-30,MRK,USD,310158,2022-11-03,2022-11-03 16:28:44,2022,Q3,14959000000.0,3934000000.0,11025000000.0,0.7370145063,4399000000,0.0,0.0,2520000000.0,242000000.0,6919000000.0,10853000000.0,40000000.0,244000000.0,959000000.0,4786000000.0,0.3199411725,4388000000.0,0.293335116,-523000000.0,3583000000.0,0.2395213584,330000000.0,3248000000.0,0.2171268133,1.28,1.28,2533000000,2542000000,https://www.sec.gov/Archives/edgar/data/310158/000031015822000034/0000310158-22-000034-index.htm,https://www.sec.gov/Archives/edgar/data/310158/000031015822000034/mrk-20220930.htm,5.905645479668378,1.282273983418871,2.2116067903671537,1.7670746150809318,4.440584287406238,17.57757599684169,0.7879984208448481,17.551519936833795,12.10501381760758,218141960000.0,237414960000.0,16.790483374384237,14.58265659469216,38.94001428061407,48.735915996425376,4.90669755724504,4.90669755724504,15.871044855939568,49.6061345591308,42.38039271688682,53.04176943699732,0.014889386709462,0.0205187484333596,0.6841963201223626,0.2840653337193339,4.026953614709569,1.4593008087659796,17.983606557377048,1.722632226322263,0.0080085463612777,0.5378694581280788,0.0,0.2940704592552978,0.3971572921433307,0.2009996429846483,0.075272411257437,1.1741397288842543,0.0092920649776054,22.502928501649315,0.0463137006866999,0.0503152448375753,-16.34050532964864,10563000000.0,1996000000.0,-28996000000.0,73515000000.0,9562500000.0,3426500000.0,5574500000.0,57.047931011431245,77.11997966446364,128.4341637010676,1.5776207551149546,1.1670127558587955,0.7007481296758105,0.0730577173961941,0.4445321752862218,2022-10-27,1.67,bmo,14065466714.0,2025-04-25,2022-09-30,0.1077844311377246,89.27046875,8224400.6875
2022-06-30,MRK,USD,310158,2022-08-05,2022-08-04 17:35:47,2022,Q2,14593000000.0,4216000000.0,10377000000.0,0.7110943603,2798000000,0.0,0.0,2512000000.0,157000000.0,5310000000.0,9526000000.0,15000000.0,240000000.0,938000000.0,5665000000.0,0.3881998218,5239000000.0,0.3590077434,-580000000.0,4487000000.0,0.3074761872,538000000.0,3944000000.0,0.2702665662,1.56,1.55,2531000000,2540000000,https://www.sec.gov/Archives/edgar/data/310158/000031015822000030/0000310158-22-000030-index.htm,https://www.sec.gov/Archives/edgar/data/310158/000031015822000030/mrk-20220630.htm,5.765705254839984,1.5582773607269853,1.699723429474516,1.2536546819438956,4.001580403002766,17.114974318451203,-0.1548794942710391,17.085341762149348,12.604899249308572,230751270000.0,252739270000.0,14.626728575050713,15.812462824641951,53.638138075313805,72.72337535455405,5.336153134611382,5.336153134611382,17.319212636195438,44.61416946160635,58.74924918642492,79.65309486290576,0.0170919969367882,0.0137507368865185,0.7322109936868395,0.2956533918483589,3.881376875551633,1.3862223756906078,21.829166666666666,1.0893897189161814,0.0076705970025647,0.4487829614604463,0.0,0.1917357637223326,0.4081423035622578,0.2624360762436076,0.0773658603440005,1.2036247334754795,0.0093880627698211,24.47515635364592,0.0530554132271777,0.0622229234045909,-17.24585144211774,8948000000.0,-392000000.0,-31661000000.0,72717000000.0,9735500000.0,3598500000.0,5654500000.0,59.47166449667649,74.33111954459203,118.15702087286526,1.5133257285077255,1.2107983917288914,0.7616982836495032,0.0912055130310108,0.4460687475306203,2022-07-28,1.7,bmo,13855878000.0,2025-04-25,2022-06-30,0.1,88.65225806451612,12509465.58064516
2022-03-31,MRK,USD,310158,2022-05-05,2022-05-05 16:28:37,2022,Q1,15901000000.0,5380000000.0,10521000000.0,0.6616564996,2576000000,0.0,0.0,2323000000.0,275000000.0,4899000000.0,10279000000.0,7000000.0,243000000.0,1120000000.0,6224000000.0,0.3914219231,5904000000.0,0.3712974027,-761000000.0,4861000000.0,0.3057040438,554000000.0,4310000000.0,0.2710521351,1.7,1.7,2528000000,2537000000,https://www.sec.gov/Archives/edgar/data/310158/000031015822000011/0000310158-22-000011-index.htm,https://www.sec.gov/Archives/edgar/data/310158/000031015822000011/mrk-20220331.htm,6.28995253164557,1.7049050632911391,1.8833069620253164,1.4940664556962024,3.5316455696202533,16.199762658227847,-1.3160601265822784,16.172072784810126,12.672863924050631,207422400000.0,230660400000.0,12.031461716937354,13.04461354631784,43.56698172652804,54.91723590150914,5.073561137881271,5.073561137881271,14.506031067228475,37.05983290488432,48.4478890989288,61.06973788721207,0.0207788551284721,0.0182092194478513,0.7776826553824328,0.2980650241871976,3.733611825192802,1.397383043556193,24.296296296296298,1.1054097980032505,0.0084127847329893,0.4048723897911833,0.0,0.1620023897868058,0.4151198110023624,0.2066792690611216,0.0618829004465128,0.8785714285714286,0.007546695176404,24.907159561691323,0.0611399140135024,0.069083798166314,-18.40545886075949,8868000000.0,-3327000000.0,-34531000000.0,72895000000.0,9529000000.0,4162000000.0,5863500000.0,55.62669014527388,62.146840148698885,96.5910780669145,1.617928367928368,1.4481830417227457,0.9317630758572912,0.1054227918694812,0.3892405063291139,2022-04-28,1.83,bmo,14555497375.0,2025-04-25,2022-03-31,0.1693989071038251,78.84193548387097,12287637.193548389
2021-12-31,MRK,USD,310158,2022-02-25,2022-02-25 16:44:28,2021,Q4,13521000000.0,3874000000.0,9647000000.0,0.7134827306,3068000000,830000000.0,2000000000.0,2830000000.0,224000000.0,5898000000.0,9772000000.0,9000000.0,209000000.0,835000000.0,4953000000.0,0.3663190592,3982000000.0,0.2945048443,160000000.0,3909000000.0,0.2891058354,85000000.0,3758000000.0,0.2779380223,1.49,1.48,2527000000,2535000000,https://www.sec.gov/Archives/edgar/data/310158/000031015822000003/0000310158-22-000003-index.htm,https://www.sec.gov/Archives/edgar/data/310158/000031015822000003/mrk-20211231.htm,5.350613375544124,1.4871388998812822,1.9908982983775227,1.5128611001187178,3.2037989711119903,15.139295607439651,-2.3506133755441234,15.110407597942224,13.182034032449543,193669280000.0,218675280000.0,12.883799893560404,14.323591450336512,38.49518584774399,50.65897985874968,5.07200083804735,5.07200083804735,16.173010871976924,44.1500666262871,43.4655694692904,57.199916296102536,0.0194042132030438,0.0197398369013402,0.8669076052796983,0.313187125096978,5.048657379366041,1.2678451742627346,19.05263157894737,1.3156380753138075,0.0084835344046304,0.4372006386375732,0.0613859921603431,0.2269062939131721,0.4181599712377239,0.2401113098787517,0.089342504252644,1.4467065868263471,0.0088011241772058,22.48563287899932,0.0462451342391813,0.0611086719677382,-19.56549267906609,6394000000.0,-5940000000.0,-37171000000.0,69870000000.0,8900500000.0,3987500000.0,6964500000.0,61.43776347903261,107.07537429013938,138.29891584925142,1.4648970747562298,0.8405293990019527,0.6507643205106669,0.0984181856274879,0.4780371982588049,2022-02-03,1.53,bmo,13155639643.0,2025-04-25,2021-12-31,0.1764705882352941,79.64890625,16057505.921875
2021-09-30,MRK,USD,310158,2021-11-05,2021-11-05 16:09:58,2021,Q3,13154000000.0,3450000000.0,9704000000.0,0.7377223658,2445000000,0.0,0.0,2336000000.0,2000000.0,4781000000.0,8231000000.0,7000000.0,196000000.0,759000000.0,6221000000.0,0.4729359891,4932000000.0,0.3749429831,343000000.0,5266000000.0,0.400334499,695000000.0,4567000000.0,0.3471947697,1.81,1.8,2530000000,2536000000,https://www.sec.gov/Archives/edgar/data/310158/000031015821000032/0000310158-21-000032-index.htm,https://www.sec.gov/Archives/edgar/data/310158/000031015821000032/mrk-20210930.htm,5.199209486166008,1.8051383399209489,1.89604743083004,1.432806324110672,3.969169960474309,14.17509881422925,1.4296442687747035,14.147826086956522,10.528458498023715,190028300000.0,206453300000.0,10.40224983577841,14.446426942374943,39.61398790910986,52.4216,5.308942839582053,5.308942839582053,15.69509654857838,33.186513422279376,43.038002918490726,56.95263448275862,0.024033262414072,0.0190761060326277,0.7386992233335196,0.2828095920593835,2.6402507635428387,1.3089177343223195,25.163265306122447,1.049442135200175,0.0086776548545663,0.3610685351434202,0.0,0.1858750190056256,0.3448991379125933,0.2443193662705857,0.089098373118443,1.544137022397892,0.0088946328113121,23.97128749488077,0.0584049235513777,0.0745657001044932,-14.692786561264825,7330000000.0,3617000000.0,-26573000000.0,58141000000.0,8207000000.0,3631500000.0,7943500000.0,58.64299832750494,87.80869565217391,208.0695652173913,1.5347100688367752,1.0249554367201426,0.4325476429287863,0.127591216404984,0.4632411067193676,2021-10-28,1.55,bmo,12324800000.0,2025-04-25,2021-09-30,0.1290322580645161,76.05421875,10082291.234375
2021-06-30,MRK,USD,310158,2021-08-09,2021-08-09 07:07:53,2021,Q2,11402000000.0,3104000000.0,8298000000.0,0.7277670584,4321000000,0.0,0.0,2281000000.0,130000000.0,6602000000.0,9706000000.0,9000000.0,202000000.0,728000000.0,2609000000.0,0.2288195053,1835000000.0,0.1609366778,21000000.0,1717000000.0,0.1505876162,503000000.0,1545000000.0,0.1355025434,0.61,0.61,2533000000,2540000000,https://www.sec.gov/Archives/edgar/data/310158/000031015821000028/0000310158-21-000028-index.htm,https://www.sec.gov/Archives/edgar/data/310158/000031015821000028/mrk-20210630.htm,4.501381760757995,0.6099486774575602,0.983024082116068,0.6142913541255428,3.39005132254244,13.181208053691275,0.3525463876825898,13.144097907619424,10.5499407816818,196991410000.0,214937410000.0,31.875632686084145,17.276917207507456,79.11301606425702,126.60116323907457,5.916724034360545,5.916724034360545,18.85085160498158,82.38306247604446,86.32024497991968,138.13458226221078,0.0078429815797551,0.0078988215780576,0.7965699525440019,0.2924422194777699,6.878497508623994,1.308545603944125,9.084158415841584,3.2046332046332044,0.0084927561054565,1.0828478964401294,0.0,0.3789686019996491,0.3583164255469301,0.3751004016064257,0.0819154534292229,1.3536231884057972,0.0115769163304683,13.430843813413803,0.0182044558255378,0.0265495850016325,-15.34751283063561,6759000000.0,893000000.0,-28635000000.0,57318000000.0,8039000000.0,3965500000.0,8244000000.0,61.90756007717944,112.99291237113404,229.37822164948457,1.4537804411577202,0.7965101360020529,0.3923650613070408,0.0464047576139845,0.3687327279905251,2021-07-29,1.33,bmo,11402000000.0,2025-04-25,2021-06-30,-0.0150375939849624,74.34539682539683,12746810.84126984
2021-03-31,MRK,USD,310158,2021-05-05,2021-05-05 16:26:12,2021,Q1,10627000000.0,3199000000.0,7428000000.0,0.6989743107,2412000000,0.0,0.0,2187000000.0,111000000.0,4599000000.0,7798000000.0,11000000.0,200000000.0,892000000.0,3843000000.0,0.3616260469,2951000000.0,0.2776889056,150000000.0,3462000000.0,0.325773972,276000000.0,3179000000.0,0.2991436906,1.26,1.25,2531303747,2541000000,https://www.sec.gov/Archives/edgar/data/310158/000031015821000009/0000310158-21-000009-index.htm,https://www.sec.gov/Archives/edgar/data/310158/000031015821000009/mrk-20210331.htm,4.198231844990826,1.2558745681025534,0.7075405320766509,0.2595500444301282,2.7641882205138617,10.68184726232304,-2.992133997737886,10.644712248355868,12.42561270541982,186076138441.97,210348138441.97,14.633228880305914,17.50975237056272,103.8951080078001,283.2209108705784,6.905776152977175,6.905776152977175,19.7937459717672,54.73539902211033,117.44731347960358,320.1645942800152,0.0170844044089586,0.0035308127388127,1.1598812395620708,0.3440179642695961,6.315899037210513,1.0207882857251245,14.755,0.5621468926553672,0.0088404672075297,0.5174583202264863,0.0,0.2269690411216712,0.3810032252028135,0.6331658291457286,0.1067093253034722,1.219354838709677,0.0104450926884351,17.343284765098492,0.0378568702560713,0.0565316356652558,-18.30924086251116,548000000.0,-7574000000.0,-36899000000.0,53456000000.0,8043000000.0,4314000000.0,7443500000.0,69.74216618048368,113.4917161613004,241.30353235386056,1.290467516697025,0.7930094199305899,0.3729742334149469,0.117981072555205,0.4479904876465226,2021-04-29,1.63,bmo,13784539877.0,2025-04-25,2021-03-31,-0.1411042944785276,73.71245901639344,12717429.836065574
2020-12-31,MRK,USD,310158,2021-02-25,2021-02-25 16:34:56,2020,Q4,12515000000.0,5533000000.0,6982000000.0,0.5578905314,5837000000,1285000000.0,1800000000.0,3085000000.0,134000000.0,8922000000.0,14455000000.0,11000000.0,207000000.0,904000000.0,-881000000.0,-0.0703955254,-1795000000.0,-0.1434278865,-198000000.0,-1993000000.0,-0.1592489013,99000000.0,-2094000000.0,-0.1673192169,-0.83,-0.82,2530225827,2540000000,https://www.sec.gov/Archives/edgar/data/310158/000031015821000004/0000310158-21-000004-index.htm,https://www.sec.gov/Archives/edgar/data/310158/000031015821000004/mrk-20201231.htm,4.94619882006287,-0.827594113400851,1.583257888387683,0.984892325976562,3.49652584587265,10.040210533350152,-3.730101834898392,10.005826250701691,12.646302025119594,197357614506.0,221086614506.0,-23.56227489326648,15.7696855378346,49.26550536844733,79.19647452086677,7.795458170636331,7.795458170636331,17.665730284139034,-250.94961918955727,55.18887032101847,88.71854514686999,-0.0106101809410365,0.0126268246920072,1.2557175020737057,0.3471087915447438,-26.93416572077185,1.0159915102279795,-8.671497584541063,-1.9158297465327592,0.0078132277989868,-0.7363896848137536,0.1026767878545745,0.4664003196164602,0.3804210158536052,0.3779331003494758,0.1209748302037554,1.674778761061947,0.009668397922493,,-0.0265438848177177,-0.0369012793853311,-19.08673505924181,437000000.0,-9438000000.0,-38420000000.0,53265000000.0,8136500000.0,4169000000.0,7259500000.0,56.45944866160608,74.72618832459787,102.6387131754925,1.5940644503884855,1.2043970396168917,0.8768621236133122,-0.0827112217087332,0.5983655624111215,2021-02-04,1.36,bmo,13059130434.0,2025-04-25,2020-12-31,-0.0294117647058823,76.426875,9004621.859375
2020-09-30,MRK,USD,310158,2020-11-05,2020-11-05 16:55:58,2020,Q3,10929000000.0,3013000000.0,7916000000.0,0.7243114649,3349000000,0.0,0.0,2060000000.0,156000000.0,5409000000.0,8422000000.0,9000000.0,203000000.0,807000000.0,3716000000.0,0.34001281,2672000000.0,0.2444871443,198000000.0,3428000000.0,0.3136609022,483000000.0,2941000000.0,0.2691005581,1.16,1.16,2529760132,2538000000,https://www.sec.gov/Archives/edgar/data/310158/000031015820000030/0000310158-20-000030-index.htm,https://www.sec.gov/Archives/edgar/data/310158/000031015820000030/mrk-20200930.htm,4.32017243917891,1.162560814678852,0.8589747195842045,0.2597084172879992,2.9101573334463477,11.57026693153689,-3.0259785910801127,11.537062202385911,11.441400958879528,200078728839.88,221463728839.88,17.007712414134648,18.30713961386037,92.07488671876668,304.5338338506545,6.855298048375249,6.855298048375249,20.26386026533809,59.5973436059957,101.91612003676023,337.0833011261492,0.0146992137397755,0.0032837073876343,0.9847529637497432,0.3200556792873051,5.754843918191604,1.302474883606959,13.16256157635468,0.7381114130434783,0.0077219602951218,0.5253315198911934,0.0,0.3064324274865038,0.4111915367483296,0.6976530142659917,0.1387135145026992,1.7793427230046948,0.01061396285113,17.37187582682547,0.0319643424522574,0.0556217494089834,-16.89764948829544,6172000000.0,-7655000000.0,-33953000000.0,60016000000.0,7999500000.0,3596000000.0,8093000000.0,69.3549272577546,111.83538001991371,245.2074344507136,1.2976727618142958,0.8047542735042735,0.3670361798026556,0.1007674912629342,0.5992663022962053,2020-10-27,1.44,bmo,10387034482.0,2025-04-25,2020-09-30,0.2083333333333333,78.2728125,8251430.28125
2020-06-30,MRK,USD,310158,2020-08-05,2020-08-05 08:10:57,2020,Q2,9353000000.0,2747000000.0,6606000000.0,0.7062974447,2085000000,0.0,0.0,2085000000.0,55000000.0,4170000000.0,6917000000.0,14000000.0,209000000.0,975000000.0,3480000000.0,0.3720731316,2505000000.0,0.2678285042,307000000.0,3519000000.0,0.3762429167,509000000.0,3002000000.0,0.3209665348,1.19,1.18,2529168427,2536000000,https://www.sec.gov/Archives/edgar/data/310158/000031015820000026/0000310158-20-000026-index.htm,https://www.sec.gov/Archives/edgar/data/310158/000031015820000026/mrk0630202010q.htm,3.6980534392856392,1.186951397918902,1.3312676071928522,1.0671491748777868,4.3939343387983865,10.969613452319123,-3.514593929414097,10.929283991097364,12.289810227019728,186500879806.98,206271879806.98,15.531385726763824,19.94022022954988,55.39081669348976,69.09999251833271,6.747011063127848,6.747011063127848,22.05408743793221,59.27352868016666,61.26280956548262,76.42529818709892,0.0160964388109425,0.0144717815958473,1.1169235221763982,0.3407162169618716,5.68132183908046,1.323067905131211,11.985645933014354,1.1186046511627907,0.0084557241854951,0.5253164556962026,0.0,0.2229231262696461,0.4042708160900513,0.1983961983961984,0.0714209344595317,0.6374045801526718,0.0112263444883994,17.084551516163017,0.0292894316409883,0.0556111296358045,-16.640548549754612,7165000000.0,-8889000000.0,-33528000000.0,59587000000.0,7879500000.0,3510000000.0,7726500000.0,72.91029616165936,112.9668729523116,261.3505642519112,1.2343935594562492,0.7966937354988399,0.3443650495173624,0.1086028507343897,0.2641184323150654,2020-07-31,1.04,bmo,8253197080.0,2025-04-25,2020-06-30,0.3173076923076923,75.22888888888889,11569402.84126984
2020-03-31,MRK,USD,310158,2020-05-06,2020-05-06 16:36:54,2020,Q1,12057000000.0,3312000000.0,8745000000.0,0.7253048022,2209000000,0.0,0.0,2555000000.0,118000000.0,4764000000.0,8076000000.0,25000000.0,212000000.0,821000000.0,4871000000.0,0.4039976777,4124000000.0,0.3420419673,-143000000.0,3838000000.0,0.3183213071,619000000.0,3219000000.0,0.2669818363,1.28,1.26,2524013328,2547000000,https://www.sec.gov/Archives/edgar/data/310158/000031015820000009/0000310158-20-000009-index.htm,https://www.sec.gov/Archives/edgar/data/310158/000031015820000009/mrk0331202010q.htm,4.776916138376271,1.2753498423681855,0.2801094559037922,-0.1105382435603367,2.944516939571406,10.419913281852528,-3.788807251496415,10.382274811823022,11.176644626656266,185161617742.08,205734617742.08,14.38036795138863,15.3571881680418,261.89762056871285,-663.6617123372042,7.065888866326274,7.065888866326274,17.063499854199218,42.23662856540341,290.9966304697029,-737.4000635916846,0.0173848124641246,-0.001506791760637,1.068422056859378,0.3297257192656012,4.22356805584069,1.1145935357492651,19.452830188679247,0.2196334265299782,0.0083764660241868,0.4818266542404473,0.0,0.1832130712449199,0.4223499346389834,1.3946251768033946,0.0817782201210914,1.2009744214372715,0.008957452102513,17.260452840390304,0.0510226043508383,0.0656269113149847,-16.365404866039597,2691000000.0,-9563000000.0,-32439000000.0,53823000000.0,7480000000.0,3655000000.0,6727000000.0,61.07489425230157,97.06521739130434,203.15217391304347,1.47360058665363,0.927211646136618,0.4430176565008025,0.1228391528334287,0.390647699464129,2020-04-28,1.34,bmo,10770920000.0,2025-04-25,2020-03-31,0.1194029850746268,78.53645161290324,14373727.838709677
2019-12-31,MRK,USD,310158,2020-02-26,2020-02-26 16:36:07,2019,Q4,11868000000.0,3669000000.0,8199000000.0,0.6908493428,2548000000,789000000.0,2100000000.0,2889000000.0,294000000.0,5437000000.0,9106000000.0,49000000.0,219000000.0,936000000.0,3948000000.0,0.3326592518,3105000000.0,0.261627907,-313000000.0,2792000000.0,0.2352544658,428000000.0,2356000000.0,0.1985170206,0.93,0.92,2539016026,2559000000,https://www.sec.gov/Archives/edgar/data/310158/000031015820000005/0000310158-20-000005-index.htm,https://www.sec.gov/Archives/edgar/data/310158/000031015820000005/mrk1231201910k.htm,4.674251709508509,0.9279185227167212,1.8881330211816472,1.4403217476973893,4.115767641082231,10.240581285720486,-3.001162624406373,10.203559069618883,10.462714582330092,220183469774.72,236853469774.72,23.364120307164686,18.552702205487023,45.92896741233208,60.20876942158053,8.498995243552708,8.498995243552708,19.957319664199527,59.99328008478217,49.406230658055904,64.76715060834564,0.0107001674667518,0.0166088762418979,1.016945227158683,0.3121674941052407,4.222391084093212,1.2368586858685868,14.178082191780822,2.028776978417266,0.0063810421437972,0.5963497453310697,0.0664812942366026,0.2146949780923491,0.3983672405417254,0.237171464330413,0.095803842264914,1.2147435897435896,0.0093528816986855,14.595602344970388,0.0399625856877777,0.0463998739561997,-15.704312060927496,5263000000.0,-7620000000.0,-30913000000.0,53937000000.0,7610000000.0,3468000000.0,6674000000.0,51.40040444893832,91.6925592804579,146.63941128372855,1.750958984951313,0.9815409309791332,0.6137504182000669,0.0909406724051414,0.447811273484258,2020-02-05,1.15,bmo,11765689655.0,2025-04-25,2019-12-31,0.008695652173913,82.0775,8273061.5625
2019-09-30,MRK,USD,310158,2019-11-05,2019-11-05 16:43:01,2019,Q3,12397000000.0,3990000000.0,8407000000.0,0.678147939,3204000000,0.0,0.0,2589000000.0,157000000.0,5793000000.0,9783000000.0,61000000.0,231000000.0,845000000.0,3423000000.0,0.2761151892,2832000000.0,0.2284423651,-267000000.0,2347000000.0,0.1893199968,440000000.0,1901000000.0,0.1533435509,0.75,0.74,2550888630,2572000000,https://www.sec.gov/Archives/edgar/data/310158/000031015819000042/0000310158-19-000042-index.htm,https://www.sec.gov/Archives/edgar/data/310158/000031015819000042/mrk0930201910q.htm,4.859875046759686,0.7452304964015618,1.6566775790599686,1.2807301587290387,3.143218369357035,10.55514524756026,-1.906002458445236,10.521039485757557,10.317580975693163,204759830330.1,222978830330.1,26.92791035377433,16.51688556345083,48.452397143894935,62.67518528622589,7.629474265224681,7.629474265224681,17.986515312583688,65.14134686827343,52.76356609798864,68.25186113562901,0.0092840475445566,0.0159552779211291,0.9720545495193382,0.3130647658134428,5.322524101665206,1.2638754592922066,12.25974025974026,2.2148846960167714,0.006807975947981,0.7332982640715413,0.0,0.2584496249092522,0.3814546807310605,0.2269285376242309,0.0773574251835121,1.1349112426035504,0.0082277970476728,13.282073944576938,0.0348341671776915,0.0368811112835635,-15.042405046119164,5458000000.0,-4862000000.0,-30264000000.0,51532000000.0,8203000000.0,3170000000.0,6608500000.0,61.28740824392998,72.13533834586465,166.2406015037594,1.4684908789386402,1.2476547842401502,0.5413839891451832,0.0708324018183173,0.3759474203309299,2019-10-29,1.25,bmo,10180317880.0,2025-04-25,2019-09-30,0.208,80.098125,9615720.328125
2019-06-30,MRK,USD,310158,2019-08-06,2019-08-06 16:34:49,2019,Q2,11760000000.0,3401000000.0,8359000000.0,0.7107993197,2189000000,0.0,0.0,2712000000.0,-13000000.0,4901000000.0,8302000000.0,75000000.0,233000000.0,973000000.0,4465000000.0,0.3796768707,3520000000.0,0.2993197279,-261000000.0,3259000000.0,0.2771258503,615000000.0,2670000000.0,0.2270408163,1.04,1.03,2566795022,2588000000,https://www.sec.gov/Archives/edgar/data/310158/000031015819000037/0000310158-19-000037-index.htm,https://www.sec.gov/Archives/edgar/data/310158/000031015819000037/mrk0630201910q.htm,4.581589063094263,1.040207720957626,1.2014983563420671,0.8968382672825677,2.768043392286118,10.806082979850816,-2.0001597151297577,10.766344707364794,10.448828118383346,207422705727.82,227350705727.82,19.42160165990824,17.637985180937076,67.2576866821725,90.10543254900956,7.505797203829202,7.505797203829202,19.332543004066327,50.91841113724972,73.71942468476654,98.76225270539533,0.0128722648305608,0.0110981099775098,0.9620770761715216,0.316643839695111,4.463157894736842,1.2097585262633803,15.107296137339056,1.1664145234493193,0.0070773351203233,0.5498127340823971,0.0,0.1861394557823129,0.3914845471327339,0.2535667963683528,0.0664965986394557,0.8036998972250771,0.009438775510204,15.87396563715485,0.0421848729866763,0.0522566250440364,-15.67187860940148,4213000000.0,-5134000000.0,-31930000000.0,50946000000.0,7786000000.0,3080000000.0,5779500000.0,60.94897959183673,83.14613349014996,154.72802117024406,1.476644902059267,1.0824315722469764,0.5816658115272789,0.0966166093721729,0.3046600890594995,2019-07-30,1.16,bmo,10493538461.0,2025-04-25,2019-06-30,0.1206896551724139,76.51539682539683,11486506.698412698
2019-03-31,MRK,USD,310158,2019-05-08,2019-05-08 16:34:31,2019,Q1,10816000000.0,3052000000.0,7764000000.0,0.7178254438,1931000000,0.0,0.0,2425000000.0,58000000.0,4356000000.0,7408000000.0,89000000.0,209000000.0,898000000.0,4491000000.0,0.4152181953,3555000000.0,0.3286797337,-341000000.0,3067000000.0,0.2835613905,205000000.0,2915000000.0,0.2695081361,1.13,1.12,2583071214,2603000000,https://www.sec.gov/Archives/edgar/data/310158/000031015819000019/0000310158-19-000019-index.htm,https://www.sec.gov/Archives/edgar/data/310158/000031015819000019/mrk0331201910q.htm,4.1872635726720615,1.1285016008079751,0.5172137697013568,0.2868678168777734,3.406023013347707,10.712054646434536,-0.5803169466933636,10.661339823207832,10.106186720100238,205173346528.02,222993346528.02,17.596341897771868,18.9694292278125,153.57286416767965,276.8871073252632,7.450283108610335,7.450283108610335,20.616988399410136,49.653383773774216,166.91118752097307,300.9356903212146,0.0142074984364594,0.0036115802200399,0.9403391553796434,0.3144473856764698,3.967935871743487,1.3671466321522947,17.00956937799043,0.46680642907058,0.0069599683592672,0.4898799313893653,0.0,0.1785318047337278,0.3541904461228355,0.4453592814371258,0.0550110946745562,0.6625835189309577,0.008598372781065,16.453119120339363,0.0495235094844504,0.0548086866597724,-14.449466123004072,6808000000.0,-1499000000.0,-29333000000.0,49483000000.0,7339500000.0,3168000000.0,5576000000.0,63.30621301775148,88.99737876802097,168.44036697247705,1.4216614090431126,1.0112657388999338,0.5343137254901961,0.1058498856167616,0.2303459528235832,2019-04-30,1.06,bmo,9397508196.0,2025-04-25,2019-03-31,0.150943396226415,74.73983606557377,11750930.606557377
2018-12-31,MRK,USD,310158,2019-02-27,2019-02-27 16:36:42,2018,Q4,10998000000.0,3289000000.0,7709000000.0,0.7009456265,2214000000,543000000.0,2100000000.0,2643000000.0,-198000000.0,4857000000.0,8146000000.0,86000000.0,203000000.0,1095000000.0,3902000000.0,0.3547917803,2647000000.0,0.2406801237,-248000000.0,2604000000.0,0.2367703219,826000000.0,1827000000.0,0.1661211129,0.7,0.69,2592559543,2634000000,https://www.sec.gov/Archives/edgar/data/310158/000031015819000014/0000310158-19-000014-index.htm,https://www.sec.gov/Archives/edgar/data/310158/000031015819000014/mrk1231201810k.htm,4.242139791811138,0.7047089834187079,1.3855033762671038,1.027170236915172,3.4190150131491115,10.368903608243956,-1.0807852060970002,10.299088432546757,9.765253055944951,188893888302.98,206042888302.98,25.84754902886973,17.175294444715405,52.58738538501671,70.93274063198649,7.0744125052612254,7.0744125052612254,18.73457795080742,52.80443062608406,57.36160587499444,77.37247026022531,0.0096720969450824,0.0140978621591431,0.9405640238193326,0.3039074506576957,4.394925679138903,1.16522561469873,13.039408866995077,2.0202474690663665,0.006760409304253,0.69896004378763,0.0493726132024004,0.2013093289689034,0.3592095550419303,0.258630289532294,0.0844699036188397,0.8484018264840183,0.0079105291871249,12.7789613481451,0.0274929678737699,0.0345022944875644,-14.99203754256841,3669000000.0,-2802000000.0,-29880000000.0,46644000000.0,7222500000.0,3204500000.0,5428000000.0,57.86415711947627,90.79355427181514,148.85983581635753,1.5553669919389057,0.9912597950572634,0.6045955882352941,0.0684244035803902,0.3583331393519319,2019-02-01,1.03,bmo,10892250000.0,2025-04-25,2018-12-31,0.0097087378640776,70.54333333333334,13935679.92063492
2018-09-30,MRK,USD,310158,2018-11-06,2018-11-06 16:14:11,2018,Q3,10794000000.0,3619000000.0,7175000000.0,0.6647211414,2068000000,0.0,2443000000.0,2443000000.0,114000000.0,4511000000.0,8130000000.0,92000000.0,190000000.0,1094000000.0,3916000000.0,0.3627941449,2870000000.0,0.2658884565,-257000000.0,2665000000.0,0.2468964239,707000000.0,1950000000.0,0.18065592,0.73,0.73,2658739396,2678000000,https://www.sec.gov/Archives/edgar/data/310158/000031015818000039/0000310158-18-000039-index.htm,https://www.sec.gov/Archives/edgar/data/310158/000031015818000039/mrk0930201810q.htm,4.059818730726025,0.7334302876520057,1.0504978427754113,0.8048927259360473,3.8683746197440407,12.28251255054559,0.8361105279232866,12.19450091602735,8.944840564584617,181352614201.16,197118614201.16,23.25033515399487,16.80124274607745,64.93111858258503,84.7442122435327,5.593504848595397,5.593504848595397,18.261869019933293,50.33672477046986,70.5759449341783,92.11150196315889,0.0107525331718517,0.0118002158911603,0.7276540620566282,0.2771290966756725,4.026046986721144,1.443882492198429,15.105263157894736,1.4264555669050052,0.0070856436542715,0.658974358974359,0.0,0.1915879192143783,0.3574885469282274,0.2337987826709631,0.0604965721697239,0.6154571159283695,0.0084306095979247,14.185762830346071,0.0300372561911023,0.0356509497778671,-12.769397426117653,8250000000.0,2223000000.0,-25638000000.0,51438000000.0,7330500000.0,3057500000.0,5297000000.0,61.484157865480825,76.8693009118541,134.68914064658745,1.4637917005695689,1.1708185053380782,0.668205317577548,0.0601443464314354,0.2456051168393639,2018-10-25,1.16,bmo,10340470588.0,2025-04-25,2018-09-30,0.0258620689655172,63.663809523809526,8229526.365079365
2018-06-30,MRK,USD,310158,2018-08-07,2018-08-07 16:32:58,2018,Q2,10465000000.0,3417000000.0,7048000000.0,0.6734830387,2274000000,0.0,2508000000.0,2508000000.0,79000000.0,4782000000.0,8199000000.0,81000000.0,194000000.0,1290000000.0,3816000000.0,0.3646440516,2426000000.0,0.2318203536,-180000000.0,2086000000.0,0.1993311037,370000000.0,1707000000.0,0.1631151457,0.64,0.63,2670041946,2696000000,https://www.sec.gov/Archives/edgar/data/310158/000031015818000034/0000310158-18-000034-index.htm,https://www.sec.gov/Archives/edgar/data/310158/000031015818000034/mrk0630201810q.htm,3.919414080995116,0.6393157989735941,1.2666467675036293,1.048298137860041,2.844150074637067,12.271717322301573,0.5969943664697768,12.182954671828965,8.813344687432112,154542027834.48,172570027834.48,22.633571739086115,14.7675134098882,45.6954547115553,55.21330040531619,4.750900053321037,4.750900053321037,16.49020810649594,45.222753625387845,51.02602833662922,61.6541721452233,0.0110455390285693,0.018111578055633,0.7174521196470841,0.2744355597365945,4.7243186582809225,1.3274492497793469,12.505154639175258,1.970862470862471,0.0084831292715022,0.7680140597539543,0.0,0.2172957477305303,0.3665569143932267,0.1723832052040212,0.0557095078834209,0.4755301794453507,0.0086000955566172,13.238088853655835,0.0283918736781853,0.0316885720650478,-13.717293863068022,5936000000.0,1594000000.0,-28210000000.0,49734000000.0,7266000000.0,3093000000.0,5280000000.0,62.66889632107024,79.64881474978051,136.38279192273924,1.43611911623439,1.1299603174603174,0.6599073001158748,0.0524762519597897,0.2183486296435883,2018-07-27,1.03,bmo,10168820754.0,2025-04-25,2018-06-30,0.029126213592233,56.37640625,11701688.890625
2018-03-31,MRK,USD,310158,2018-05-08,2018-05-08 16:31:56,2018,Q1,10037000000.0,3184000000.0,6853000000.0,0.6827737372,3196000000,0.0,2508000000.0,2508000000.0,373000000.0,5704000000.0,8888000000.0,85000000.0,185000000.0,1137000000.0,2667000000.0,0.2657168477,1607000000.0,0.1601076019,-262000000.0,1345000000.0,0.1340041845,604000000.0,736000000.0,0.0733286839,0.27,0.27,2692481383,2710000000,https://www.sec.gov/Archives/edgar/data/310158/000031015818000011/0000310158-18-000011-index.htm,https://www.sec.gov/Archives/edgar/data/310158/000031015818000011/mrk0331201810q.htm,3.727788078080093,0.2733537935107052,0.4289723254142181,0.2618402505775097,2.7283382705565766,12.59098770897611,0.778835468739061,12.50445043467177,8.817516863773985,139847483033.02,158920483033.02,47.50254179110733,13.933195480025905,121.0800718900606,198.36522416031204,4.153721130836996,4.153721130836996,15.833464484708577,59.58773267079864,137.5934918034805,225.4191248695319,0.005262876270903,0.0050412062105797,0.699655459189735,0.2737764554107925,7.151481064866892,1.4201061320754718,8.686486486486487,1.5587044534412955,0.0092886905922596,1.764945652173913,0.0,0.3184218391949786,0.3696377308492463,0.3896103896103896,0.0448341137790176,0.3957783641160949,0.0079705091162698,8.769727854779337,0.0124457868649318,0.0135700720910079,-13.619128522679928,7125000000.0,2097000000.0,-28055000000.0,51490000000.0,7059000000.0,3132000000.0,5239000000.0,64.96463086579655,89.37814070351759,152.12939698492465,1.3853692201518288,1.0069576217583809,0.5916016350798959,0.0218605203754306,0.1671320748367083,2018-05-01,0.99,bmo,9559047619.0,2025-04-25,2018-03-31,0.0606060606060606,53.96934426229508,13761364.606557377
2017-12-31,MRK,USD,310158,2018-02-27,2018-02-27 16:33:07,2017,Q4,10433000000.0,3406000000.0,7027000000.0,0.6735358957,2281000000,0.0,2579000000.0,2579000000.0,60000000.0,4860000000.0,8266000000.0,101000000.0,190000000.0,1128000000.0,3197000000.0,0.3064315154,2359000000.0,0.2261094604,-288000000.0,2105000000.0,0.2017636346,2969000000.0,-872000000.0,-0.0835809451,-0.32,-0.32,2696611608,2715000000,https://www.sec.gov/Archives/edgar/data/310158/000031015818000005/0000310158-18-000005-index.htm,https://www.sec.gov/Archives/edgar/data/310158/000031015818000005/mrk1231201710k.htm,3.868929425746209,-0.3233687778444066,1.4889055539510234,1.2237579895487865,3.151362240965329,12.81942119415515,0.7794967557671361,12.733016463377918,9.12255955845459,144673212769.19998,162991212769.19998,-41.47741191777523,13.86688514992811,36.03317877190536,43.84036750581818,4.2134556375,4.2134556375,15.62266009481453,50.98255013112292,40.59556980552926,49.39127659672727,-0.0060273770334465,0.0228100277641898,0.7109156570363467,0.2777904224326293,5.729746637472631,1.330503921779306,12.41578947368421,-3.868015414258189,0.008868262309532,-1.4713302752293578,0.0,0.2186331831687913,0.3694806081573197,0.1780821917808219,0.06853254097575,0.6338652482269503,0.0076679766126713,,-0.0133894023622896,-0.0157386517462322,-13.758840869011047,6152000000.0,2102000000.0,-28537000000.0,51058000000.0,7272000000.0,2861000000.0,5179500000.0,59.28975366625132,81.96711685261303,134.6564885496183,1.517968863669431,1.0980012894906512,0.6683673469387755,-0.0253960857409133,0.265147564402237,2018-02-02,0.94,bmo,10007163265.0,2025-04-25,2017-12-31,0.0425531914893617,55.4,12256735.936507937
2017-09-30,MRK,USD,310158,2017-11-07,2017-11-07 16:38:23,2017,Q3,10325000000.0,3307000000.0,7018000000.0,0.6797094431,4413000000,0.0,2459000000.0,2459000000.0,282000000.0,6872000000.0,10179000000.0,90000000.0,189000000.0,1154000000.0,1543000000.0,0.1494430993,536000000.0,0.0519128329,-92000000.0,200000000.0,0.01937046,251000000.0,-56000000.0,-0.0054237288,-0.0205,-0.0205,2727000000,2727000000,https://www.sec.gov/Archives/edgar/data/310158/000031015817000045/0000310158-17-000045-index.htm,https://www.sec.gov/Archives/edgar/data/310158/000031015817000045/mrk0930201710q.htm,3.786211954528786,-0.0205353868720205,-0.4294096076274294,-0.5911257792445911,4.105243857719105,14.11771177117712,1.8412174550788407,14.025669233590026,9.96846351301797,166483350000.0,185577350000.0,-743.2292410714285,16.124295399515738,-142.17194705380015,-103.27751240694788,4.352733476260196,4.352733476260196,17.973593220338984,120.2704795852236,-158.4776686592656,-115.12242555831266,-0.0003363699733336,-0.0096826499466763,0.7057885379627693,0.2944609276146429,12.374594944912507,1.4341706477628808,2.835978835978836,22.96078431372549,0.007706476353341,-22.910714285714285,0.0,0.427409200968523,0.3651773637593263,-0.376601195559351,0.0427118644067796,0.3821490467937608,0.0073607748184019,,-0.0017666675283716,-0.0009622323791195,-12.32022368903557,8452000000.0,5021000000.0,-25258000000.0,54119000000.0,7555000000.0,2777000000.0,5335000000.0,66.86585956416465,71.30329603870577,143.2325370426368,1.345978360057359,1.2622137404580154,0.6283488504655139,-0.0014641288433382,0.1617161716171617,2017-10-27,1.03,bmo,9580855855.0,2025-04-25,2017-09-30,0.0776699029126214,60.58444444444445,8143215.428571428
2017-06-30,MRK,USD,310158,2017-08-08,2017-08-08 16:39:40,2017,Q2,9930000000.0,3116000000.0,6814000000.0,0.686203424,1782000000,0.0,2500000000.0,2500000000.0,184000000.0,4282000000.0,7398000000.0,96000000.0,193000000.0,1162000000.0,3794000000.0,0.3820745217,2817000000.0,0.2836858006,-93000000.0,2439000000.0,0.2456193353,488000000.0,1946000000.0,0.1959718026,0.71,0.71,2727128779,2752000000,https://www.sec.gov/Archives/edgar/data/310158/000031015817000037/0000310158-17-000037-index.htm,https://www.sec.gov/Archives/edgar/data/310158/000031015817000037/mrk0630201710q.htm,3.641192185886137,0.7135709963478772,1.2162975307738484,1.072189924625485,4.388131610120785,14.561835255378677,1.9196013185411809,14.470530436215972,9.196485400002446,166654839684.69,183755839684.69,21.40992287830036,16.782964721519637,50.24264084555019,56.99549920817032,4.22306564844766,4.22306564844766,18.50511980711883,48.433273506771215,55.39820310059994,62.84399442020862,0.011676828609849,0.0175452450437814,0.6306413602615107,0.2681673203741218,4.507380073800738,1.5015993176244802,14.595854922279791,1.7001537672988212,0.0078425565226478,0.671634121274409,0.0,0.1794561933534743,0.3715033834748502,0.1184805547181187,0.0395770392749244,0.338209982788296,0.0082578046324269,15.242355246932496,0.0291785127441184,0.0333636223361393,-12.042793964442996,9409000000.0,5235000000.0,-24925000000.0,55980000000.0,7252500000.0,2709000000.0,5276500000.0,67.42296072507553,84.74326059050064,156.1713735558408,1.3348568355961823,1.0620313565098842,0.5762899944516368,0.0493120137850644,0.1441076061483637,2017-07-28,0.87,bmo,8553564356.0,2025-04-25,2017-06-30,0.160919540229885,60.82904761904762,9457799.206349207
2017-03-31,MRK,USD,310158,2017-05-09,2017-05-09 16:39:34,2017,Q1,9434000000.0,3049000000.0,6385000000.0,0.6768072928,1830000000,0.0,2472000000.0,2472000000.0,161000000.0,4302000000.0,7351000000.0,97000000.0,182000000.0,1193000000.0,3521000000.0,0.3732245071,2328000000.0,0.2467670129,-80000000.0,2003000000.0,0.2123171507,447000000.0,1551000000.0,0.1644053424,0.57,0.56,2740435881,2766000000,https://www.sec.gov/Archives/edgar/data/310158/000031015817000016/0000310158-17-000016-index.htm,https://www.sec.gov/Archives/edgar/data/310158/000031015817000016/mrk0331201710q.htm,3.442518055396896,0.565968359542144,0.1043629599155726,-0.0193399890752634,5.564443271862123,14.628329849984182,1.7759948458359862,14.536738580967368,10.456730696995278,166043010029.79,182809010029.79,26.763863641165376,17.600488661203094,580.5699651391259,-3132.886981694151,4.168060095634461,4.168060095634461,19.37767755244753,51.91962795506674,639.1923427615035,-3449.2266043356603,0.0093409532850659,-0.0003191944062595,0.71476265783066,0.2948809560795766,4.761715421755183,1.5905766029359834,12.791208791208792,0.1838046272493573,0.0077931615415056,0.8343004513217279,0.0,0.1939792240831036,0.3647538861445097,1.1853146853146854,0.0359338562645749,0.2841575859178541,0.0078439686241255,13.605697959850117,0.0221152099426525,0.0252852950766221,-12.170144257427346,11707000000.0,4867000000.0,-24943000000.0,58970000000.0,7042000000.0,2645500000.0,5006000000.0,67.40937036251854,73.32240078714332,151.89898327320432,1.3351259552788,1.2274557165861513,0.5924990283715508,0.0389336546426688,0.1237029489908361,2017-05-02,0.83,bmo,8897977272.0,2025-04-25,2017-03-31,0.0602409638554217,60.626612903225805,11184798.564516127
2016-12-31,MRK,USD,310158,2017-02-28,2017-02-28 16:33:13,2016,Q4,10115000000.0,3332000000.0,6783000000.0,0.6705882353,4649000000,0.0,2593000000.0,2593000000.0,-468000000.0,7242000000.0,10574000000.0,84000000.0,180000000.0,1155000000.0,-21000000.0,-0.0020761246,-816000000.0,-0.0806722689,-897000000.0,1484000000.0,0.1467128028,300000000.0,1177000000.0,0.1163618389,0.43,0.42,2748731322,2776000000,https://www.sec.gov/Archives/edgar/data/310158/000031015817000010/0000310158-17-000010-index.htm,https://www.sec.gov/Archives/edgar/data/310158/000031015817000010/mrk1231201610k.htm,3.6798794844161926,0.4281975435647908,1.3213368549085134,1.1208807406313683,5.217316034207872,14.664219699243487,1.7611761328777844,14.584182775212687,9.103108695903307,154286289103.86002,172613289103.86002,32.77108944432031,15.253216915853685,42.47970514974119,50.07669234140215,3.848690109355917,3.848690109355917,17.06508048481068,-8219.680433517144,47.52568532595265,56.02508572017527,0.0076286752817529,0.0199693700450983,0.6196866892835762,0.2604611174601843,-872.7142857142857,1.7794698907230877,-4.533333333333333,-6.187393526405452,0.0082379322711197,1.0798640611724724,0.0,0.4596144340088977,0.371861140526542,0.1517070484581497,0.0544735541275333,0.477056277056277,0.0074147305981216,11.853712620231484,-0.0082681250081513,0.0196461358704723,-12.016998436924712,13410000000.0,4841000000.0,-24455000000.0,60903000000.0,7191000000.0,2644000000.0,5055000000.0,62.44389520514088,75.81932773109243,131.4345738295318,1.4412938159019664,1.1870324189526185,0.6847513357994246,0.0293604071043703,0.200456114277145,2017-02-02,0.88,bmo,10115000000.0,2025-04-25,2016-12-31,0.0113636363636363,58.48222222222223,11273036.38095238
2016-09-30,MRK,USD,310158,2016-11-07,2016-11-07 16:19:24,2016,Q3,10536000000.0,3409000000.0,7127000000.0,0.6764426727,1664000000,0.0,2393000000.0,2393000000.0,43000000.0,4057000000.0,7466000000.0,87000000.0,170000000.0,1175000000.0,4232000000.0,0.4016704632,3221000000.0,0.3057137434,-183000000.0,2887000000.0,0.2740129081,699000000.0,2184000000.0,0.2072892938,0.79,0.78,2761661188,2786000000,https://www.sec.gov/Archives/edgar/data/310158/000031015816000098/0000310158-16-000098-index.htm,https://www.sec.gov/Archives/edgar/data/310158/000031015816000098/mrk0930201610q.htm,3.8150950760292894,0.79082836427942,1.0758017721035518,0.9277025042508582,4.7315724523988925,15.91686923472091,1.879665768761204,15.839741743149704,9.165860066394211,164346457297.88,181582457297.88,18.81255234636905,15.598562765554291,55.31688229480982,64.14771947614364,3.757005699018837,3.757005699018837,17.23447772379271,42.907007868119095,61.11829596024234,70.8752760725527,0.0132889995677939,0.0155890187237583,0.5747759692757864,0.2556871917425128,4.072778827977316,1.892639022822244,18.94705882352941,1.3572407492005485,0.0077519164145464,0.5833333333333334,0.0,0.1579347000759301,0.3942238267148014,0.1376640861662739,0.0388192862566438,0.3480851063829787,0.0073082763857251,16.78828858759074,0.0289690148089293,0.0366633651731605,-12.009438429345808,13885000000.0,5191000000.0,-24938000000.0,64680000000.0,7140000000.0,2497500000.0,5246000000.0,62.90432801822323,65.50014667057789,138.44529187445,1.4307441607821836,1.374042724707779,0.6500762776506483,0.0499268471104608,0.1480992678526936,2016-10-25,0.98,bmo,9748261682.0,2025-04-25,2016-09-30,0.0918367346938776,58.43640625,10162560.359375
2016-06-30,MRK,USD,310158,2016-08-08,2016-08-08 16:37:27,2016,Q2,9844000000.0,3578000000.0,6266000000.0,0.6365298659,2151000000,0.0,2458000000.0,2458000000.0,107000000.0,4609000000.0,8187000000.0,78000000.0,171000000.0,1550000000.0,3225000000.0,0.3276107273,1846000000.0,0.1875253962,-153000000.0,1504000000.0,0.1527834214,295000000.0,1205000000.0,0.1224095896,0.44,0.43,2765627486,2789000000,https://www.sec.gov/Archives/edgar/data/310158/000031015816000094/0000310158-16-000094-index.htm,https://www.sec.gov/Archives/edgar/data/310158/000031015816000094/mrk0630201610q.htm,3.559409229851717,0.4357058230365013,0.583954277347676,0.4483611788923333,4.278956605654735,15.709274014642189,1.924337253278224,15.677093252608786,8.843201090459512,151915917805.98,169593917805.98,31.51782527095021,15.43233622571922,94.06558378079256,122.51283694030646,3.5038383145969507,3.5038383145969507,17.228150935186918,52.5872613351876,105.01171381175232,136.7692885532097,0.0079320193525669,0.0081624099561684,0.5601402311045506,0.2517336097434569,5.481550387596899,1.8719667515752785,10.7953216374269,1.3358147229114972,0.0085573652766282,1.0788381742738589,0.0,0.2185087362860625,0.3951697330914744,0.2321981424148606,0.0380942706216985,0.2419354838709677,0.008126777732629,12.397117342958303,0.0180523215408416,0.0206508885880276,-12.071039996888432,13008000000.0,5322000000.0,-25103000000.0,63119000000.0,6883000000.0,2377500000.0,5175000000.0,63.23039414872003,63.236444941308,132.00670765790946,1.423366107576634,1.4232299124900556,0.6817835365853658,0.0277925133196485,0.1355930984553427,2016-07-29,0.92,bmo,9632301075.0,2025-04-25,2016-06-30,0.0108695652173913,53.183125,9358625.9375
2016-03-31,MRK,USD,310158,2016-05-09,2016-05-09 16:32:41,2016,Q1,9312000000.0,3572000000.0,5740000000.0,0.6164089347,1659000000,0.0,2318000000.0,2318000000.0,49000000.0,3977000000.0,7549000000.0,79000000.0,172000000.0,1561000000.0,3486000000.0,0.3743556701,1925000000.0,0.2067225086,-139000000.0,1624000000.0,0.1743986254,494000000.0,1125000000.0,0.1208118557,0.41,0.4,2769552710,2795000000,https://www.sec.gov/Archives/edgar/data/310158/000031015816000066/0000310158-16-000066-index.htm,https://www.sec.gov/Archives/edgar/data/310158/000031015816000066/mrk0331201610q.htm,3.3622757806259624,0.406202776332067,0.7791871922885338,0.6784489037581812,4.673317808058616,15.851296074448063,1.7161615963611685,15.816994506668912,9.366494418515687,139723934219.5,155776934219.5,31.049763159888897,15.004718021853522,64.74695746964782,74.36079522059606,3.189607227765603,3.189607227765603,16.72862266102878,44.68644125631096,72.18578972173309,82.90416935577434,0.0080515912057892,0.0134479465561582,0.5882527507647354,0.2609386866487773,4.604991394148021,1.637750455373406,11.19186046511628,1.909734513274336,0.0091537645797372,1.1368888888888888,0.0,0.1781572164948453,0.3964153713736013,0.129286376274328,0.0299613402061855,0.1787315823190262,0.0073024054982817,12.023327714961203,0.016079707745167,0.0188736222255775,-12.356688456021478,11204000000.0,4753000000.0,-26082000000.0,62712000000.0,6667000000.0,2387000000.0,4901000000.0,66.2048969072165,56.464165733482645,128.5498320268757,1.3594160583941606,1.5939312806782686,0.7001176009408075,0.0256814135049993,0.1007382885303526,2016-05-05,0.85,bmo,8893483146.0,2025-04-25,2016-03-31,0.0470588235294118,48.9416393442623,12022820.950819671
2015-12-31,MRK,USD,310158,2016-02-26,2016-02-26 16:04:31,2015,Q4,10215000000.0,3850000000.0,6365000000.0,0.6231032795,1798000000,0.0,2615000000.0,2615000000.0,-565000000.0,4413000000.0,8263000000.0,75000000.0,169000000.0,1560000000.0,3017000000.0,0.2953499755,1457000000.0,0.1426333823,-641000000.0,815000000.0,0.0797846304,-166000000.0,977000000.0,0.0956436613,0.35,0.35,2781128073,2813000000,https://www.sec.gov/Archives/edgar/data/310158/000031015816000063/0000310158-16-000063-index.htm,https://www.sec.gov/Archives/edgar/data/310158/000031015816000063/mrk1231201510k.htm,3.672970007807332,0.3512962993272406,1.527078181415344,1.3498119832901343,4.827897043057176,16.09670566221349,1.5971936147508732,16.063985126656913,9.594308244573964,140085421037.00998,158075421037.00998,35.84580886310389,13.713697605189424,32.984558756065454,37.31630821444059,3.1355855725,3.1355855725,15.474833190113555,52.39490256447132,37.220490001650575,42.10852984470164,0.0069743160477911,0.0267979349471934,0.5934730056406124,0.2605056052820326,5.962877030162413,1.5499661511222205,8.621301775147929,4.324847250509165,0.0090159275008804,1.292732855680655,0.0,0.1760156632403328,0.3962015739985655,0.1160819401930774,0.0482623592755751,0.316025641025641,0.0076358296622613,11.268203799517217,0.0205939852532797,0.0158980701012139,-13.078146365537766,10561000000.0,4442000000.0,-27248000000.0,63393000000.0,6449000000.0,2278000000.0,4911500000.0,57.12775330396476,59.21298701298701,109.87012987012989,1.5754164096236891,1.5199368337939203,0.8191489361702128,0.0218685647775091,0.1772661981252094,2016-02-03,0.91,bmo,9995322580.0,2025-04-25,2015-12-31,0.0219780219780219,50.3821875,11468893.21875
2015-09-30,MRK,USD,310158,2015-11-05,2015-11-05 16:32:00,2015,Q3,10073000000.0,3761000000.0,6312000000.0,0.6266256329,1500000000,0.0,2472000000.0,2472000000.0,432000000.0,3972000000.0,7733000000.0,68000000.0,165000000.0,1570000000.0,4132000000.0,0.4102054999,2903000000.0,0.288196168,-506000000.0,2397000000.0,0.237962871,566000000.0,1826000000.0,0.1812766802,0.65,0.64,2802234464,2836000000,https://www.sec.gov/Archives/edgar/data/310158/000031015815000058/0000310158-15-000058-index.htm,https://www.sec.gov/Archives/edgar/data/310158/000031015815000058/mrk0930201510q.htm,3.594631401978218,0.6516228472165418,1.1794159419773662,1.0666487898851278,4.314057283680599,16.300920064624542,1.496662771755847,16.268089121610345,9.575215901705503,131957220909.76,151076220909.76,18.06643221656079,13.10009142358384,39.92654187889864,44.14761489118769,2.8946239258946638,2.8946239258946638,14.998135700363347,36.56249295976767,45.7114132858578,50.544068554620274,0.0138378179489603,0.0226512803118523,0.5849693991708163,0.2634246088193456,4.627057115198451,1.6246943070010806,17.593939393939394,1.8050245767340247,0.0096394876402396,0.696604600219058,0.0,0.1489129355703365,0.4098012486170381,0.0956127080181543,0.0313709917601509,0.2012738853503184,0.0074456467785168,15.443924935857922,0.0257276659325797,0.0305622039600314,-12.879721687699575,10984000000.0,4194000000.0,-26986000000.0,64951000000.0,6462000000.0,2179000000.0,5214500000.0,57.30765412488832,48.40999734113268,122.5923956394576,1.5704708450265046,1.8591201186356896,0.7341401522545383,0.0400552789172351,0.1127671520922383,2015-10-27,0.91,bmo,9653291666.0,2025-04-25,2015-09-30,0.0549450549450548,53.08453125,12162879.59375
2015-06-30,MRK,USD,310158,2015-08-06,2015-08-06 16:17:10,2015,Q2,9785000000.0,3754000000.0,6031000000.0,0.6163515585,1670000000,0.0,2624000000.0,2624000000.0,78000000.0,4294000000.0,8048000000.0,71000000.0,174000000.0,1608000000.0,2589000000.0,0.2645886561,1888000000.0,0.1929483904,-930000000.0,807000000.0,0.0824731732,119000000.0,687000000.0,0.0702095043,0.24,0.24,2823955757,2850000000,https://www.sec.gov/Archives/edgar/data/310158/000031015815000053/0000310158-15-000053-index.htm,https://www.sec.gov/Archives/edgar/data/310158/000031015815000053/mrk0630201510q.htm,3.464997628148039,0.2432757660232705,0.9153826130569934,0.8194179367945388,4.02626704466461,16.515131260252247,1.4805472747355086,16.447849752909566,9.464029290739346,153284318489.96,172914318489.96,55.78031968339156,15.665234388345423,59.29760870017795,66.24214282193604,3.300127421847228,3.300127421847228,17.671366222785895,66.78807203165701,66.89141914505223,74.72528888935177,0.004481867465425,0.0150961300072685,0.5716500172235618,0.2588368329726462,7.582078022402472,1.6174891478181403,10.850574712643676,3.7572674418604657,0.0084940195632945,1.8951965065502183,0.0,0.1706693919264179,0.4138835273244818,0.1048355899419729,0.0276954522227899,0.1685323383084577,0.0084823709759836,9.488449456137792,0.0183834077766073,0.0114261954261954,-13.115821630062458,10811000000.0,4181000000.0,-27625000000.0,65898000000.0,6590000000.0,2213000000.0,5422500000.0,59.8773633111906,55.98028769312733,127.20831113478955,1.5030721966205838,1.6077087794432547,0.7075009423294384,0.014790733723734,0.0959646762624546,2015-07-28,0.8,bmo,9216104651.0,2025-04-25,2015-06-30,0.0749999999999999,56.04476190476191,11149114.698412698
2015-03-31,MRK,USD,310158,2015-05-07,2015-05-07 16:34:55,2015,Q1,9425000000.0,3569000000.0,5856000000.0,0.6213262599,1737000000,0.0,2601000000.0,2601000000.0,-15000000.0,4338000000.0,7907000000.0,74000000.0,164000000.0,1637000000.0,3182000000.0,0.3376127321,1722000000.0,0.1827055703,-137000000.0,1381000000.0,0.1465251989,423000000.0,953000000.0,0.1011140584,0.34,0.33,2828388471,2865000000,https://www.sec.gov/Archives/edgar/data/310158/000031015815000008/0000310158-15-000008-index.htm,https://www.sec.gov/Archives/edgar/data/310158/000031015815000008/mrk0331201510q.htm,3.3322862459086866,0.3369409859258332,0.8075269799103916,0.7357546607677429,5.515861827312618,16.941449341666477,1.448528037080943,16.887708491865084,10.74746284383366,155023972095.51,177277972095.51,40.667358891791714,16.448166800584616,67.8738932116944,74.49494093969727,3.245555785523082,3.245555785523082,18.809333909337933,55.71275050141736,77.61732578612522,85.18883810452186,0.0061474363423797,0.0134237303551859,0.6329739348895634,0.2790530250588398,6.993714644877436,1.6107523725662851,10.5,2.384133611691023,0.0082567875322623,1.3431269674711437,0.0,0.1842970822281167,0.4044487516728968,0.0888791593695271,0.0215384615384615,0.1240073304825901,0.0066843501326259,11.31497352443807,0.01289580997805,0.0147694691979852,-13.101099930201208,12485000000.0,4097000000.0,-27501000000.0,69215000000.0,6648000000.0,2358000000.0,5555000000.0,63.69230769230769,52.72905575791539,139.6777808910059,1.4130434782608696,1.7068388330942132,0.6443401335981224,0.0199518475871454,0.0717723191426486,2015-04-28,0.75,bmo,8316176470.0,2025-04-25,2015-03-31,0.1333333333333333,56.58295081967213,12045919.24590164
2014-12-31,MRK,USD,310158,2015-02-27,2015-02-27 14:02:50,2014,Q4,10482000000.0,3749000000.0,6733000000.0,0.6423392482,2283000000,0.0,2925000000.0,2925000000.0,10774000000.0,5208000000.0,8957000000.0,76000000.0,165000000.0,1573000000.0,13549000000.0,1.2925968327,12391000000.0,1.1821217325,-580000000.0,11811000000.0,1.1267887808,4484000000.0,7316000000.0,0.6979584049,2.58,2.54,2838140196,2880000000,https://www.sec.gov/Archives/edgar/data/310158/000031015815000005/0000310158-15-000005-index.htm,https://www.sec.gov/Archives/edgar/data/310158/000031015815000005/mrk1231201410k.htm,3.693263643132589,2.5777444011789754,-0.4101277314068244,-0.9351194150805086,5.538486091051437,17.191187408136056,5.430669007021808,17.140449956827997,7.599342707029543,153685291613.4,167647291613.4,5.251684377166485,14.661829003377218,-132.0320374685567,-57.90704280836473,3.1591936113922747,3.1591936113922747,15.993826713737835,12.373407012576571,-144.02688282938144,-63.16778131627731,0.04760377472168,-0.0172690566035181,0.4399654654963307,0.2176539380688462,1.0304819543877777,1.7677182137908984,75.0969696969697,-0.1588644738637914,0.0086930895336474,0.1826134499726626,0.0,0.2178019461934745,0.3394315350587278,-1.2800687285223369,0.1421484449532531,0.94723458359822,0.0065827132226674,31.52987829777955,0.0934304725277697,0.1126283541419708,-9.185592747230166,14407000000.0,15413000000.0,-16371000000.0,60921000000.0,6570500000.0,2452000000.0,5695000000.0,56.89181453921008,63.01680448119499,133.73966391037612,1.581949894355569,1.4281904761904762,0.6729492012206068,0.1503895409788887,0.5249916836736842,2015-02-04,0.85,bmo,10361517241.0,2025-04-25,2014-12-31,0.0235294117647059,55.6759375,11629649.640625
2014-09-30,MRK,USD,310158,2014-11-10,2014-11-10 07:50:49,2014,Q3,10557000000.0,4223000000.0,6334000000.0,0.5999810552,1659000000,0.0,2975000000.0,2975000000.0,325000000.0,4634000000.0,8857000000.0,69000000.0,191000000.0,1611000000.0,3292000000.0,0.3118310126,2118000000.0,0.2006251776,-210000000.0,1490000000.0,0.141138581,648000000.0,895000000.0,0.0847778725,0.31,0.31,2860842886,2911000000,https://www.sec.gov/Archives/edgar/data/310158/000031015814000071/0000310158-14-000071-index.htm,https://www.sec.gov/Archives/edgar/data/310158/000031015814000071/mrk0930201410q.htm,3.690171191036878,0.3128448627430147,1.519831802465506,1.407976656009903,5.014955581870426,15.855467010081728,4.122561241554319,15.807928572838096,9.798510829510825,161694839916.72,178165839916.72,45.16615640131843,15.316362595123614,37.18832564781969,40.142711002164845,3.5754210135485587,3.5754210135485587,16.876559620793785,54.12085052148238,40.97650412068077,44.23183711934459,0.0055351178829266,0.0249111227177972,0.615624447196179,0.273465739431086,5.003341433778858,1.3392602306475874,11.089005235602096,5.157769869513642,0.0079285152244826,1.4324022346368714,0.0,0.1571469167377095,0.3296990413327047,0.0735970561177552,0.0303116415648384,0.1986343885785226,0.007104290991759,10.548561892692794,0.0140551836802634,0.0131150904135283,-11.991308634206485,8796000000.0,11794000000.0,-21725000000.0,55800000000.0,6768500000.0,2302500000.0,5977500000.0,55.54134697357204,48.56973715368221,124.0137343121004,1.6204144282425172,1.8530057042562529,0.7257260697714384,0.0197903767910843,0.111855146455603,2014-10-27,0.88,bmo,10322400000.0,2025-04-25,2014-09-30,0.0227272727272727,56.11265625,8601810.015625
2014-06-30,MRK,USD,310158,2014-08-07,2014-08-07 17:04:54,2014,Q2,10934000000.0,4893000000.0,6041000000.0,0.552496799,1664000000,0.0,2973000000.0,2973000000.0,707000000.0,4637000000.0,9530000000.0,59000000.0,188000000.0,1753000000.0,3832000000.0,0.350466435,2262000000.0,0.2068776294,-420000000.0,1891000000.0,0.1729467715,-142000000.0,2004000000.0,0.1832815072,0.69,0.68,2899710364,2949000000,https://www.sec.gov/Archives/edgar/data/310158/000031015814000063/0000310158-14-000063-index.htm,https://www.sec.gov/Archives/edgar/data/310158/000031015814000063/mrk0630201410q.htm,3.7707214264382993,0.6911035063638514,0.7983555974213155,0.6942072646259646,4.619426880111671,16.73132620496438,6.171995735226472,16.67683800436284,8.01976648727114,159948023678.24,173272023678.24,19.953595768243517,14.628500427861717,69.09201886749027,79.45753784313959,3.307581448327888,3.307581448327888,15.847084660530454,45.21712517699373,74.84752642688552,86.07651449490312,0.0125290700936158,0.0125853383724794,0.4770048389097978,0.2357142857142857,3.477035490605428,1.873438197233378,12.03191489361702,1.1387112641416626,0.0083714694886984,0.6681636726546906,0.0,0.1521858423266874,0.3128857551604332,0.1304535637149028,0.0276202670568867,0.1722760981175128,0.0071337113590634,16.103477184981962,0.028810427012355,0.0298032450439464,-9.523192503235816,15659000000.0,17897000000.0,-15757000000.0,60171000000.0,7105000000.0,2380000000.0,6256000000.0,57.79952441924273,42.78356836296751,112.8632740649908,1.5571062375391629,2.103611349957008,0.7974250325945241,0.0414409198064436,0.1041483327953508,2014-07-29,0.81,bmo,10419458823.0,2025-04-25,2014-06-30,0.0493827160493826,54.5152380952381,10375626.825396825
2014-03-31,MRK,USD,310158,2014-05-08,2014-05-08 16:55:35,2014,Q1,10264000000.0,3903000000.0,6361000000.0,0.6197388932,1574000000,0.0,2734000000.0,2734000000.0,200000000.0,4308000000.0,8211000000.0,61000000.0,188000000.0,1754000000.0,4033000000.0,0.3929267342,2438000000.0,0.2375292284,-347000000.0,2091000000.0,0.2037217459,360000000.0,1705000000.0,0.1661145752,0.58,0.57,2929538434,2971000000,https://www.sec.gov/Archives/edgar/data/310158/000031015814000033/0000310158-14-000033-index.htm,https://www.sec.gov/Archives/edgar/data/310158/000031015814000033/mrk0331201410q.htm,3.50362360188786,0.5820029463385425,0.8059290066306739,0.7359521127893829,7.002126943250747,17.942758282310354,6.802095432075154,17.059001315700097,9.672513482374749,158575915432.42,170895915432.42,23.251600503287392,15.449718962628609,67.16472487607794,73.55098118386829,3.17310486107894,3.17310486107894,16.65003073191933,42.374390139454505,72.38285278797967,79.265266898154,0.0107519480202945,0.0135960116901788,0.5632416208104052,0.2595242485709017,3.0547979171832385,1.8353360035603024,12.96808510638298,1.3639514731369151,0.0081349049537712,0.7565982404692082,0.0,0.1533515198752922,0.3009127789046653,0.0868276154171961,0.0199727201870615,0.1168757126567845,0.0054559625876851,14.946195272206802,0.0213461617747551,0.0224865805890033,-9.14956420742422,18770000000.0,19927000000.0,-14656000000.0,65703000000.0,7186000000.0,2354000000.0,6301000000.0,63.028059236165234,56.1260568793236,147.02536510376635,1.4279354479688369,1.6035332785538208,0.6121392722710163,0.0341170585292646,0.069976893841291,2014-04-29,0.79,bmo,9214272727.0,2025-04-25,2014-03-31,0.1139240506329113,51.74540983606557,13549042.75409836
2013-12-31,MRK,USD,310158,2014-02-27,2014-02-27 16:59:59,2013,Q4,11320000000.0,4607000000.0,6713000000.0,0.5930212014,1835000000,0.0,2982000000.0,2982000000.0,-21000000.0,4817000000.0,9424000000.0,75000000.0,201000000.0,1954000000.0,3957000000.0,0.3495583039,2003000000.0,0.1769434629,-671000000.0,1225000000.0,0.1082155477,410000000.0,781000000.0,0.0689929329,0.27,0.26,2927526714,2959000000,https://www.sec.gov/Archives/edgar/data/310158/000031015814000009/0000310158-14-000009-index.htm,https://www.sec.gov/Archives/edgar/data/310158/000031015814000009/mrk1231201310k.htm,3.866745244668671,0.2667780950606212,1.0336370238840458,0.8870969434986341,5.97296001309862,17.873790783792657,5.541879403666477,16.998990909976715,8.628785479291103,139701574792.08,149140574792.08,44.718813953930855,12.341128515201412,46.16707693062789,53.79344427881401,2.807225455482367,2.807225455482367,13.174962437462897,37.69031457975233,49.28637633578321,57.42802263845976,0.0055904881613709,0.0185896258067609,0.5035667637898121,0.2372095224572862,2.385392974475613,1.9971457353928808,9.965174129353231,3.712883435582822,0.0098781993120254,1.7669654289372598,0.0,0.1621024734982332,0.3417293766860713,0.1417713152676801,0.0378975265017667,0.2195496417604913,0.0058303886925795,10.101314978289665,0.0144381044363399,0.0112304617287146,-9.33620857131485,17817000000.0,16224000000.0,-17634000000.0,68892000000.0,7381000000.0,2371500000.0,6483500000.0,57.11660777385159,44.423703060560015,121.62795745604517,1.5757238307349666,2.0259454705365,0.7399614519755863,0.0156937606751733,0.1465400803854116,2014-02-05,0.89,bmo,11448636363.0,2025-04-25,2013-12-31,-0.0112359550561797,45.67828125,13547929.921875
2013-09-30,MRK,USD,310158,2013-11-07,2013-11-07 16:59:25,2013,Q3,11032000000.0,4104000000.0,6928000000.0,0.627991298,1660000000,0.0,2803000000.0,2803000000.0,-13000000.0,4463000000.0,8567000000.0,67000000.0,215000000.0,1705000000.0,3445000000.0,0.3122733865,2621000000.0,0.2375815809,-940000000.0,1525000000.0,0.1382342277,375000000.0,1124000000.0,0.1018854242,0.38,0.38,2927000000,2960000000,https://www.sec.gov/Archives/edgar/data/310158/000031015813000011/0000310158-13-000011-index.htm,https://www.sec.gov/Archives/edgar/data/310158/000031015813000011/mrk0930201310q.htm,3.7690468056030064,0.3840109326955928,1.3491629654936796,1.2278783737615306,6.207379569525111,17.084386744106595,4.401434916296549,16.200546634779638,9.16911513495046,132885800000.0,145418800000.0,29.55645017793594,12.045485859318347,33.650493795897695,36.97434613244296,2.8023745755920624,2.8023745755920624,13.181544597534446,42.21155297532656,36.82420866042036,40.46154702281581,0.0084583905880086,0.0270457791577429,0.5614416162297813,0.2501714919328315,3.6380261248185777,2.073291243480648,12.190697674418605,3.430929626411816,0.0094743004895933,1.1201067615658362,0.0,0.1504713560551124,0.3488380834249523,0.0898961762471511,0.0321791153009427,0.2082111436950146,0.0061638868745467,11.831175259732396,0.0214416554922834,0.0162202724543985,-9.972668261018107,19550000000.0,12883000000.0,-18648000000.0,71996000000.0,7678500000.0,2361000000.0,6753500000.0,61.82197244379986,54.14473684210526,147.82894736842104,1.4557930852467669,1.6622114216281896,0.6088117489986649,0.0237035787342626,0.1212845917321489,2013-10-28,0.88,bmo,10552347826.0,2025-04-25,2013-09-30,0.0454545454545455,45.62484375,12475823.984375
2013-06-30,MRK,USD,310158,2013-08-07,2013-08-07 17:01:07,2013,Q2,11010000000.0,4284000000.0,6726000000.0,0.6108991826,2101000000,0.0,3140000000.0,3140000000.0,-10000000.0,5241000000.0,9525000000.0,65000000.0,201000000.0,1655000000.0,3101000000.0,0.2816530427,1656000000.0,0.1504087193,-240000000.0,1245000000.0,0.1130790191,310000000.0,906000000.0,0.0822888283,0.31,0.3,2926472850,3010000000,https://www.sec.gov/Archives/edgar/data/310158/000031015813000004/0000310158-13-000004-index.htm,https://www.sec.gov/Archives/edgar/data/310158/000031015813000004/mrk0630201310q.htm,3.7622081475999343,0.3095877004292044,0.7989139554122294,0.6577884363424045,6.1842364264544605,17.121293300226586,3.954931616741294,16.231143234422966,9.673419659437467,129262305784.5,142280305784.5,35.66840667342715,11.7404455753406,55.28755593862276,67.14924975818182,2.721311700726316,2.721311700726316,12.922825230199818,45.88207216526927,60.8555627820787,73.91184716077922,0.0070090038584832,0.0148921991474395,0.5917473684210526,0.2629963696246117,4.1980006449532405,2.010379306597109,8.238805970149254,2.5005347593582887,0.0103046281892932,1.4701986754966887,0.0,0.1908265213442325,0.3605206033159923,0.1766467065868263,0.037511353315168,0.2495468277945619,0.0068119891008174,10.633045281519587,0.0132225764502254,0.0132562733191894,-10.065273627944302,18593000000.0,11574000000.0,-19776000000.0,72807000000.0,7872000000.0,2168500000.0,6769500000.0,63.58855585831063,47.33193277310925,142.14285714285714,1.4153490165831084,1.9014647137150469,0.6331658291457286,0.0190736842105263,0.1411255190698249,2013-07-30,0.82,bmo,10878928571.0,2025-04-25,2013-06-30,0.024390243902439,44.63234375,19808270.359375
2013-03-31,MRK,USD,310158,2013-05-09,2013-05-09 17:05:03,2013,Q1,10671000000.0,3959000000.0,6712000000.0,0.628994471,1907000000,0.0,2987000000.0,2987000000.0,57000000.0,4894000000.0,8853000000.0,57000000.0,184000000.0,1674000000.0,3408000000.0,0.3193702558,2065000000.0,0.1935151345,-268000000.0,1550000000.0,0.1452534908,-66000000.0,1593000000.0,0.1492831037,0.53,0.52,3017375569,3053000000,https://www.sec.gov/Archives/edgar/data/310158/000119312513211374/0001193125-13-211374-index.htm,https://www.sec.gov/Archives/edgar/data/310158/000119312513211374/d508920d10q.htm,3.5365170016063057,0.5279422344259062,0.7758397807853398,0.6595135257423436,5.309912416805944,18.42859754393405,5.067648905591043,17.574544098789314,6.962673197146179,127604812813.01,135405812813.01,20.025865162117075,11.958093225846689,54.508676981208886,64.12302151407538,2.406321311226121,2.406321311226121,12.68913998809952,39.73175258597711,57.84101358949594,68.04312201658794,0.0124838551531309,0.0155950230726494,0.3927096494371004,0.1960922787193973,2.289025821596244,1.8744814381448784,11.222826086956522,1.448638613861386,0.0102347236848643,0.8198367859384809,0.0,0.1787086496110955,0.3796139359698682,0.1499359248184536,0.0328928872645487,0.2096774193548387,0.0062786992784181,14.448624218656866,0.023367367445873,0.0241784928284131,-8.355522679715843,16442000000.0,15291000000.0,-15350000000.0,72559000000.0,7818500000.0,1918500000.0,6654000000.0,67.17739668259769,47.37559989896439,153.97069967163426,1.3397363465160077,1.8997120921305184,0.584526797578621,0.0300401667012389,0.1163262550429962,2013-05-01,0.78,bmo,9917752941.0,2025-04-25,2013-03-31,0.0897435897435896,40.844166666666666,17467952.433333334
2012-12-31,MRK,USD,310158,2013-02-28,2013-02-28 16:54:26,2012,Q4,11737000000.0,4160000000.0,7577000000.0,0.6455653063,2224000000,0.0,3390000000.0,3390000000.0,14000000.0,5614000000.0,9774000000.0,55000000.0,190000000.0,1661000000.0,3462000000.0,0.2949646417,1801000000.0,0.1534463662,-629000000.0,1828000000.0,0.1557467837,385000000.0,1401000000.0,0.1193661072,0.46,0.46,3026635301,3074000000,https://www.sec.gov/Archives/edgar/data/310158/000119312513084618/0001193125-13-084618-index.htm,https://www.sec.gov/Archives/edgar/data/310158/000119312513084618/d438975d10k.htm,3.8779036232485935,0.4628902595357655,0.597693418629693,0.3406422966319588,5.332984781703635,18.32496963928063,4.706876971696301,17.51780268421577,6.85877151870304,118159842151.04,125277842151.04,21.084911161855818,10.067295062711084,65.31776791102266,114.60702439480116,2.2285900066208977,2.2285900066208977,10.673753271793473,36.18655174784517,69.25253850250967,121.51100111643063,0.0118568201725349,0.0087254686637284,0.3879479441720105,0.1938058267063656,2.0560369728480645,1.8997710922171351,9.478947368421052,1.9062170706006325,0.011848357060349,0.9992862241256244,0.0,0.1894862400954247,0.3883560094976067,0.4300718629076838,0.0662861037743886,0.4683925346177002,0.0066456505069438,13.507348192644692,0.0154365035740842,0.0215820688592775,-8.427345042718775,16509000000.0,14246000000.0,-15812000000.0,73756000000.0,7812000000.0,1778500000.0,6633000000.0,58.82934310300759,37.92548076923077,141.38221153846155,1.5298488008342024,2.373074729035938,0.6365723029839326,0.0264239909468125,0.2570511219977342,2013-02-01,0.81,bmo,11454180722.0,2025-04-25,2012-12-31,0.0246913580246912,42.52967741935484,12153294.064516127
2012-09-30,MRK,USD,310158,2012-11-09,2012-11-09 17:02:13,2012,Q3,11488000000.0,4137000000.0,7351000000.0,0.6398850975,1918000000,0.0,3063000000.0,3063000000.0,-19000000.0,4981000000.0,9118000000.0,47000000.0,178000000.0,1723000000.0,4119000000.0,0.3585480501,2556000000.0,0.2224930362,-152000000.0,2507000000.0,0.2182277159,740000000.0,1729000000.0,0.1505048747,0.57,0.56,3044404255,3074000000,https://www.sec.gov/Archives/edgar/data/310158/000119312512463586/0001193125-12-463586-index.htm,https://www.sec.gov/Archives/edgar/data/310158/000119312512463586/d400394d10q.htm,3.773480470319471,0.5679272051864873,1.0310720052518123,0.8950848086368871,5.950917973605315,19.12098234142036,5.163243342004855,18.31130012002956,6.496509117512057,131244267433.05,133484267433.05,18.97690390876952,11.424466176275244,41.81085295732718,48.16303392038533,2.3542839512987244,2.3542839512987244,11.619452248698645,32.4069598040908,42.524456015626,48.98505226900917,0.0131739087262001,0.0207628116130106,0.3515884262830286,0.1843820848345735,0.5438213158533625,2.3249053455688893,14.359550561797754,1.7804878048780488,0.0097299487815833,0.7385772122614228,0.0,0.1669568245125348,0.3997422413712006,0.1318891366677285,0.0360376044568245,0.2402785838653511,0.0076601671309192,15.296680154897532,0.0194242023764234,0.0270969157472417,-6.7804727201053,20646000000.0,15719000000.0,-11860000000.0,79023000000.0,8052000000.0,1739000000.0,6490000000.0,62.298050139275766,39.24583031182016,146.43219724438,1.4446680080482897,2.293237250554324,0.6146189273510623,0.0310151218899671,0.1359871966149252,2012-10-26,0.93,bmo,11125221052.0,2025-04-25,2012-09-30,0.0215053763440859,41.64190476190476,13447576.46031746
2012-06-30,MRK,USD,310158,2012-08-07,2012-08-07 17:05:43,2012,Q2,12311000000.0,4112000000.0,8199000000.0,0.6659897653,2165000000,0.0,3249000000.0,3249000000.0,6000000.0,5414000000.0,9526000000.0,76000000.0,172000000.0,1804000000.0,4656000000.0,0.3781983592,3009000000.0,0.2444155633,-105000000.0,2507000000.0,0.203639022,740000000.0,1792000000.0,0.1455608805,0.57,0.56,3038908996,3074000000,https://www.sec.gov/Archives/edgar/data/310158/000119312512341189/0001193125-12-341189-index.htm,https://www.sec.gov/Archives/edgar/data/310158/000119312512341189/d351112d10q.htm,4.051124932074142,0.5896853121823461,0.9608711560114122,0.8190439408604127,5.74219235356135,18.978192527618557,4.572364627663895,18.162439241402016,6.301932708484436,120978967130.76,123205967130.76,16.877646084090404,9.826900099972384,41.43115312697261,48.605450835982325,2.191886203767801,2.191886203767801,10.007795234405004,26.4617626999055,42.19382435984931,49.50018767808759,0.0148124921422342,0.0205738241863956,0.3438598398376635,0.1798531153755034,0.478307560137457,2.1073202459791864,17.49418604651163,1.6043956043956045,0.0105803515301673,0.7142857142857143,0.0,0.1758589878970027,0.4148590381426202,0.1476027397260274,0.0350093412395418,0.2389135254988913,0.0075542198034278,15.523459093137983,0.0229191429825633,0.0290216528738238,-6.96417695556422,18727000000.0,13895000000.0,-12213000000.0,78372000000.0,8439000000.0,2016000000.0,6294000000.0,59.595483713751925,36.63910505836576,136.77285992217898,1.510181550539745,2.4563918757467142,0.6580252840454472,0.0324672971699822,0.1418272151509995,2012-07-27,1.01,bmo,11842009523.0,2025-04-25,2012-06-30,0.0396039603960396,36.7531746031746,15276502.253968254
2012-03-31,MRK,USD,310158,2012-05-08,2012-05-08 07:40:16,2012,Q1,11731000000.0,4037000000.0,7694000000.0,0.6558690649,1862000000,0.0,3074000000.0,3074000000.0,45000000.0,4936000000.0,8973000000.0,55000000.0,175000000.0,1790000000.0,4472000000.0,0.3812121729,2968000000.0,0.2530048589,-251000000.0,2507000000.0,0.2137072713,740000000.0,1736000000.0,0.1479839741,0.57,0.56,3041984306,3074000000,https://www.sec.gov/Archives/edgar/data/310158/000119312512216683/0001193125-12-216683-index.htm,https://www.sec.gov/Archives/edgar/data/310158/000119312512216683/d318209d10q.htm,3.856364405582834,0.5706801302610007,0.7080904381233846,0.5992798833328367,5.117054670301116,18.840991351255184,3.99673330859058,18.034281074953057,6.026658311103069,111397465285.72,114899465285.72,16.04226170589286,9.495990562247036,51.716557699962856,61.10667322310477,2.0305772017083483,2.0305772017083483,9.79451583715966,25.69308257730769,53.34237014193128,63.027682548392754,0.0155838375276078,0.0163648247769753,0.3309879693765949,0.1720990626392061,0.7830948121645797,2.0711615004221446,16.96,1.2190152801358234,0.0114814102521949,0.7367511520737328,0.0,0.1587247463984315,0.427982446995043,0.1536675951717734,0.0282158383769499,0.1849162011173184,0.006478561077487,15.217280707895824,0.0227737135980064,0.0287641045184166,-7.532911972886424,17762000000.0,12158000000.0,-13851000000.0,79042000000.0,8493500000.0,2190500000.0,6296500000.0,66.94569942886369,52.56873916274461,141.32028734208572,1.3443731377492552,1.7120441051738762,0.6368512383656728,0.0316441851986875,0.1088105547905479,2012-04-27,,bmo,,2025-04-25,2012-03-31,,36.517580645161296,15283984.129032258
2011-12-31,MRK,USD,310158,2012-02-28,2012-02-28 13:09:51,2011,Q4,12294000000.0,4176000000.0,8118000000.0,0.6603221083,2419000000,0.0,0.0,3704000000.0,0.0,6123000000.0,10299000000.0,62000000.0,192000000.0,1861000000.0,4174000000.0,0.3395152107,2313000000.0,0.1881405564,-414000000.0,1580000000.0,0.1285179762,37000000.0,1512000000.0,0.1229868228,0.5,0.49,3040838643,3069000000,https://www.sec.gov/Archives/edgar/data/310158/000119312512084319/0001193125-12-084319-index.htm,https://www.sec.gov/Archives/edgar/data/310158/000119312512084319/d274705d10k.htm,4.042963617389152,0.4972312501620626,1.0631935395330347,0.8648929814326882,4.923641717874604,18.726084046281965,3.448390799735045,17.928277820823524,5.823064647235213,109318149215.85,113302149215.85,18.07509080949901,8.891991964848707,33.81322277013609,41.56583620374525,2.005212121280518,2.005212121280518,9.216052482174232,27.14474106752516,35.04551475900093,43.08066510108365,0.0138311891561074,0.0240582192331763,0.321275932278005,0.1666064226466783,0.9544801149976042,2.0425361649738383,12.046875,2.0952689565780944,0.0117546812603161,0.8498677248677249,0.0,0.1967626484463966,0.4419089110417776,0.1865140736158367,0.0490483162518301,0.3240193444384739,0.0066699202863185,14.162494478984602,0.0248570511607032,0.0257708237459733,-7.856467509381096,16936000000.0,10486000000.0,-15004000000.0,79690000000.0,8198500000.0,2152500000.0,6246500000.0,60.47584187408492,43.59913793103448,134.7844827586207,1.488197554775451,2.064260998517054,0.6677326511032939,0.0277344681475503,0.1983005581003463,2012-02-02,0.95,bmo,12040515463.0,2025-04-25,2011-12-31,0.0210526315789473,32.94777777777778,17833766.444444444
2011-09-30,MRK,USD,310158,2011-11-08,2011-11-08 17:12:56,2011,Q3,12022000000.0,4352000000.0,7670000000.0,0.6379970055,1954000000,0.0,0.0,3340000000.0,0.0,5294000000.0,9646000000.0,32000000.0,176000000.0,1903000000.0,4431000000.0,0.3685742805,2569000000.0,0.2136915655,-24000000.0,2352000000.0,0.1956413242,628000000.0,1692000000.0,0.140741973,0.55,0.55,3070000000,3091000000,https://www.sec.gov/Archives/edgar/data/310158/000095012311096564/0000950123-11-096564-index.htm,https://www.sec.gov/Archives/edgar/data/310158/000095012311096564/y92563e10vq.htm,3.915960912052117,0.5511400651465798,1.4908794788273616,1.3504885993485345,5.073615635179153,18.760912052117263,3.109446254071661,17.960912052117266,5.968403908794788,95722600000.0,99616600000.0,14.143410165484635,7.962285809349526,20.913830019663536,23.08794018330921,1.735992020311933,1.735992020311933,8.286191981367493,22.481742270367864,21.76460563688005,24.02715870718765,0.0176760764960416,0.0433126555275347,0.3291077257889009,0.1703399853567875,0.8788083953960731,2.055625866329175,14.596590909090908,2.6548723897911835,0.0122750531222511,0.6944444444444444,0.0,0.1625353518549326,0.4510297182120262,0.0941664845968975,0.035850939943437,0.2264844981607987,0.0072367326567958,14.924041355013651,0.0203803143405507,0.028930989672389,-7.863355048859935,17516000000.0,9546000000.0,-14829000000.0,81949000000.0,8305500000.0,2212500000.0,6232000000.0,60.90833471968059,47.1920955882353,129.0234375,1.477630285152409,1.907099035933392,0.6975476839237057,0.0306855277475516,0.1403908794788273,2011-10-28,0.91,bmo,11638319148.0,2025-04-25,2011-09-30,0.0329670329670328,31.6025,18352689.78125
2011-06-30,MRK,USD,310158,2011-08-08,2011-08-08 07:43:43,2011,Q2,12151000000.0,4284000000.0,7867000000.0,0.647436425,1936000000,0.0,0.0,3525000000.0,0.0,5406000000.0,9690000000.0,39000000.0,170000000.0,1832000000.0,3674000000.0,0.3023619455,2500000000.0,0.2057443832,-789000000.0,1672000000.0,0.1376018435,-382000000.0,2024000000.0,0.1665706526,0.66,0.65,3083012450,3110000000,https://www.sec.gov/Archives/edgar/data/310158/000095012311074096/0000950123-11-074096-index.htm,https://www.sec.gov/Archives/edgar/data/310158/000095012311074096/y91416e10vq.htm,3.941275034422907,0.6565007546434009,0.9250692451793376,0.8066785458488823,4.53485032147697,18.78746873046199,2.7489347310290624,18.000576027514906,5.992839892683534,103743368942.5,109707368942.5,12.814151302186264,8.537846180767016,36.37565530943198,41.7142617380378,1.869384621279011,1.869384621279011,9.02866998127726,29.860470588595536,38.46681940480365,44.11233170184962,0.0195096806729093,0.0239726165185403,0.3298616116476863,0.1723809972220914,1.623298856831791,2.053416227875404,14.705882352941176,1.3885102239532618,0.0113356642644967,0.5810276679841897,0.0,0.1593284503333059,0.4656245585950374,0.1279803646563815,0.0300386799440375,0.199235807860262,0.0088058596000329,16.306174115554743,0.0330393442935165,0.0356664552054697,-8.051621718232115,16605000000.0,8475000000.0,-15905000000.0,82723000000.0,8215000000.0,2272500000.0,6141000000.0,62.7726113077113,45.02100840336134,130.77731092436974,1.4337463126843657,1.999066728884741,0.6881927710843373,0.0364710970160011,0.1183906993304551,2011-07-29,0.95,bmo,12151000000.0,2025-04-25,2011-06-30,0.0,33.80539682539682,14322948.523809524
2011-03-31,MRK,USD,310158,2011-05-09,2011-05-09 07:58:35,2011,Q1,11580000000.0,4059000000.0,7521000000.0,0.6494818653,2158000000,0.0,0.0,3164000000.0,0.0,5322000000.0,9381000000.0,41000000.0,186000000.0,1831000000.0,3746000000.0,0.3234887737,2378000000.0,0.2053540587,-470000000.0,1729000000.0,0.1493091537,658000000.0,1043000000.0,0.0900690846,0.34,0.34,3085291294,3104000000,https://www.sec.gov/Archives/edgar/data/310158/000095012311047041/0000950123-11-047041-index.htm,https://www.sec.gov/Archives/edgar/data/310158/000095012311047041/y90523e10vq.htm,3.753292281516418,0.3380556001400365,0.5578079461562828,0.4527935507148908,4.222939994462643,18.42257167436197,2.18002106092223,17.626860745940316,5.844504872219693,97124969935.12,103275969935.12,23.280194135934806,8.387303103205527,56.43519461657176,69.52395843602004,1.7859107446145923,1.7859107446145923,8.91847754189292,27.56966629341164,60.00927945097036,73.92696487839656,0.0107387420628982,0.0143835308359241,0.3281479847013827,0.1685731828271855,1.6420181526962092,1.9808453581918013,12.78494623655914,1.6069094304388425,0.0120978158426705,1.1265580057526363,0.0,0.1863557858376511,0.473367024040051,0.1882626380011621,0.0279792746113989,0.1769524849808847,0.0080310880829015,11.579046905130337,0.0159408272901789,0.0187078490457741,-8.751928886751008,15362000000.0,6726000000.0,-18002000000.0,82308000000.0,7649500000.0,2355000000.0,5962500000.0,61.82642487046632,53.25942350332594,134.30155210643017,1.4556882463859209,1.689841798501249,0.6701337295690936,0.0191784348337746,0.1050143954413919,2011-04-29,0.84,bmo,10573043478.0,2025-04-25,2011-03-31,0.0952380952380953,31.8808064516129,20136131.48387097
2010-12-31,MRK,USD,310158,2011-02-28,2011-02-28 08:05:34,2010,Q4,12093700000.0,4440100000.0,7653600000.0,0.6328584304,4517000000,0.0,0.0,3578200000.0,0.0,8095200000.0,12535300000.0,26300000.0,176400000.0,1866000000.0,1620900000.0,0.1340284611,-245100000.0,-0.0202667505,-259600000.0,-701200000.0,-0.0579806015,-201200000.0,-531700000.0,-0.0439650396,-0.17,-0.17,3079918606,3079918606,https://www.sec.gov/Archives/edgar/data/310158/000095012311019286/0000950123-11-019286-index.htm,https://www.sec.gov/Archives/edgar/data/310158/000095012311019286/y87773e10vk.htm,3.9266297415912943,-0.1726344322749937,1.1490888080955994,0.9347000256408724,3.961468324595069,18.443669222082036,1.614003691628726,17.655012016898734,5.863271829593279,105856802488.22,112838802488.22,-49.77280538283807,8.753053448342524,29.91065595440083,36.77115551209531,1.9467559674897013,1.9467559674897013,9.33037883263352,69.6149068346104,31.88347390246673,39.19647161602751,-0.0050228231677333,0.0271952291428825,0.3288583198469913,0.1690473714561216,4.307483496822753,1.858193210152804,-1.3894557823129252,-7.0782,0.0122221715524042,-2.43332706413391,0.0,0.3735002521974251,0.4900123840765354,0.1865728575061456,0.0545986753433605,0.3538585209003215,0.009054300999694,,-0.0018886083827273,-0.009855969748086,-9.199269079645282,13423000000.0,4971000000.0,-19912000000.0,82339000000.0,7320750000.0,2275000000.0,6066000000.0,54.65324921239984,46.78273011869102,118.94326704353504,1.646745642701525,1.923786828422877,0.756663258350375,-0.0097782109754303,0.2143887824547269,2011-02-03,0.83,bmo,11406557954.0,2025-04-25,2010-12-31,0.0843373493975904,34.37203125,13780135.765625
2010-09-30,MRK,USD,310158,2010-11-08,2010-11-08 07:47:43,2010,Q3,11125000000.0,4191000000.0,6934000000.0,0.6232808989,2322000000,0.0,0.0,3192000000.0,0.0,5514000000.0,9705000000.0,23000000.0,173000000.0,1880000000.0,2551000000.0,0.2293033708,1679000000.0,0.1509213483,-922000000.0,497700000.0,0.0447370787,126000000.0,342000000.0,0.030741573,0.11,0.11,3079918606,3101600000,https://www.sec.gov/Archives/edgar/data/310158/000095012310102135/0000950123-10-102135-index.htm,https://www.sec.gov/Archives/edgar/data/310158/000095012310102135/y86670e10vq.htm,3.6121084428424015,0.1110418955013124,0.8415482133036603,0.7318375218127436,3.449441806450128,18.05015232925282,0.0513000569859864,18.05015232925282,5.948533823039608,108105143070.6,116379143070.6,79.02422739078948,9.717316231065167,41.70884026027239,47.96146542617569,1.944581927051967,1.944581927051967,10.46104656814382,45.620989051587614,44.901093047802775,51.63227287959184,0.0031635867664191,0.0208500718465169,0.3264439767596639,0.1682863501483679,3.24343394747158,1.6022628874906195,9.705202312138727,6.97497308934338,0.0109245496232193,3.453216374269006,0.0,0.2087191011235955,0.5140485905044511,0.1303676839384235,0.0303730337078651,0.1797436033831586,0.0113258426966292,6.715450126117566,0.0132505226386224,0.0065260948382787,-10.720372588963151,10433000000.0,158000000.0,-24491000000.0,82984000000.0,6786800000.0,2206750000.0,6254100000.0,59.03595505617978,48.14602720114531,134.51682176091626,1.524494689962316,1.869313113291704,0.6690613026819924,0.0061518536506394,0.1097106914909166,2010-10-29,0.82,bmo,10732352941.0,2025-04-25,2010-09-30,0.0365853658536585,33.940625,13310369.703125
2010-06-30,MRK,USD,310158,2010-08-06,2010-08-06 16:24:30,2010,Q2,11346000000.0,4549000000.0,6797000000.0,0.59906575,2179000000,0.0,0.0,3175000000.0,0.0,5354000000.0,9903000000.0,22000000.0,185000000.0,1948000000.0,3374000000.0,0.2973735237,1508000000.0,0.1329102767,-202000000.0,1240800000.0,0.1093601269,460600000.0,752000000.0,0.0662788648,0.24,0.24,3114300000,3125500000,https://www.sec.gov/Archives/edgar/data/310158/000095012310074336/0000950123-10-074336-index.htm,https://www.sec.gov/Archives/edgar/data/310158/000095012310074336/y83714e10vq.htm,3.643194297273866,0.2414667822624666,1.0676235430112706,0.9594130302154578,3.192563336865428,18.516424236586072,0.6931894807821982,17.734868188678032,5.833606267861157,103830762000.00002,113147762000.00002,34.51820545212767,9.151309888947647,31.228236037174053,34.75041400314603,1.8799124777980765,1.8799124777980765,9.972480345496212,33.535199170124486,34.03042557670908,37.86865758559524,0.0072425549568826,0.0287766355793478,0.3255847638222253,0.1693747321525282,2.7614107883817427,1.7025018481771137,8.151351351351352,4.261599589848757,0.0114513269198582,1.5811170212765957,0.0,0.1920500616957518,0.5228090665486176,0.1013564317723841,0.0297020976555614,0.1730245931098218,0.0125154239379517,9.81598619578308,0.0099919926110793,0.0148430036554844,-9.868357255241948,10833000000.0,2158800000.0,-22251200000.0,83674100000.0,6886900000.0,2123200000.0,6534800000.0,49.78397673188789,42.96218949219608,123.53879973620576,1.8078105830053697,2.0948653004835367,0.7285160629063772,0.0136153694345819,0.1082105127958128,2010-07-30,0.83,bmo,10950498837.0,2025-04-25,2010-06-30,0.0481927710843373,33.142539682539685,20516832.285714287
2010-03-31,MRK,USD,310158,2010-05-07,2010-05-07 08:20:51,2010,Q1,11422000000.0,5216000000.0,6206000000.0,0.543337419,2051000000,0.0,0.0,3222000000.0,0.0,5273000000.0,10489000000.0,12000000.0,181000000.0,1687000000.0,2484000000.0,0.2174750482,1083000000.0,0.0948170198,-317000000.0,615800000.0,0.0539135003,285600000.0,299000000.0,0.0261775521,0.0958,0.09,3117641862,3141000000,https://www.sec.gov/Archives/edgar/data/310158/000095012310045997/0000950123-10-045997-index.htm,https://www.sec.gov/Archives/edgar/data/310158/000095012310045997/y84066e10vq.htm,3.663666484344891,0.0959058202433131,0.4381837492788965,0.3282288490133188,3.136120321956339,19.35539830135884,0.8025617151531563,18.564704530516725,6.185604650442047,111019226705.82,121886726705.82,92.8254403894816,9.71977120520224,81.26727670435547,108.49137760756376,1.9181560332115253,1.9181560332115253,10.67122454087025,49.06873055789855,89.22240444024595,119.1114303780123,0.0026932271902081,0.0092173223536455,0.3300643939590277,0.1711878258469556,4.375,1.7164621732815566,5.983425414364641,4.137189582071472,0.0107098566192559,3.9765886287625416,0.0,0.1795657503064262,0.5183182219800742,0.2509333138130444,0.0300122570478024,0.2031527794239658,0.0115566450709157,6.32933032400854,0.0058681634852815,0.0055625112785032,-10.404442343223836,11789600000.0,2502100000.0,-23005700000.0,87615700000.0,7050300000.0,2159450000.0,7440350000.0,59.07835755559447,35.801572085889575,117.76955521472394,1.5234005094895768,2.513856089450094,0.7642042957189322,0.0051660299837071,0.1099549002655777,2010-05-04,0.75,bmo,10321265060.0,2025-04-25,2010-03-31,0.1066666666666666,36.04327868852459,16416598.918032788
2009-12-31,MRK,USD,310158,2010-03-01,2010-03-01 07:33:21,2009,Q4,10093500000.0,4900900000.0,5192600000.0,0.5144498935,1971500000,0.0,0.0,3455200000.0,0.0,5426700000.0,10327600000.0,10600000.0,167100000.0,1249700000.0,1400000000.0,0.1387031258,150300000.0,0.0148907713,6698800000.0,6464700000.0,0.640481498,-60100000.0,6495700000.0,0.6435527815,3.08,3.08,2109100000,2109100000,https://www.sec.gov/Archives/edgar/data/310158/000095012310018679/0000950123-10-018679-index.htm,https://www.sec.gov/Archives/edgar/data/310158/000095012310018679/y81622e10vk.htm,4.785690578919919,3.0798444834289507,1.0632497273718649,0.7991560381205254,4.55383813000806,29.155848466170404,0.907353847612726,28.001517234839504,8.354843298089232,73481044000.0,81623744000.0,2.828064873685669,7.280036062812702,32.76746666666667,43.59599169385939,1.244218293880592,1.244218293880592,8.08676316441274,58.30267428571429,36.3985480490524,48.427021061999405,0.0883996694439997,0.0229378885798084,0.2955416708997934,0.1557154671660286,5.816214285714286,1.8049102579567893,0.8994614003590664,0.3436886954389406,0.0145384434113374,0.1644626445186816,0.0,0.1953237231881904,0.5315287666931038,0.2483835005574136,0.0551840293258037,0.4457069696727214,0.0132461485114182,44.050052935559854,0.001552395411058,0.1237021717437174,-15.178405481010858,12677900000.0,1913700000.0,-22168500000.0,90530300000.0,5203400000.0,1406200000.0,7781800000.0,58.87561301827909,41.20875757513926,147.9273194719337,1.5286465038089323,2.1840017825311944,0.6084068873909103,0.1099884858952216,0.2640936892513394,2010-02-16,0.79,bmo,10093500000.0,2025-04-25,2009-12-31,0.0126582278481012,32.985,20328213.53125
2009-09-30,MRK,USD,310158,2009-10-29,2009-10-29 16:33:24,2009,Q3,6049700000.0,1430300000.0,4619400000.0,0.7635750533,1254000000,0.0,0.0,1725500000.0,0.0,2979500000.0,4409800000.0,33400000.0,130700000.0,393700000.0,2755200000.0,0.4554275419,2361500000.0,0.3903499347,3436900000.0,5076800000.0,0.8391821082,1621500000.0,3424300000.0,0.5660280675,1.62,1.61,2109100000,2113700000,https://www.sec.gov/Archives/edgar/data/310158/000095012309054872/0000950123-09-054872-index.htm,https://www.sec.gov/Archives/edgar/data/310158/000095012309054872/y79731e10vq.htm,2.868379877672941,1.623583519036556,-0.1479778104404722,-0.2917832250723057,4.03589208667204,30.08159878621213,-0.8898582333696837,28.92371153572613,8.683419468019535,63610456000.0,74208256000.0,4.644048126624419,10.514646346099807,-203.8143415571932,-103.36440688982776,1.0427430782092684,1.0427430782092684,12.266435691026002,26.933890824622537,-237.77076578019864,-120.58540136496588,0.0538323447956417,-0.0096745101151295,0.298075504483386,0.1564602729353456,3.84647212543554,1.9251319608403383,18.068094873756696,-0.0903250079587879,0.0126378594110377,0.2347633092894898,0.0,0.2072830057688811,0.5620635357689858,-0.9718039090035244,0.0501347174240044,0.7703835407670815,0.0140006942493016,32.50540540544573,0.0154862901472081,0.0672802041806739,-17.852982314731403,12303700000.0,-1876800000.0,-27169800000.0,96361400000.0,3733650000.0,547450000.0,4831800000.0,56.58974825197943,35.765923232888206,472.4512340068517,1.5903940692447225,2.5163617171006334,0.1904958512579412,0.0561333049194301,0.1438054146318335,2009-10-22,0.82,bmo,5511948888.0,2025-04-25,2009-09-30,0.0975609756097561,29.0209375,17286075.75
2009-06-30,MRK,USD,310158,2009-07-24,2009-07-24 16:45:16,2009,Q2,5899900000.0,1353900000.0,4546000000.0,0.7705215343,1395300000,0.0,0.0,1729500000.0,0.0,3124800000.0,4478700000.0,70000000.0,99500000.0,489300000.0,2556100000.0,0.4332446313,2078300000.0,0.3522602078,-111000000.0,1967300000.0,0.3334463296,379000000.0,1556300000.0,0.2637841319,0.74,0.74,2110000000,2110000000,https://www.sec.gov/Archives/edgar/data/310158/000095012309025362/0000950123-09-025362-index.htm,https://www.sec.gov/Archives/edgar/data/310158/000095012309025362/y78281e10vq.htm,2.7961611374407584,0.7375829383886255,0.3549763033175355,0.1818957345971564,8.02478672985782,10.7757345971564,9.818341232227487,9.632417061611374,5.110142180094787,56252600000.0,54477900000.0,9.036271927006364,9.534500584755676,75.10360480640854,146.56748306409588,2.7677373009781348,2.7677373009781348,9.23369887625214,21.312898556394508,72.73417890520695,141.94346013548724,0.0276662767587631,0.0068227957463299,0.525619452480762,0.2162219600017001,-0.6942999100191698,2.540509772227581,20.88743718592965,0.4715733803437638,0.0142820065205874,0.5162243783332262,0.0,0.2364955338226071,0.0408868361025034,0.4875834445927904,0.0618993542263428,0.7463723686899653,0.0142036305700096,12.64341313894239,0.0439693894149986,0.0328423407263595,-2.802274881516588,17726800000.0,20716700000.0,2563600000.0,31458200000.0,3616550000.0,574500000.0,2141550000.0,55.88332005627214,34.99889208951917,143.2727675603811,1.610498444068352,2.5715099715099714,0.6281724121931982,0.0765729861644132,0.1730805687203791,2009-07-21,0.77,bmo,5473401204.0,2025-04-25,2009-06-30,0.0779220779220778,24.476666666666667,21658393.793650795
2009-03-31,MRK,USD,310158,2009-05-01,2009-05-01 16:23:23,2009,Q1,5385200000.0,1333800000.0,4051400000.0,0.7523211766,1224200000,0.0,0.0,1632900000.0,0.0,2857100000.0,4190900000.0,96300000.0,60700000.0,443300000.0,2287000000.0,0.424682463,1876400000.0,0.3484364555,-93400000.0,1783000000.0,0.3310926242,327200000.0,1425000000.0,0.2646141276,0.68,0.67,2108669357,2109200000,https://www.sec.gov/Archives/edgar/data/310158/000095012309007740/0000950123-09-007740-index.htm,https://www.sec.gov/Archives/edgar/data/310158/000095012309007740/y76789e10vq.htm,2.553838031611326,0.675781622789523,0.3379382346665362,0.2264461227242085,5.966606361606079,10.433831139511362,9.460136523433151,9.27741465728522,3.224165978146758,53792155297.07,54513055297.07,9.43722022755614,9.988887190275198,75.48716713032557,112.65372837082722,2.749688457653223,2.749688457653223,10.122754084726658,23.836053912142543,76.49881461839742,114.1634665907225,0.0264908515401616,0.0088767590248611,0.3444257015795123,0.1447690420277119,0.3152164407520769,1.9517587340394609,30.91268533772653,0.4894903146036543,0.0149371222543999,0.5638596491228071,0.0,0.2273267473817128,0.0441139502955325,0.3299186079146786,0.0436566887023694,0.5303406271148207,0.0210391443214736,11.877032141019448,0.0426447646284831,0.0320297415817972,-3.897635716437264,12768700000.0,19948300000.0,1643000000.0,26648000000.0,3674300000.0,620050000.0,2205550000.0,59.65850850479091,42.00404858299595,143.57624831309042,1.5085861556993585,2.1426506024096383,0.6268446282545352,0.0728415887133875,0.1114921119423276,2009-04-21,0.77,bmo,5603518918.0,2025-04-25,2009-03-31,-0.0389610389610389,26.160983606557377,19779254.229508195
2008-12-31,MRK,USD,310158,2009-02-27,2009-02-27 16:57:48,2008,Q4,6032400000.0,1470000000.0,4562400000.0,0.7563158942,1386600000,0.0,0.0,1862000000.0,0.0,3248600000.0,4718600000.0,0.0,0.0,474000000.0,1954600000.0,0.324016975,1480600000.0,0.2454412837,446800000.0,1927400000.0,0.3195079902,282600000.0,1644800000.0,0.2726609641,0.77,0.77,2110800000,2128500000,https://www.sec.gov/Archives/edgar/data/310158/000095012309003694/0000950123-09-003694-index.htm,https://www.sec.gov/Archives/edgar/data/310158/000095012309003694/y74771e10vk.htm,2.8578737919272315,0.7792306234602994,0.4788705703998483,0.2969490240667046,2.5992040932347926,10.027998862990335,9.09749857873792,8.886820162971386,2.956414629524351,61192092000.0,63064192000.0,9.300840831712062,10.143904913467276,60.53827859121488,97.62618379068284,3.2621342019266133,3.2621342019266133,10.454245739672436,32.264500153484086,62.390375939849626,100.61294192724952,0.0268792902193963,0.0102431536414868,0.3326740696118518,0.1322239102291098,0.9577918755755652,1.348229937075293,0.0,0.6145428015564203,0.0132190283672602,0.4917923151750972,0.0,0.2298587626815197,0.0416160794309651,0.3798971111990502,0.0636562562164312,0.810126582278481,0.0363039586234334,12.482381758457176,0.0359216265698405,0.0363639579409085,-7.848386867538374,4986200000.0,19203000000.0,-6723700000.0,18949900000.0,3710750000.0,546150000.0,2255750000.0,56.37905311318878,37.81224489795918,139.79387755102042,1.596337558548784,2.380181347150259,0.643805019051373,0.0876838519482042,0.1819215463331438,2009-02-03,0.74,bmo,5131006896.0,2025-04-25,2008-12-31,0.1756756756756756,26.65078125,17864875.203125
2008-09-30,MRK,USD,310158,2008-10-29,2008-10-28 20:23:49,2008,Q3,5943900000.0,1477900000.0,4466000000.0,0.7513585356,1171100000,0.0,0.0,1730300000.0,0.0,2901400000.0,4379300000.0,171300000.0,71400000.0,391200000.0,1904700000.0,0.3204461717,2401500000.0,0.4040276586,-122500000.0,1410900000.0,0.2373694039,318200000.0,1092700000.0,0.1838355289,0.51,0.51,2128500000,2132700000,https://www.sec.gov/Archives/edgar/data/310158/000095012308013650/0000950123-08-013650-index.htm,https://www.sec.gov/Archives/edgar/data/310158/000095012308013650/y72131e10vq.htm,2.7925299506694854,0.5133662203429645,0.776133427296218,0.6437867042518205,3.214141414141414,10.340944326990838,9.402771905097486,9.19473807845901,3.2907681465821,64046565000.0,65259465000.0,14.653282007870413,10.775175389895525,38.76910714285714,46.73908268262424,3.272523887384395,3.272523887384395,10.979233331650937,34.26233265081115,39.50330811138014,47.62421732467343,0.0170610242719496,0.0213953706963051,0.3542486331817485,0.1428138846488978,0.6367931957788628,1.3458619518585002,33.634453781512605,1.5117130307467057,0.0127547823993371,0.7475976937860346,0.0,0.1970255219636938,0.0411344362116521,0.1705205811138014,0.0473931257255337,0.7200920245398773,0.0145863826780396,10.305630913417954,0.0501161409500828,0.0234742893479531,-7.445454545454545,4990200000.0,20013800000.0,-7116500000.0,19090300000.0,3644800000.0,502800000.0,2209400000.0,55.15469641144703,28.90790987211584,135.69118343595642,1.6317740075770055,3.113334737729092,0.6632708015438471,0.0558326094732001,0.1323467230443974,2008-10-22,0.79,bmo,5869601250.0,2025-04-25,2008-09-30,0.0126582278481012,32.90125,18257341.125
2008-06-30,MRK,USD,310158,2008-08-01,2008-08-01 16:42:51,2008,Q2,6051800000.0,1396500000.0,4655300000.0,0.7692422089,1169300000,0.0,0.0,1930200000.0,0.0,3099500000.0,4496000000.0,143400000.0,50600000.0,374900000.0,2514900000.0,0.415562312,2222200000.0,0.3671965366,502700000.0,2058500000.0,0.3401467332,290200000.0,1768300000.0,0.292194058,0.82,0.82,2144500000,2151900000,https://www.sec.gov/Archives/edgar/data/310158/000095012308008715/0000950123-08-008715-index.htm,https://www.sec.gov/Archives/edgar/data/310158/000095012308008715/y64396e10vq.htm,2.8220097924924223,0.8245744928887853,0.6437864304033575,0.5079972021450222,4.6572627652133365,10.569410118908836,9.622522732571696,9.445558405222664,2.4081604103520635,77073330000.0,74841830000.0,10.896529152293162,12.735604283023232,55.82596697088222,70.74842114925647,3.804962973933649,3.804962973933649,12.366871013582736,29.75936617758161,54.209640735911925,68.70004589682394,0.0229430855005226,0.0141345910446583,0.2524535939968404,0.1077532529104988,-0.8873116227285379,1.810229868499578,43.91699604743083,0.7807940278249067,0.0106638703686476,0.4647966973929763,0.0,0.1932152417462573,0.0427877574672075,0.2109227871939736,0.0481179153309759,0.7767404641237663,0.017812882117717,13.237928348909142,0.0490470798431244,0.0389262749604309,-5.116973653532292,7874300000.0,20635500000.0,-7198500000.0,22145300000.0,3703900000.0,578900000.0,2133550000.0,54.23675600647741,34.21482277121375,141.17722878625136,1.6593912805045243,2.630438877378037,0.6374965762804711,0.0872975908372827,0.1357892282583352,2008-07-21,0.83,bmo,5840690697.0,2025-04-25,2008-06-30,0.036144578313253,36.74078125,21039992.421875
2008-03-31,MRK,USD,310158,2008-05-06,2008-05-06 17:02:24,2008,Q1,5822100000.0,1238100000.0,4584000000.0,0.7873447725,1078300000,0.0,0.0,1854400000.0,0.0,2932700000.0,4170800000.0,169500000.0,72600000.0,391100000.0,2864000000.0,0.4919187235,2472900000.0,0.4247436492,2759700000.0,4411000000.0,0.7576304083,1108400000.0,3302600000.0,0.567252366,1.52,1.52,2160300000,2160300000,https://www.sec.gov/Archives/edgar/data/310158/000095012308005202/0000950123-08-005202-index.htm,https://www.sec.gov/Archives/edgar/data/310158/000095012308005202/y57255e10vq.htm,2.6950423552284404,1.5287691524325324,1.170346711104939,1.0123131046613896,4.241864555848725,10.16474563718002,9.18867749849558,9.036476415312688,2.0641114660000928,78181257000.0,76278357000.0,5.91815970750318,13.428360385427938,30.92246054661235,35.74980886185925,4.004879594293471,4.004879594293471,13.101519554799816,26.633504539106145,30.169820432701812,34.8796730531803,0.0422428613548641,0.0279721775258742,0.2247009707245857,0.09324824462013,-0.6644203910614526,1.7400224558538329,34.06198347107438,0.7655483558408527,0.0106265879045664,0.2515593774601828,0.0,0.1852080864292952,0.044824632077056,0.1350314440533164,0.0586386355438759,0.8729225262081309,0.0156300991051338,17.63038410767951,0.0491564581571778,0.0735013631558448,-5.5823959635235845,7250000000.0,19850300000.0,-8035200000.0,21649500000.0,3698500000.0,625700000.0,1978750000.0,58.135724223218425,45.570632420644536,150.9449963653986,1.5481014677728142,1.974956133354602,0.596243679267999,0.1691775734446635,0.1580336064435495,2008-04-21,0.86,bmo,5625849438.0,2025-04-25,2008-03-31,0.0348837209302325,45.70950819672132,19791576.426229507
2007-12-31,MRK,USD,310158,2008-02-29,2008-02-29 14:32:49,2007,Q4,6242900000.0,1544800000.0,4698100000.0,0.7525508978,1381800000,0.0,0.0,1719500000.0,0.0,3101300000.0,4646100000.0,0.0,0.0,499000000.0,7753100000.0,1.2419068061,7254100000.0,1.1619760047,-4777300000.0,-3180500000.0,-0.5094587451,-1549600000.0,-1630900000.0,-0.2612407695,-0.75,-0.75,2169212389,2179285714,https://www.sec.gov/Archives/edgar/data/310158/000095012308002339/0000950123-08-002339-index.htm,https://www.sec.gov/Archives/edgar/data/310158/000095012308002339/y50144e10vk.htm,2.87795700949226,-0.7518397037884519,1.0823283196728968,0.9510825267557514,3.79437257584278,9.4925697937271,8.493128701193307,8.383088761715532,2.645845113693936,120196058474.49,120599358474.49,-18.424805088369915,19.25324103773727,51.1951863337976,58.25992849328195,6.609735573008627,6.609735573008627,19.3178424249131,15.554985550875132,51.36696416836613,58.45541101957733,-0.0135686645693638,0.0171644563572595,0.3156169747095085,0.1187035554810995,0.0520179025164127,1.227374329020574,0.0,-1.4395732417683489,0.0068987287147688,-0.5084309277086272,0.0,0.221339441605664,0.0448390612752245,0.1212624584717608,0.0456038059235291,0.5705410821643286,0.0337983949766935,,0.0981051510936975,-0.0353140894750631,-7.311801315735524,2787200000.0,18423400000.0,-12713900000.0,17301200000.0,2814600000.0,508300000.0,1865250000.0,52.42083006295152,36.38335059554635,109.58700155359918,1.716874759364171,2.473658927141713,0.8212652844231791,-0.0896852848823461,0.1312457929171452,2008-01-30,0.74,bmo,5774682500.0,2025-04-25,2007-12-31,0.0810810810810811,54.26546875,12628294.09375
2007-09-30,MRK,USD,310158,2007-10-26,2007-10-26 08:53:10,2007,Q3,6074100000.0,1517700000.0,4556400000.0,0.7501358226,1440500000,0.0,0.0,1951400000.0,0.0,3391900000.0,4909600000.0,0.0,0.0,488700000.0,1586400000.0,0.261174495,1097700000.0,0.1807181311,966900000.0,2064600000.0,0.3399022077,539100000.0,1525500000.0,0.2511483183,0.7,0.7,2179285714,2179285714,https://www.sec.gov/Archives/edgar/data/310158/000095012307014306/0000950123-07-014306-index.htm,https://www.sec.gov/Archives/edgar/data/310158/000095012307014306/y41280e10vq.htm,2.7871976404834085,0.7000000000917732,1.388482464947687,1.2722976075086592,3.3917076372850485,10.627014095133008,9.616178303456726,9.508574239201389,2.682851524442196,108942492842.86,109580892842.86,17.853571426230744,17.935577755199947,36.00333548460293,39.29112159370289,5.257360224827839,5.257360224827839,18.04067974561828,69.07519720301312,36.21431403643874,39.521366481357525,0.0140028005619478,0.0254510423586449,0.2821507680280283,0.1279345830589028,0.4024205748865355,1.3481534361317342,0.0,1.983416360776088,0.0075847355649541,0.5416584726319239,0.0,0.2371544755601652,0.0482027627585573,0.0836775835288674,0.0416851879290759,0.518109269490485,0.0,12.23764864208219,0.0218219269519571,0.0350707392097991,-5.841547034525276,3657700000.0,20956400000.0,-8377700000.0,18351300000.0,2056000000.0,423350000.0,1804500000.0,29.530300785301527,23.25163075706661,109.67582526190948,3.047717009533367,3.8706962509563887,0.8206001622060016,0.0736177667105815,0.1161848574390278,2007-10-22,0.69,bmo,5588172000.0,2025-04-25,2007-09-30,0.0869565217391305,48.13079365079365,12208936.587301588
2007-06-30,MRK,USD,310158,2007-07-27,2007-07-27 09:49:23,2007,Q2,6111400000.0,1552300000.0,4559100000.0,0.74599928,1030500000,0.0,0.0,2083700000.0,0.0,3114200000.0,4666500000.0,0.0,0.0,500100000.0,1955000000.0,0.3198939686,1454900000.0,0.2380632916,777300000.0,2232200000.0,0.3652518245,555800000.0,1676400000.0,0.2743070328,0.77,0.77,2177142857,2177142857,https://www.sec.gov/Archives/edgar/data/310158/000095012307010384/0000950123-07-010384-index.htm,https://www.sec.gov/Archives/edgar/data/310158/000095012307010384/y37453e10vq.htm,2.80707349099784,0.7700000000505249,1.3570078741047906,1.2318897638603603,2.528083989667197,10.049960630580706,9.011856955971906,8.943969816859841,2.89498687683038,103392514278.93,106225814278.93,15.418831167819436,16.91797530499231,34.99611233378351,38.55052732249441,5.309722748670162,5.309722748670162,17.381584298021732,54.335454874133,35.95512262352085,39.60694044702834,0.016213939777859,0.0259399823933535,0.3236803048432902,0.1426527970160334,1.4492583120204603,1.2095807800797589,0.0,1.7623478883321404,0.0079812354477984,0.4922452875208781,0.0,0.1686193016330137,0.051153390006971,0.0922014622258326,0.0445724383938213,0.5446910617876425,0.0,12.448063186185406,0.0302914114290581,0.0399878824598606,-6.581837270773087,2154700000.0,19620100000.0,-9866900000.0,17182200000.0,2084500000.0,442450000.0,1743150000.0,31.205615734528912,26.357018617535275,102.01314178960251,2.884096271826333,3.414650241970964,0.8822392725206024,0.086091524884066,0.1251181102444303,2007-07-23,0.72,bmo,5366107317.0,2025-04-25,2007-06-30,0.1388888888888888,48.284126984126985,12602242.793650793
2007-03-31,MRK,USD,310158,2007-04-27,2007-04-27 10:47:12,2007,Q1,5769400000.0,1525800000.0,4243600000.0,0.7355357576,1030000000,0.0,0.0,1802000000.0,0.0,2832000000.0,4357800000.0,0.0,0.0,500400000.0,1770500000.0,0.3068776649,1270100000.0,0.2201442091,984300000.0,2254400000.0,0.3907512046,550100000.0,1704300000.0,0.2954033348,0.79,0.78,2157341772,2185000000,https://www.sec.gov/Archives/edgar/data/310158/000095012307006129/0000950123-07-006129-index.htm,https://www.sec.gov/Archives/edgar/data/310158/000095012307006129/y33954e10vq.htm,2.674309687449931,0.790000000055624,-0.6159895558727446,-0.7090207123658291,1.8801842399962576,9.694569618707591,8.619774688161927,8.56577304525488,3.0018423988500973,90867235436.64,95241335436.64,13.329113923112129,15.74985881315908,-68.37778270497404,-59.40588090784519,4.917244453882993,4.917244453882993,16.508013907276318,53.79346819352725,-71.66930200665212,-62.26551741412134,0.0187559354239226,-0.0168333502461023,0.3504461749092227,0.1506309239983718,2.4705450437729457,1.4936079274420262,0.0,-0.7797336149738896,0.0090967882540717,0.4850085078918031,0.0,0.178528096509169,0.0539326626737221,-0.1510271653247046,0.0347869795819322,0.4010791366906475,0.0072797864595971,12.339230765737623,0.0266259050848439,0.0419016664290034,-7.2408091303578574,3880400000.0,18595800000.0,-10336300000.0,19138900000.0,1927000000.0,463450000.0,1748100000.0,31.979061947516204,25.38143924498624,101.85607550137634,2.814341463414634,3.5458982105507784,0.8835997220291869,0.0922275194406714,0.0930311564930844,2007-04-19,0.84,bmo,5769400000.0,2025-04-25,2007-03-31,0.0,42.2672131147541,10528157.098360656
2006-12-31,MRK,USD,310158,2007-02-28,2007-02-28 10:13:21,2006,Q4,6044100000.0,1669100000.0,4375000000.0,0.7238463957,1723000000,0.0,0.0,2345800000.0,0.0,4068800000.0,5737900000.0,0.0,0.0,543000000.0,900300000.0,0.1489551794,357300000.0,0.0591155011,554600000.0,911900000.0,0.1508744064,438000000.0,473900000.0,0.0784070416,0.22,0.22,2170100000,2175200000,https://www.sec.gov/Archives/edgar/data/310158/000095012307002869/0000950123-07-002869-index.htm,https://www.sec.gov/Archives/edgar/data/310158/000095012307002869/y30437e10vk.htm,2.7851711902677296,0.218377033316437,0.8184415464725128,0.6822727063268974,4.015022349200498,9.200405511266762,8.105755495138473,8.091654762453343,3.15013133035344,90211057000.0,91132457000.0,47.58971143701203,14.925473933257226,50.79165418613817,60.92871606105633,5.137391698035843,5.137391698035843,15.07792012044804,101.22454404087526,51.31043128202241,61.551031338646496,0.0052532363078286,0.0164126222354317,0.3893061954361407,0.1533796427177146,1.0234366322337,1.1970886682858195,0.0,3.7478370964338463,0.0091851268298519,1.748470141380038,0.0,0.2850713919359375,0.0532984218013094,0.1663757671302291,0.0488906536953392,0.5441988950276243,0.0277957015932893,6.305411179060494,0.005604311094579,0.0112313748539494,-6.291553384636653,2507500000.0,17590300000.0,-9373800000.0,18077100000.0,2442700000.0,429600000.0,1820050000.0,26.862560182657464,26.777305134503624,95.40830387634054,3.350388026607539,3.361055175191301,0.9433141177800384,0.0269879325956593,0.1361688401456154,2007-01-30,0.5,bmo,6044100000.0,2025-04-25,2006-12-31,0.0,41.97888888888889,11412395.333333334
2006-09-30,MRK,USD,310158,2006-10-27,2006-10-27 10:22:38,2006,Q3,5410400000.0,1544100000.0,3866300000.0,0.7146052048,945400000,0.0,0.0,2370600000.0,0.0,3316000000.0,4860100000.0,0.0,0.0,563300000.0,1105100000.0,0.2042547686,541800000.0,0.1001404702,689000000.0,1230800000.0,0.2274878013,290200000.0,940600000.0,0.1738503623,0.43,0.43,2175200000,2185700000,https://www.sec.gov/Archives/edgar/data/310158/000095012306013091/0000950123-06-013091-index.htm,https://www.sec.gov/Archives/edgar/data/310158/000095012306013091/y25965e10vq.htm,2.4873115115851414,0.4324200073556454,0.6809029054799559,0.5779238690695109,4.1775468922397945,9.986346083118791,9.196763515998528,8.865989334314087,2.751609047443913,86899240000.0,86662440000.0,23.096757388900706,16.061518556853468,58.6720950644791,69.12675204836529,4.505983313715628,4.505983313715628,16.017750998077776,78.42045063795132,58.512213895077984,68.93838199029513,0.0108240302216682,0.0144661794510515,0.3103555557860132,0.1369035501645733,-0.2142792507465387,1.365680813082519,0.0,1.5746332128428662,0.0095616486404253,0.8833723155432702,0.0,0.1747375425107201,0.0392848892131814,0.1512389440280872,0.041401744787816,0.3976566660749157,0.0,9.28769085381729,0.0122620035466916,0.0223943849758104,-4.4425340198602425,4076500000.0,20004800000.0,-6772600000.0,19206800000.0,3083050000.0,363150000.0,1755600000.0,51.25794765636552,21.13464153876044,109.0363318437925,1.7558252742260012,4.258411472697187,0.8254129470251778,0.0487728995659906,0.102979036410445,2006-10-20,0.5,bmo,5304313725.0,2025-04-25,2006-09-30,0.02,38.1684126984127,10778152.222222222
2006-06-30,MRK,USD,310158,2006-07-28,2006-07-28 15:40:04,2006,Q2,5771700000.0,1445200000.0,4326500000.0,0.7496058354,1172500000,0.0,0.0,1734000000.0,0.0,2906500000.0,4351700000.0,0.0,0.0,538700000.0,1947700000.0,0.3374569018,1409000000.0,0.2441221824,699300000.0,2108300000.0,0.3652823258,609000000.0,1499300000.0,0.2597674862,0.69,0.69,2172898551,2172898551,https://www.sec.gov/Archives/edgar/data/310158/000095012306009584/0000950123-06-009584-index.htm,https://www.sec.gov/Archives/edgar/data/310158/000095012306009584/y21847e10vq.htm,2.656221569729419,0.6899999999125592,1.013024744752568,0.8919422395988335,4.815871406046145,9.989651836258233,9.177832987565004,8.88159274215467,2.9737697588441163,75486495661.74,73734895661.74,12.586956523334225,13.07872821902386,34.29333802550428,38.948710418316914,3.9114605914222658,3.9114605914222658,12.775247442129702,37.857419346788525,33.497590251562784,38.04493868311233,0.0198618307401427,0.0256747910074505,0.3348239268762825,0.1486175989622505,-0.8993171432972223,1.5130114355902993,0.0,1.468151804175282,0.0110390605987867,0.5557927032615221,0.0,0.2031463866798343,0.0405715902269387,0.1195257132473196,0.0455844898383491,0.4883979951735659,0.0,11.74251792864194,0.0288931937831733,0.0359417663317727,-3.761807009461253,5387800000.0,19942500000.0,-5882100000.0,20879900000.0,3062700000.0,410550000.0,1652400000.0,48.10073288632465,22.649460282313868,102.1623304732909,1.8710733620773496,3.9736046191916414,0.8809509295946358,0.0776887682135676,0.1210825051537346,2006-07-24,0.65,bmo,5139184931.0,2025-04-25,2006-06-30,0.123076923076923,32.856031746031746,9767191.682539685
2006-03-31,MRK,USD,310158,2006-04-27,2006-04-27 09:21:42,2006,Q1,5409800000.0,1342700000.0,4067100000.0,0.7518022847,942000000,0.0,0.0,1715000000.0,0.0,2657000000.0,3999700000.0,0.0,0.0,623400000.0,2030200000.0,0.3752818958,1406800000.0,0.2600465821,563600000.0,1970400000.0,0.3642278827,450400000.0,1520000000.0,0.2809715701,0.7,0.69,2184300000,2190500000,https://www.sec.gov/Archives/edgar/data/310158/000095012306005259/0000950123-06-005259-index.htm,https://www.sec.gov/Archives/edgar/data/310158/000095012306005259/y20167e10vq.htm,2.4766744494803827,0.6958751087304857,0.5982694684796045,0.5078057043446413,5.6775626058691575,9.743121366112714,9.024905003891408,8.628027285629264,3.0740282928169207,73370637000.0,69898037000.0,12.06753898026316,13.562541498761506,56.14526859504132,66.14734673638658,3.8931263066294535,3.8931263066294535,12.920632370882473,34.429138508521326,53.48793771043771,63.01662188965019,0.0207167344069808,0.0151177643448836,0.3562840254268765,0.1546501451011101,-1.7104718746921486,1.5941145234091512,0.0,0.8597368421052631,0.0113097014545478,0.545921052631579,0.0,0.1741284335834966,0.0361324796167488,0.1512090602999694,0.0365263041147547,0.3169714469040744,0.0062848903841177,11.622850858293305,0.0318519971543744,0.0363208854649551,-3.03160051275008,6712900000.0,19713100000.0,-4124200000.0,22261600000.0,2984000000.0,464250000.0,1661200000.0,50.586528152611926,30.659119684218368,111.55656512996202,1.77912980563686,2.9355050284215127,0.8067656071621703,0.0806528637072725,0.0904637641349631,2006-04-20,0.72,bmo,4993661538.0,2025-04-25,2006-03-31,0.0833333333333334,32.98096774193548,9046730.161290323
2005-12-31,MRK,USD,310158,2006-02-28,2006-02-28 16:01:40,2005,Q4,5765900000.0,1478700000.0,4287200000.0,0.7435439394,1112000000,0.0,0.0,2045700000.0,0.0,3157700000.0,4636400000.0,0.0,0.0,505900000.0,1859200000.0,0.322447493,1353300000.0,0.2347075045,166600000.0,1519900000.0,0.2636015193,400200000.0,1119700000.0,0.1941934477,0.51,0.51,2185300000,2194000000,https://www.sec.gov/Archives/edgar/data/310158/000095012306002367/0000950123-06-002367-index.htm,https://www.sec.gov/Archives/edgar/data/310158/000095012306002367/y17883e10vk.htm,2.638493570676795,0.5123781631812566,1.0363794444698669,0.8503180341371894,7.155813847069052,9.300233377568295,8.566055003889627,8.198691255205235,3.705486660870361,66280149000.0,64792449000.0,14.798640037510046,11.495195719662153,29.26534307665136,35.669007103648696,3.699370918589465,3.699370918589465,11.237178757869543,34.84963909208262,28.608463882020487,34.868393606716175,0.016893444219626,0.0280355434928186,0.451960751481866,0.1805654041181114,-0.8001828743545611,1.5822377569812456,0.0,2.022684647673484,0.0125723917729877,0.7442172010359918,0.0,0.1928580100244541,0.0357759255047295,0.1795302013422818,0.0705180457517473,0.8037161494366476,0.0,9.722071961841596,0.0288856187811099,0.0258941662388359,-2.681496819658628,7745800000.0,18719400000.0,-3472700000.0,23748400000.0,3287300000.0,473150000.0,1703750000.0,45.69225966457969,28.673158855751677,100.91905051734632,1.9696990400710552,3.1388240288686053,0.8918038719015741,0.0624951162608977,0.1860614103326774,2006-01-31,0.62,bmo,5585715625.0,2025-04-25,2005-12-31,0.032258064516129,27.78904761904762,11736923.857142856
2005-09-30,MRK,USD,310158,2005-10-28,2005-10-28 14:27:36,2005,Q3,5416200000.0,1238800000.0,4177400000.0,0.7712787563,942600000,0.0,0.0,1741200000.0,0.0,2683800000.0,3922600000.0,0.0,0.0,423100000.0,1883800000.0,0.3478084266,1460700000.0,0.2696909272,537700000.0,1998400000.0,0.3689671726,577500000.0,1420900000.0,0.2623426018,0.65,0.65,2194000000,2197000000,https://www.sec.gov/Archives/edgar/data/310158/000095012305012753/0000950123-05-012753-index.htm,https://www.sec.gov/Archives/edgar/data/310158/000095012305012753/y13971e10vq.txt,2.4686417502278943,0.6476298997265268,1.0153144940747494,0.8632178669097539,6.39380127620784,9.214311759343664,8.467000911577028,8.103190519598906,3.335095715587967,56934300000.0,61333500000.0,10.017295376170033,10.511853328902182,25.558583228586816,30.06193568826232,3.2024422895198668,3.2024422895198668,11.32408330563864,32.55839261068054,27.533444065361824,32.38476160304134,0.0249568362129682,0.0332646576843835,0.4115780947666831,0.1669412059957564,2.3352797536893517,1.649754164405637,0.0,1.5677387571257653,0.0146888606692275,0.5885706242522345,0.0,0.1740334551899856,0.0374073144578038,0.1498024780032321,0.0616114619105646,0.7887024344126684,0.0,10.866325985936443,0.0306721080404394,0.0336774792967287,-2.724077028258888,7902700000.0,18576600000.0,-3549500000.0,24148500000.0,3577000000.0,442150000.0,1780300000.0,60.60651379195746,34.52373264449467,127.09557636422343,1.484988895895594,2.606902356902357,0.7081285012004116,0.0799228277010304,0.1520966271649954,2005-10-24,0.62,bmo,5154125806.0,2025-04-25,2005-09-30,0.0483870967741935,28.32796875,9641235.328125
2005-06-30,MRK,USD,310158,2005-07-28,2005-07-27 21:51:09,2005,Q2,5467500000.0,1160600000.0,4306900000.0,0.7877274806,946800000,0.0,0.0,1755300000.0,0.0,2702100000.0,3862700000.0,0.0,0.0,399300000.0,1993400000.0,0.3645907636,1594100000.0,0.2915592135,330800000.0,1924900000.0,0.3520621856,1204300000.0,720600000.0,0.1317969822,0.33,0.33,2201800000,2206100000,https://www.sec.gov/Archives/edgar/data/310158/000095012305008997/0000950123-05-008997-index.htm,https://www.sec.gov/Archives/edgar/data/310158/000095012305008997/y11136e10vq.txt,2.4831955672631483,0.32727768189663,0.806930693069307,0.6619583976746298,5.91820328821873,8.989690253429012,8.228949041693161,7.895857934417295,3.2549732037423924,64666866000.0,69916066000.0,22.435077019150707,11.827501783264749,36.39717791411043,44.36834716981132,3.719671787910337,3.719671787910337,12.78757494284408,35.073776462325675,39.3516440592109,47.96985660377359,0.0111432646202461,0.0225385903191906,0.4122380659300205,0.1666453519600616,2.6332898565265377,1.7089802919577608,0.0,2.465584235359423,0.0129757331985131,1.1644462947543714,0.0,0.1731687242798354,0.0389477820691387,0.1796589182191703,0.0583813443072702,0.7993989481592787,0.0,7.625162741255241,0.0179168731236262,0.017434728643909,-3.018655191207194,7935900000.0,18118500000.0,-4083500000.0,24281200000.0,3652400000.0,489900000.0,1783900000.0,57.72345679012346,31.724108219886265,140.45149060830605,1.5591581829070067,2.836959178684918,0.6407906360424028,0.041449287033149,0.144972295394677,2005-07-21,0.62,bmo,5467500000.0,2025-04-25,2005-06-30,0.0,31.36609375,8805879.296875
2005-03-31,MRK,USD,310158,2005-04-26,2005-04-26 09:27:25,2005,Q1,5362200000.0,1271400000.0,4090800000.0,0.7628958263,846600000,0.0,0.0,1605500000.0,0.0,2452100000.0,3723500000.0,0.0,0.0,379800000.0,2031700000.0,0.3788929917,1651900000.0,0.3080638544,268800000.0,1920700000.0,0.3581925329,550600000.0,1370100000.0,0.2555107978,0.62,0.62,2207200000,2210400000,https://www.sec.gov/Archives/edgar/data/310158/000095012305004990/0000950123-05-004990-index.htm,https://www.sec.gov/Archives/edgar/data/310158/000095012305004990/y08100e10vq.txt,2.4294128307357736,0.6207412105835448,0.6068321855744835,0.4513410656034795,4.276187024284161,9.099764407393984,8.321447988401594,7.996103660746647,3.293947082276187,68136264000.0,73017064000.0,12.432717319903656,12.706774085263511,50.87073615051516,68.39616944388678,3.8606302906680265,3.8606302906680265,13.6169975010257,35.938900428212825,54.51475586083321,73.29558723147963,0.0201082348747504,0.014620701833608,0.4119440194911893,0.1686198747132808,2.4023231776344933,1.4455134966567915,0.0,0.9775928764323772,0.0123443809598953,0.6138967958543172,0.0,0.157882958487188,0.0398426610323978,0.2562341346871734,0.0640035806198948,0.9036334913112164,0.0,10.567828489915808,0.03483250880011,0.0330948424124137,-4.470290413193186,4857300000.0,18367100000.0,-7272100000.0,21280800000.0,2602550000.0,496050000.0,1827650000.0,63.74790198053038,40.398773006134974,124.3463898065125,1.411811168742266,2.2277904328018225,0.7237845838551747,0.0776304606493285,0.1554911199710039,2005-04-21,0.59,bmo,5469775806.0,2025-04-25,2005-03-31,0.0508474576271186,29.41409836065574,11977940.672131147
2004-12-31,MRK,USD,310158,2005-03-31,2005-03-31 08:44:06,2004,Q4,5747900000.0,1283600000.0,4464300000.0,0.7766836584,1108600000,4980500000.0,-2614700000.0,2365800000.0,-74500000.0,3474400000.0,4758000000.0,0.0,0.0,399400000.0,1258500000.0,0.2189495294,859100000.0,0.1494632822,520700000.0,1379800000.0,0.2400528889,278700000.0,1101100000.0,0.1915656153,0.5,0.5,2213900000,2218500000,https://www.sec.gov/Archives/edgar/data/310158/000095012305003861/0000950123-05-003861-index.htm,https://www.sec.gov/Archives/edgar/data/310158/000095012305003861/y07264e10vkza.htm,2.596278061339717,0.4973576042278332,1.0695153349293105,0.836126292967162,3.2024481683906227,8.896110935453272,8.098920457111884,7.808934459551018,3.1043407561317133,67856035000.0,71849935000.0,15.406419716646989,11.805361088397502,28.657840611538138,36.65714169953001,3.924991323561735,3.924991323561735,12.500206162250562,57.09172427493047,30.34459624968325,38.81472367781319,0.0162270017692604,0.0272798137999074,0.3975370483913883,0.1614340611846061,3.173539928486293,1.1474016740320672,0.0,2.1503950594859687,0.0124233607224471,0.765598038325311,0.8664903703961446,0.1928704396388246,0.0414560470535177,0.218219444209815,0.0898937003079385,1.2936905358037056,0.0,9.34806081620276,0.0207687391806326,0.0269825205413657,-6.225755454175888,1731100000.0,17930200000.0,-9402500000.0,18209700000.0,2657500000.0,482950000.0,2055950000.0,22.030654673880896,29.546587722031784,133.1279214708632,4.085216773276475,3.0460370194589466,0.6760415020803707,0.0636908411517682,0.2333890419621482,2005-01-25,0.5,bmo,5747900000.0,2025-04-25,2004-12-31,0.0,28.2225,22868438.328125
2004-09-30,MRK,USD,310158,2004-10-28,2004-10-28 16:57:12,2004,Q3,5538100000.0,1364200000.0,4173900000.0,0.7536700312,919300000,0.0,0.0,1752900000.0,0.0,2672200000.0,4036400000.0,0.0,0.0,350800000.0,1814000000.0,0.3275491595,1463200000.0,0.2642061357,349800000.0,1813000000.0,0.3273685921,487400000.0,1325600000.0,0.2393600693,0.6,0.6,2218500000,2226200000,https://www.sec.gov/Archives/edgar/data/310158/000095012304012647/0000950123-04-012647-index.htm,https://www.sec.gov/Archives/edgar/data/310158/000095012304012647/y67941e10vq.txt,2.4963263466306063,0.5975208474194276,1.016452558034708,0.8148298399819698,3.1358124859139056,9.577958079783638,8.761460446247465,7.803245436105477,2.968942979490647,69816195000.0,73735895000.0,13.166904609233551,12.606524800924506,30.96061862527716,38.62156054655087,4.032937353782168,4.032937353782168,13.31429461367617,40.64823318632856,32.69884478935698,40.78989600044255,0.0189869986469471,0.025892273275563,0.3804754065216763,0.1536254734760136,2.1608048511576627,1.2845716827774123,0.0,1.7011164755582378,0.0117723402141866,0.6200211225105613,0.0,0.1659955580433722,0.0422489877409363,0.1983592017738359,0.0807677723406944,1.275085518814139,0.0,10.242487055206825,0.0312116584888376,0.0322821031098555,-4.792111787243633,3070500000.0,19437300000.0,-7765300000.0,19315000000.0,3898300000.0,507200000.0,2367000000.0,63.5091457359022,35.92215217710013,146.01084884914235,1.4171187308085975,2.505417814508724,0.6163925537682993,0.0765733760794847,0.2016227180527383,2004-10-21,0.71,bmo,6396115492.0,2025-04-25,2004-09-30,-0.1549295774647887,42.93609375,7822731.375
2004-06-30,MRK,USD,310158,2004-08-03,2004-08-03 17:22:44,2004,Q2,6021700000.0,1163700000.0,4858000000.0,0.8067489247,986000000,0.0,0.0,1616200000.0,0.0,2602200000.0,3765900000.0,0.0,0.0,352300000.0,2605700000.0,0.4327183354,2253400000.0,0.374213262,185400000.0,2438800000.0,0.4050019098,670700000.0,1768100000.0,0.2936214026,0.8,0.79,2221400000,2230100000,https://www.sec.gov/Archives/edgar/data/310158/000095012304009184/0000950123-04-009184-index.htm,https://www.sec.gov/Archives/edgar/data/310158/000095012304009184/y99638e10vq.txt,2.710767984154137,0.7959394976141172,1.0634284685333573,0.8656702980102639,2.7807238678310977,9.400513189880256,8.565364184748358,7.638156117763573,2.973350139551634,100607206000.0,105612406000.0,14.225327470165714,16.70744241659332,42.58866613046607,52.31783983359335,5.929441517262515,5.929441517262515,17.53863626550642,40.53129907510458,44.70744867290352,54.92064794591784,0.0175742878695985,0.0191139390154617,0.389275905560074,0.1578082217964094,1.920865794220363,1.3725417286398942,0.0,1.3360669645382048,0.0081843044125487,0.4656976415361122,0.0,0.1637411362239899,0.0443248770744434,0.185962832832409,0.0729528206320474,1.2469486233323872,0.0,11.695682033087936,0.0482144057227884,0.0442031630474457,-4.780026109660574,3606800000.0,19027100000.0,-7683900000.0,19761300000.0,4044100000.0,494550000.0,2589700000.0,58.11880366009599,36.34184068058778,194.95746326372776,1.5485521781618063,2.476484358374122,0.4616391621707394,0.1042057121303205,0.1977581705230935,2004-07-21,0.79,bmo,6021700000.0,2025-04-25,2004-06-30,0.0,44.76822580645162,5771071.322580645
2004-03-31,MRK,USD,310158,2004-04-28,2004-04-28 15:48:34,2004,Q1,5630800000.0,1148200000.0,4482600000.0,0.7960858137,996300000,0.0,0.0,1611400000.0,0.0,2607700000.0,3755900000.0,0.0,0.0,348200000.0,1903100000.0,0.3379803935,1554900000.0,0.2761419337,788000000.0,2342900000.0,0.4160865241,724300000.0,1618600000.0,0.2874547134,0.73,0.73,2222600000,2232500000,https://www.sec.gov/Archives/edgar/data/310158/000095012304005315/0000950123-04-005315-index.htm,https://www.sec.gov/Archives/edgar/data/310158/000095012304005315/y96677e10vq.htm,2.533429317016107,0.7282461981463151,0.8161612525870602,0.6709259425897598,2.3899487087195177,9.092684243678574,8.236299829029065,7.320795464770989,3.094034014217583,93660364000.0,98775064000.0,14.466261584085013,16.633580308304325,51.63195369349504,62.80872049356224,5.756205073995772,5.756205073995772,17.541923705334945,51.90219326362251,54.4515237045204,66.23864270386267,0.0172815898943121,0.0159213560177921,0.4226363144697379,0.1650490097251423,2.687562398192423,1.2814953234066957,0.0,1.120721611268998,0.0087806620098123,0.5080934140615346,0.0,0.1769375577182638,0.0456832080489233,0.1779492833517089,0.0573275555871279,0.9270534175761056,0.0,10.952405350154406,0.0320696339488308,0.0407074126422848,-5.248312786826239,2847100000.0,18306000000.0,-8494500000.0,18932700000.0,4111600000.0,627200000.0,2606650000.0,67.12438729843007,40.696742727747775,208.39052429890265,1.340794361367749,2.2114791987673343,0.4318814413601143,0.0994763754363538,0.1452353099973004,2004-04-22,0.72,bmo,5553665753.0,2025-04-25,2004-03-31,0.0138888888888889,44.65709677419355,8094908.677419355
2003-12-31,MRK,USD,310158,2004-02-26,2004-02-26 12:16:19,2003,Q4,5627100000.0,1228300000.0,4398800000.0,0.7817170479,894900000,0.0,0.0,1794100000.0,0.0,2725500000.0,3953800000.0,0.0,0.0,320600000.0,1867300000.0,0.3318405573,1546700000.0,0.2748662721,214200000.0,1760900000.0,0.3129320609,365700000.0,1395200000.0,0.2479429902,0.62,0.62,2224700000,2237000000,https://www.sec.gov/Archives/edgar/data/310158/000095012304002379/0000950123-04-002379-index.htm,https://www.sec.gov/Archives/edgar/data/310158/000095012304002379/y94582e10vk.htm,2.52937474715692,0.6271407380770441,1.2712275812469096,1.0276891266238144,1.8757585292398973,8.761450982154898,7.885198004225288,7.001573245830898,3.0547939047961523,97998035000.0,103593035000.0,17.55985432196101,17.415371150326102,34.65154520702946,42.86315662861392,6.291443144757453,6.291443144757453,18.40966661335324,55.477446045091845,36.629905236731375,45.31034203735293,0.0142370201606593,0.0233300596282364,0.4363010708507742,0.1674407145056975,2.99630482514861,1.2045644541046647,0.0,2.02702121559633,0.0084389447196568,0.5927465596330275,0.0,0.1590339606546889,0.0480295657530027,0.1915773841094727,0.0962840539531908,1.689956331877729,0.0,9.939661251498698,0.0374560899221412,0.0361094360229928,-5.6762035330606375,1957600000.0,17542200000.0,-9568700000.0,18076000000.0,4292700000.0,732000000.0,2498050000.0,64.35357466545823,53.86957583652202,187.18798339167955,1.398523710110349,1.6707018498367792,0.4808000939444944,0.0895714028915539,0.2435384546230952,2004-01-27,0.62,bmo,5627100000.0,2025-04-25,2003-12-31,0.0,43.30859375,10501352.765625
2003-09-30,MRK,USD,310158,2003-11-07,2003-11-07 16:03:23,2003,Q3,5762000000.0,1083400000.0,4678600000.0,0.8119750087,776500000,0.0,0.0,1463600000.0,0.0,2240100000.0,3323500000.0,0.0,0.0,326700000.0,2729000000.0,0.4736202707,2402300000.0,0.4169212079,202500000.0,2604800000.0,0.4520652551,739800000.0,1858300000.0,0.3225095453,0.83,0.82,2237000000,2253900000,https://www.sec.gov/Archives/edgar/data/310158/000031015803000108/0000310158-03-000108-index.htm,https://www.sec.gov/Archives/edgar/data/310158/000031015803000108/formtenq.htm,2.5757711220384443,0.8307107733571748,1.569512740277157,1.390388913723737,2.813008493518105,8.664371926687528,7.813053196244971,6.845194456861869,4.323826553419758,107979990000.0,115478590000.0,14.526716622719691,18.740019090593545,30.754767872401025,34.71690512169244,7.05166234563467,7.05166234563467,20.041407497396737,42.31534994503481,32.89051267445172,37.12779796161142,0.0172096700509048,0.0288044108913142,0.6316586885395783,0.2271102866937472,2.747746427262733,1.1967974324831847,0.0,1.889361244147877,0.0074736069155035,0.4342678792444707,0.0,0.1347622353349531,0.0447157716781328,0.1141270293363714,0.0695418257549462,2.134789557805008,0.0,11.311210261214285,0.0489376863138315,0.0456757593782414,-5.485940992400536,2305600000.0,17477800000.0,-9185600000.0,18134900000.0,5231700000.0,1449200000.0,3035900000.0,71.25338424158278,60.54273583164113,202.81151929112053,1.2630978999517737,1.4865532381997804,0.4437617760301466,0.121356782278762,0.1791238265534197,2003-10-22,0.85,bmo,5900843373.0,2025-04-25,2003-09-30,-0.0235294117647059,52.33484375,6585667.328125
2003-06-30,MRK,USD,310158,2003-07-31,2003-07-31 09:35:55,2003,Q2,5525400000.0,988500000.0,4536900000.0,0.821098925,786400000,0.0,0.0,1589900000.0,0.0,2413200000.0,3401700000.0,0.0,0.0,340800000.0,2252800000.0,0.4077170884,1912000000.0,0.3460382959,684800000.0,2596800000.0,0.4699750244,729800000.0,1867000000.0,0.3378940891,0.83,0.83,2241400000,2261100000,https://www.sec.gov/Archives/edgar/data/310158/000031015803000051/0000310158-03-000051-index.htm,https://www.sec.gov/Archives/edgar/data/310158/000031015803000051/tenqform.htm,2.465155706255019,0.8329615418934594,0.7484161684661372,0.5180244490050862,2.5499687695190505,10.550905683947532,7.147630944945123,8.747746943874365,4.534308914071563,129418436000.0,137916936000.0,17.329731655061597,23.4224555688276,77.14958926974666,111.46192059254156,6.600556734260883,6.600556734260883,24.96053425996308,61.22023082386364,82.21575916542474,118.78127293084144,0.0144260745045628,0.0089716738656925,0.5183402015586112,0.2032310765655963,3.772416548295455,1.1857244679767844,0.0,0.8985002678093198,0.0062440872025373,0.4328334226031066,0.0,0.1423245375900387,0.1525372889591886,0.3078390461997019,0.0934592970644659,1.2467407049734427,0.0,12.804182035781366,0.0335050431031924,0.0440537989617744,-6.425626840367627,2553600000.0,16020700000.0,-10056300000.0,24751000000.0,5759650000.0,2272450000.0,3576500000.0,96.12770116190684,197.53566009104705,330.5371775417299,0.9362545750305002,0.4556139380530973,0.2722840458351697,0.0952201232200416,0.2303917194610511,2003-07-21,0.84,bmo,13441214457.0,2025-04-25,2003-06-30,-0.0119047619047619,55.44444444444444,6701332.365079365
2003-03-31,MRK,USD,310158,2003-05-13,2003-05-13 08:07:01,2003,Q1,5571400000.0,1080100000.0,4491300000.0,0.8061349033,810700000,0.0,0.0,1513900000.0,0.0,2355900000.0,3436000000.0,0.0,0.0,326100000.0,2418400000.0,0.4340740209,2092300000.0,0.3755429515,371600000.0,2463900000.0,0.4422407294,753500000.0,1710400000.0,0.3069964461,0.76,0.76,2244300000,2262100000,https://www.sec.gov/Archives/edgar/data/310158/000031015803000011/0000310158-03-000011-index.htm,https://www.sec.gov/Archives/edgar/data/310158/000031015803000011/tenqbodyhtml.htm,2.4824666934010606,0.7621084525241724,0.8224390678608029,0.6188121017689258,2.2890433542752757,10.21886557055652,6.791605400347547,8.41068484605445,4.371429844494942,117219789000.0,124813689000.0,17.133388242516368,21.03955720285745,63.50622440134359,84.40364991359446,6.209958042180323,6.209958042180323,22.402571884984024,51.61002687727423,67.62037544696067,89.87160786290323,0.0145913929259845,0.0118478288678714,0.5197471935410387,0.2004105937266998,3.140051273569302,1.1351050169001196,0.0,1.0791627689429373,0.0068955933711841,0.4725795135640785,0.0,0.1455110026205262,0.1571246182601857,0.2475891212482392,0.0820260616721111,1.166709216236916,0.0,12.009234583670974,0.0364585051333977,0.0414524849921355,-6.642349507641581,1830700000.0,15242400000.0,-10638400000.0,23878700000.0,5520550000.0,2394300000.0,3467200000.0,90.7479269124457,197.92334043144152,293.52282196092955,0.991758192854727,0.4547215088620385,0.3066201101459149,0.0906119378473307,0.2036269660918772,2003-04-21,0.76,bmo,13388400000.0,2025-04-25,2003-03-31,0.0,52.22327868852459,5905185.049180328
2002-12-31,MRK,USD,310158,2003-03-10,2003-03-10 16:45:34,2002,Q4,13918400000.0,8700100000.0,5218300000.0,0.3749209679,838800000,4505300000.0,-2823800000.0,1681500000.0,-153500000.0,2571700000.0,11271800000.0,0.0,0.0,383100000.0,3036000000.0,0.2181285205,2652900000.0,0.190603805,46900000.0,2699800000.0,0.1939734452,810000000.0,1889800000.0,0.1357771008,0.84,0.84,2246700000,2249900000,https://www.sec.gov/Archives/edgar/data/310158/000031015803000008/0000310158-03-000008-index.htm,https://www.sec.gov/Archives/edgar/data/310158/000031015803000008/tenkdoc.htm,6.195041616593226,0.8411447901366449,1.2446254506609695,0.9300752214358836,2.2126674678417237,10.294565362531714,7.071616148128366,8.100992566875862,3.805047402857524,121276866000.0,127582666000.0,16.043611228701447,8.713420077020347,43.3704774165862,58.03831642419602,6.663381006016318,6.663381006016318,9.166475025865042,42.02327602108037,45.62552873439903,61.05602316232772,0.0155825266790782,0.0172299966920319,0.4697013818301695,0.1797431519810265,2.0770092226613968,1.1986796172991143,0.0,1.479680389459202,0.006674809687117,0.4283522065827072,0.3236938153810783,0.0602655477641108,0.1522459483780897,0.2527268175803741,0.0507745143119898,1.844688070999739,0.0,12.382141296345903,0.0477913475542758,0.0468698071934167,-6.092379935015801,2458700000.0,15887800000.0,-9598500000.0,23895300000.0,5474000000.0,3790350000.0,3431950000.0,35.06911713990114,24.964885461086656,35.2940770795738,2.5663605856105027,3.60506360585091,2.550002931004162,0.1038323122991126,0.3145502292250857,2003-01-28,0.83,bmo,13918400000.0,2025-04-25,2002-12-31,0.0,51.83484375,7684851.46875
2002-09-30,MRK,USD,310158,2002-11-13,2002-11-12 18:08:33,2002,Q3,5426100000.0,973200000.0,4452900000.0,0.8206446619,676900000,0.0,0.0,1407600000.0,0.0,2114400000.0,3087600000.0,0.0,0.0,196400000.0,2499300000.0,0.4606070658,2302900000.0,0.42441164,388400000.0,2691300000.0,0.4959915962,807300000.0,1884000000.0,0.3472107038,0.84,0.83,2249900000,2265900000,https://www.sec.gov/Archives/edgar/data/310158/000031015802000012/0000310158-02-000012-index.htm,https://www.sec.gov/Archives/edgar/data/310158/000031015802000012/septq.htm,2.411707186986088,0.8373705498022135,1.3733499266634073,1.130494688652829,1.7712342770789813,9.975243344148629,6.728165696253167,7.792568558602604,4.316858527045646,98073141000.00002,106289041000.00002,13.013951831210193,18.07433349919832,31.73990776400531,38.5583412620405,5.593791016683303,5.593791016683303,19.588478096607144,42.52752410674989,34.398861128191854,41.78849655985847,0.0192101525533887,0.0259347255942378,0.5539711963496364,0.205176034171712,3.2872804385227865,1.072681934309361,0.0,7.0674748398902105,0.008069487649019,0.4200636942675159,0.0,0.124748898840788,0.1543304025992133,0.176834201754102,0.100698475885074,1.4455026455026454,0.0,12.116869105156306,0.0412232945117189,0.0470625852447304,-6.684519311969421,950200000.0,15137700000.0,-10870500000.0,22095400000.0,5655700000.0,5106200000.0,3429700000.0,91.63377011112954,477.8729963008631,319.2447595561036,0.9821706548890418,0.1883345589658242,0.2819153558703398,0.1074575787822615,0.2428552380105782,2002-10-18,0.83,bmo,12892900000.0,2025-04-25,2002-09-30,0.0,45.549375,7869780.453125
2002-06-30,MRK,USD,310158,2002-08-13,2002-08-13 16:26:04,2002,Q2,12809700000.0,8292600000.0,4517100000.0,0.3526312092,631200000,0.0,0.0,1477800000.0,0.0,2160000000.0,10452600000.0,0.0,0.0,365100000.0,2716600000.0,0.2120736629,2351500000.0,0.1835718245,149500000.0,2501000000.0,0.1952426677,750300000.0,1750700000.0,0.1366698674,0.77,0.77,2262700000,2282800000,https://www.sec.gov/Archives/edgar/data/310158/000031015802000008/0000310158-02-000008-index.htm,https://www.sec.gov/Archives/edgar/data/310158/000031015802000008/tenqbody.htm,5.661245414769965,0.7737216599637601,0.7388960091925576,0.4495072258805851,1.3742431608255623,9.609051133601447,6.353206346400318,7.4146373801210945,4.292128872585849,105170296000.0,113563196000.0,15.018320671731306,8.210207577070502,62.904656977091925,103.40211975223676,6.268681476536469,6.268681476536469,8.86540637173392,41.80342928660826,67.92463424845984,111.65391406941303,0.0166463351971549,0.0096709816239368,0.5788723915336977,0.2113079955788026,3.0894868585732165,1.069147568384173,0.0,0.5228772478498828,0.0075591686078358,0.4541040726566516,0.0,0.0492751586688212,0.1602901628358325,0.3916502183144925,0.0511175125100509,1.7934812380169816,0.0,11.361314831038456,0.0428725842579569,0.0453626785927127,-6.657864498165908,860500000.0,14375400000.0,-10913100000.0,21837500000.0,5676100000.0,4976700000.0,3261850000.0,40.65762664231013,54.75363577165184,36.9795962665509,2.2136068293357294,1.643726461843409,2.4337745428932,0.104350573102622,0.2893887833119724,2002-07-19,0.77,bmo,12809700000.0,2025-04-25,2002-06-30,0.0,52.2109375,7411824.515625
2002-03-31,MRK,USD,310158,2002-05-15,2002-05-15 10:23:39,2002,Q1,12169300000.0,7980700000.0,4188600000.0,0.3441939964,530300000,0.0,0.0,1464800000.0,0.0,2046500000.0,10027200000.0,0.0,0.0,362100000.0,2449000000.0,0.2012441143,2086900000.0,0.1714889106,234600000.0,2321500000.0,0.1907669299,696500000.0,1625000000.0,0.1335327422,0.72,0.71,2271300000,2294800000,https://www.sec.gov/Archives/edgar/data/310158/000031015802000003/0000310158-02-000003-index.htm,https://www.sec.gov/Archives/edgar/data/310158/000031015802000003/mar02qbody.htm,5.35785673402897,0.7154493021617576,0.867608858363052,0.6642891736010215,1.9839299079822128,9.376568485008583,6.105930524369304,7.240787214370624,4.374411130189759,124739796000.0,131732296000.0,19.190737846153844,10.250367399932616,63.30041408708008,82.67483828207847,7.584810653046334,7.584810653046334,10.8249690614908,53.790239281339325,66.8488257383538,87.30931601272535,0.0130271176649992,0.0120955785433543,0.6041347440107017,0.2184863231643089,2.8552470396080034,1.110600757083802,0.0,1.212676923076923,0.006378878477563,0.4896615384615385,0.0,0.0435768696638261,0.163356767609242,0.2343448695828681,0.0379479509914292,1.2753383043358189,0.0,10.79626618750774,0.0384489969880505,0.0427113422926397,-6.1371681415929205,1396600000.0,13868400000.0,-10153700000.0,22074900000.0,5390400000.0,5008400000.0,3347850000.0,41.15980376849942,55.35303920708709,35.14428558898342,2.1865993459589608,1.6259269823160296,2.560871518418688,0.0988082208439742,0.2033196847620305,2002-04-18,0.71,bmo,12169300000.0,2025-04-25,2002-03-31,0.0,56.8845,6703157.083333333
2001-12-31,MRK,USD,310158,2002-03-29,2002-03-29 00:00:00,2001,Q4,12557900000.0,7642400000.0,4915500000.0,0.3914269106,716400000,4668900000.0,-3113500000.0,1555400000.0,-244800000.0,2357100000.0,9999500000.0,0.0,0.0,371700000.0,2886100000.0,0.2298234577,2514400000.0,0.2002245598,144100000.0,2658500000.0,0.2116994083,797600000.0,1860900000.0,0.1481856043,0.82,0.82,2271300000,2271300000,https://www.sec.gov/Archives/edgar/data/310158/000031015802000002/0000310158-02-000002-index.htm,https://www.sec.gov/Archives/edgar/data/310158/000031015802000002/body.htm,5.528948179456699,0.8193105270109629,1.2758772509135736,0.9572491524677498,1.447012723990666,9.196319288513186,5.9045920838286445,7.066481750539339,3.903183199049003,127351791000.0,134073091000.0,17.108897710785104,10.141169383416017,43.9462338244936,58.57409207984546,7.934641591018124,7.934641591018124,10.676394221963864,46.454762828730814,46.26560302287864,61.66548201637384,0.0146122797754764,0.0170723943725298,0.55235169874331,0.2014534150481631,2.328852084127369,1.1227802706120822,0.0,1.5572572411198882,0.0062763153444775,0.4295233489171906,0.3717898693252853,0.0570477547997674,0.1698945842337644,0.2497325649608337,0.0576290621839638,1.9470002690341672,0.0,11.413455434741229,0.0481815290281449,0.050941412858402,-6.221679214546735,1417400000.0,13411100000.0,-10157500000.0,21997300000.0,5373950000.0,4908400000.0,3482350000.0,37.377746279234586,60.15858892494504,42.15128755364807,2.407849829351536,1.4960457286038682,2.1351660939289805,0.1159432028460881,0.3186280984458239,2002-01-22,0.8,bmo,12400926250.0,2025-04-25,2001-12-31,0.0125,61.8525,6362211.46875
2001-09-30,MRK,USD,310158,2001-11-13,2001-11-13 00:00:00,2001,Q3,11919600000.0,7082800000.0,4836800000.0,0.405785429,590300000,0.0,0.0,1525300000.0,0.0,2199300000.0,9282100000.0,0.0,0.0,368500000.0,2945000000.0,0.2470720494,2576500000.0,0.2161565824,206600000.0,2783100000.0,0.2334893788,834900000.0,1948200000.0,0.163445082,0.85,0.84,2282900000,2312400000,https://www.sec.gov/Archives/edgar/data/310158/000031015801500011/0000310158-01-500011-index.htm,https://www.sec.gov/Archives/edgar/data/310158/000031015801500011/body3q01.htm,5.221253668579439,0.8533882342634369,1.233036926716019,0.9851504665118928,1.6861886197380525,8.890972009286434,5.573349686801874,6.726838670112576,4.141442901572561,148708106000.0,156529006000.0,19.08275664716148,12.4759309037216,52.82891257238268,66.12187905735883,9.683597778168489,9.683597778168489,13.132068693580322,53.15076604414261,55.60730612099897,69.59938016896399,0.0131008325800343,0.015123587143259,0.6156596143702748,0.2163223934690291,2.655653650254669,1.0882962175513746,0.0,1.4448721897135817,0.0052317255657872,0.399342983266605,0.0,0.0495234739420785,0.1732912944794259,0.2010373370279583,0.0474764253834021,1.535685210312076,0.0,11.365017023058236,0.0499160796460486,0.0539192622565164,-6.008552718034079,1129600000.0,12723400000.0,-9485500000.0,21358700000.0,5391150000.0,4364000000.0,3269450000.0,41.77363334340078,59.82888123341052,43.01773309990399,2.154469046543154,1.5042902047404638,2.092160453713003,0.1268631932641778,0.2478864602041263,2001-10-18,0.83,bmo,11777700000.0,2025-04-25,2001-09-30,0.0120481927710843,63.40338983050848,6305416.610169492
2001-06-30,MRK,USD,310158,2001-08-13,2001-08-13 00:00:00,2001,Q2,11893100000.0,7204800000.0,4688300000.0,0.3942033616,602400000,0.0,0.0,1637400000.0,0.0,2320300000.0,9525100000.0,0.0,0.0,363400000.0,2667100000.0,0.2242560813,2303700000.0,0.1937005491,289800000.0,2593500000.0,0.218067619,778100000.0,1815400000.0,0.1526431292,0.79,0.78,2290800000,2328200000,https://www.sec.gov/Archives/edgar/data/310158/000031015801500010/0000310158-01-500010-index.htm,https://www.sec.gov/Archives/edgar/data/310158/000031015801500010/finalqbody.htm,5.191679762528374,0.7924742448053081,0.5213899074559106,0.1711629125196438,1.7285664396717304,8.609656015365811,5.470927187008905,6.4459140911471975,4.112449799196787,139601352000.0,146913752000.0,19.224599537292058,11.738012124677336,116.87989953114534,356.0350726855394,9.454050913228093,9.454050913228093,12.352856025762838,55.08370589779161,123.00213663764234,374.68439683754144,0.013004172051285,0.0028087120531612,0.6379932684558759,0.2256560115932309,2.741704473023134,1.1248601346047864,0.0,0.6579266277404429,0.0056088282010334,0.4313099041533546,0.0,0.0506512179330872,0.172226547061571,0.6717180174146015,0.0674592831137382,2.2077600440286185,0.0,10.720772839813826,0.0453757593941215,0.0525315192008866,-5.4791339270123975,1495300000.0,12532800000.0,-8554400000.0,21055900000.0,5129800000.0,4091100000.0,2999550000.0,39.72740496590461,50.21152564956696,39.39248834110593,2.2654386833784144,1.792417155935914,2.284699540193436,0.1229421046572262,0.3502269949362668,2001-07-20,0.78,bmo,11893100000.0,2025-04-25,2001-06-30,0.0,71.10095238095238,5577002.603174604
2001-03-31,MRK,USD,310158,2001-05-15,2001-05-15 00:00:00,2001,Q1,11345100000.0,7046500000.0,4298600000.0,0.3788948533,547400000,0.0,0.0,1506200000.0,0.0,2134200000.0,9180700000.0,0.0,0.0,360200000.0,2440300000.0,0.2150972667,2080100000.0,0.1833478771,287400000.0,2367500000.0,0.2086803995,710200000.0,1657300000.0,0.1460806868,0.72,0.71,2303700000,2345900000,https://www.sec.gov/Archives/edgar/data/310158/000031015801500006/0000310158-01-500006-index.htm,https://www.sec.gov/Archives/edgar/data/310158/000031015801500006/qfinalbody.htm,4.924729782523766,0.7194079090159309,0.9431349568086124,0.6684464122932674,1.736380605113513,8.58562312801146,5.423883318140383,6.449060207492295,3.2127881234535747,166718769000.0,171961569000.0,25.149153593193752,14.69522251897295,76.73345100566117,108.26597116695888,11.221790101435715,11.221790101435715,15.157342729460296,70.46738884563374,79.14648547889722,111.6706078316774,0.0099406924003859,0.0092365125368698,0.4981792726513963,0.1839915677057049,2.1484243740523707,1.236120729455217,0.0,1.3109877511615278,0.004706728610742,0.4734809630121281,0.0,0.0482499052454363,0.1810681071836087,0.2912505177889262,0.0557773840688931,1.7568017767906718,0.0,10.217086702053194,0.0433267950590558,0.0503087188017946,-4.890979728263229,2454900000.0,12495000000.0,-7595900000.0,21574600000.0,5013850000.0,4261950000.0,2933550000.0,39.742443874448,53.16596892074079,36.34485205421131,2.264581420415985,1.6928121846922597,2.4762791678380656,0.1115523635800682,0.2746885445153448,2001-04-20,0.71,bmo,11345100000.0,2025-04-25,2001-03-31,0.0,75.39725806451614,6349925.048387097
2000-12-31,MRK,USD,310158,2001-03-13,2001-03-13 00:00:00,2000,Q4,11467300000.0,6016700000.0,5450600000.0,0.4753167703,662300000,4393600000.0,-2619400000.0,1774200000.0,-961600000.0,3071300000.0,9088000000.0,0.0,0.0,315700000.0,2819300000.0,0.2458556068,2503600000.0,0.2183251506,131800000.0,2511100000.0,0.2189791843,746700000.0,1764400000.0,0.1538635947,0.77,0.77,2303700000,2303700000,https://www.sec.gov/Archives/edgar/data/310158/000031015801500003/0000310158-01-500003-index.htm,https://www.sec.gov/Archives/edgar/data/310158/000031015801500003/final10k.htm,4.97777488388245,0.7658983374571342,0.9552893171853974,0.6004254026131874,1.8468550592525068,8.618049225159526,5.417024786213482,6.438511959022442,3.003863350262621,205651299000.0,210034499000.0,29.138984782362275,17.933715783139885,93.44812968600898,148.67792004048582,13.865004921657992,13.865004921657992,18.31595048529296,74.49881140708686,95.4398595901304,151.84680378831695,0.0085795713840835,0.0067259482761643,0.4665462096491464,0.1733883899935856,1.5547121625935516,1.3752780753069127,0.0,1.2472795284515985,0.0038025531752172,0.443210156427114,0.3831416288053857,0.0577555309445117,0.1847688822963438,0.3714727132276094,0.0712896671404777,2.5894836870446625,0.0,10.533424235026622,0.0524798612749135,0.0542288281975153,-4.570137170638538,3643800000.0,12479200000.0,-6703600000.0,22500100000.0,4794600000.0,4205150000.0,3060700000.0,39.38250503605905,65.23792111955058,45.19670251134343,2.2852787022459595,1.3795657258156973,1.9912957140493133,0.1189557994660338,0.3548639145722099,2001-01-23,0.75,bmo,11467300000.0,2025-04-25,2000-12-31,0.0,83.07730158730159,6802085.158730159
2000-09-30,MRK,USD,310158,2000-11-13,2000-11-13 00:00:00,2000,Q3,10567500000.0,5710500000.0,4857000000.0,0.4596167495,609800000,0.0,0.0,1512800000.0,0.0,2445400000.0,8155900000.0,0.0,0.0,322800000.0,2432600000.0,0.2301963568,2109800000.0,0.1996498699,531800000.0,2641600000.0,0.2499739768,805700000.0,1835900000.0,0.1737307783,0.8,0.78,2299400000,2342900000,https://www.sec.gov/Archives/edgar/data/310158/000031015800500003/0000310158-00-500003-index.htm,https://www.sec.gov/Archives/edgar/data/310158/000031015800500003/final3q.htm,4.595764112377142,0.798425676263373,0.7519352874662956,0.4421588240410541,1.2329738192571975,8.060885448377837,4.817256675654519,5.879794729059754,2.87557623727929,163211412000.0,168288412000.0,22.22498665504657,15.444656919801275,94.39642105263158,160.53055178518738,12.07185,12.07185,15.925092216702152,69.18047027871414,97.3328004626952,165.52415855217862,0.0112486006799573,0.0062293438157375,0.4890606508875739,0.1739678380113451,2.0870673353613416,1.3005661752340378,0.0,0.9417211328976036,0.0040879494382414,0.3634184868456888,0.0,0.0577052282942985,0.1962344373230617,0.4119722382880277,0.0674047788029335,2.206629491945477,0.0,10.277549774332662,0.0454489537671669,0.0600965000720149,-5.070398799686875,2680900000.0,11076800000.0,-7872000000.0,21061700000.0,4217250000.0,3986350000.0,3013900000.0,38.93229240596168,63.8140267927502,48.85579196217494,2.311705641721173,1.4103482341318845,1.8421561985870512,0.1357914201183432,0.3097764634252413,2000-10-20,0.73,bmo,9890096153.0,2025-04-25,2000-09-30,0.0684931506849315,67.69380952380952,4796352.73015873
2000-06-30,MRK,USD,310158,2000-08-09,2000-08-09 00:00:00,2000,Q2,9477100000.0,4846700000.0,4630400000.0,0.4885882812,548000000,0.0,0.0,1463600000.0,0.0,2330500000.0,7177200000.0,0.0,0.0,318900000.0,2336600000.0,0.2465522153,2017700000.0,0.2129026812,459600000.0,2477300000.0,0.2613985291,755600000.0,1721700000.0,0.1816694981,0.74,0.73,2300200000,2345700000,https://www.sec.gov/Archives/edgar/data/310158/000031015800000008/0000310158-00-000008-index.htm,https://www.sec.gov/Archives/edgar/data/310158/000031015800000008/0000310158-00-000008-0001.htm,4.120119989566125,0.7485001304234414,0.7276323797930615,0.426049908703591,1.7005912529345275,7.70776454221372,4.425832536301191,5.529519172245892,3.140335622989306,168052612000.0,172470012000.0,24.402133356566186,17.732493273258697,100.4078460895023,171.48225714285715,13.212722069345077,13.212722069345077,18.198606324719588,73.81238209364034,103.04714823445062,175.9898081632653,0.0102450058913693,0.0058315070996932,0.5679220064470477,0.1929156885210438,1.8905246939998288,1.308624919873566,0.0,0.9721205784979962,0.0039975576220142,0.3901957367717953,0.0,0.0578235958257272,0.2016141739643674,0.4144709326641572,0.0731974971246478,2.175290059579805,0.0,9.650079325379238,0.043577020075801,0.0575931117072877,-4.973850099991305,2792500000.0,10180300000.0,-7873200000.0,20748000000.0,3777450000.0,3932800000.0,2952700000.0,36.687172236232605,72.86050302267522,54.369158396434685,2.4531735348933528,1.2352371486097309,1.6553502510331637,0.1353644154414655,0.3015824710894705,2000-07-24,0.69,bmo,8957806849.0,2025-04-25,2000-06-30,0.0579710144927536,67.02111111111111,5220910.73015873
2000-03-31,MRK,USD,310158,2000-05-09,2000-05-09 00:00:00,2000,Q1,8851400000.0,4592300000.0,4259100000.0,0.4811781187,523600000,0.0,0.0,1417200000.0,0.0,2260700000.0,6853000000.0,0.0,0.0,319900000.0,2039900000.0,0.2304607181,1720000000.0,0.1943195427,474000000.0,2194000000.0,0.2478703934,694400000.0,1499600000.0,0.1694195269,0.65,0.63,2317500000,2363100000,https://www.sec.gov/Archives/edgar/data/310158/000031015800000004/0000310158-00-000004-index.html,https://www.sec.gov/Archives/edgar/data/310158/000031015800000004/0000310158-00-000004-d1.html,3.8193743257820927,0.6470765911542611,0.8992017259978425,0.681596548004315,1.4207982740021574,7.378295577130529,4.162977346278317,5.221877022653722,2.5022653721682846,137288700000.0,140865000000.0,22.88755334755935,15.510393836003344,65.88065646144248,86.91358571790326,11.344579687151391,11.344579687151391,15.914431615337689,69.05485563017795,67.59681366668266,89.17763990883768,0.0109229674401462,0.0115056810939283,0.479188874290389,0.1620810321311182,1.7531741752046668,1.3875098576739644,0.0,1.3896372365964258,0.0049312142951313,0.4514537209922646,0.0,0.0591544840364236,0.2082681170762247,0.2419981764959931,0.0569740380052872,1.5764301344170053,0.0,8.71931612129211,0.0389984768423682,0.0529390791085505,-4.802146709816613,3095700000.0,9647700000.0,-7594800000.0,20493800000.0,3890350000.0,4050300000.0,2912200000.0,37.536773843685744,77.25344598567168,58.353112819284455,2.3976487796949915,1.1649965752555873,1.542334172963896,0.1239164745448986,0.2176051779935275,2000-04-24,0.62,bmo,8710901587.0,2025-04-25,2000-03-31,0.0161290322580645,63.48873015873016,7440117.587301588
1999-12-31,MRK,USD,310158,2000-03-02,2000-03-02 00:00:00,1999,Q4,8963400000.0,4440100000.0,4523300000.0,0.504641096,627800000,0.0,0.0,1588600000.0,0.0,2498700000.0,6938800000.0,0.0,0.0,282300000.0,2333400000.0,0.260325323,2051100000.0,0.2288305777,160300000.0,2211400000.0,0.2467144164,638200000.0,1573200000.0,0.1755137559,0.68,0.68,2317500000,2317500000,https://www.sec.gov/Archives/edgar/data/310158/000031015800000001/0000310158-00-000001-index.html,https://www.sec.gov/Archives/edgar/data/310158/000031015800000001/0000310158-00-000001.txt,3.867702265372168,0.6788349514563107,0.5783818770226538,0.2241639697950377,1.3818338727076591,7.206947141316073,3.934368932038835,5.713743257820927,2.59024811218986,148459050000.0,152440050000.0,23.591890732265448,16.56280540866189,110.7572739480752,285.7729547641964,11.211564312469791,11.211564312469791,17.00694490929781,65.32958344047313,113.72728290062668,293.4360923965351,0.0105968615587934,0.0034992814516865,0.4533364548090865,0.1684556432037132,1.7060941115968116,1.285472895830479,0.0,0.8520213577421816,0.0045689366865812,0.4311594202898551,0.0,0.0700403864604949,0.2128306800355831,0.6124291256341391,0.0915835508847089,2.907899397803755,0.0,9.341867806213893,0.0490720344717291,0.056084161892573,-4.850140237324704,2500400000.0,9117900000.0,-7673600000.0,19761300000.0,3793600000.0,3962000000.0,2796800000.0,41.05696499096325,84.29607441273845,57.706132744758,2.1920763022743945,1.0676653761992931,1.5596262601426112,0.118807394876752,0.354217907227616,2000-01-26,0.66,bmo,8963400000.0,2025-04-25,1999-12-31,0.0,70.9409375,4824605.421875
1999-09-30,MRK,USD,310158,1999-11-12,1999-11-12 00:00:00,1999,Q3,8195700000.0,4158400000.0,4037300000.0,0.4926119795,516000000,0.0,0.0,1272700000.0,0.0,2074000000.0,6232400000.0,0.0,0.0,285300000.0,1931600000.0,0.2356845663,1646300000.0,0.2008736289,588400000.0,2234700000.0,0.2726673744,695100000.0,1539600000.0,0.1878546067,0.65,0.64,2368615385,2405625000,https://www.sec.gov/Archives/edgar/data/310158/000031015899000019/0000310158-99-000019-index.html,https://www.sec.gov/Archives/edgar/data/310158/000031015899000019/0000310158-99-000019.txt,3.4601227585963685,0.6499999998944531,0.6547285008030124,0.3801376980416768,1.5958268378806464,7.060242919092582,3.8207553903902394,5.427896855444938,2.032579890550698,146380430793.0,149091430793.0,23.76923077309041,17.860637992239834,94.3902700496518,162.5726685839627,11.38562534363673,11.38562534363673,18.191421207828498,77.18545806222821,96.13840004707248,165.58355263549532,0.0105177993510429,0.0061510954375675,0.3744691442527573,0.139194795807734,1.4034996893766825,1.436120418779906,0.0,1.0072746167835802,0.0043448430678509,0.4130943102104443,0.0,0.0629598447966616,0.2218460426454644,0.4193964405468146,0.0793586880925363,2.279705573080967,0.0,8.9097133229971,0.0397715480377277,0.057203578753381,-4.258859443319879,3345000000.0,9049900000.0,-6849600000.0,20056100000.0,3439150000.0,3699000000.0,2656500000.0,38.41502251180497,81.4921604463255,59.44666217776067,2.342833457206563,1.1044007117626748,1.5139622091964904,0.1197517228505203,0.2745908027613356,1999-10-21,0.64,bmo,8195700000.0,2025-04-25,1999-09-30,0.0,65.26828125,4646212.84375
1999-06-30,MRK,USD,310158,1999-08-10,1999-08-10 00:00:00,1999,Q2,8018200000.0,4155700000.0,3862500000.0,0.4817165947,482700000,0.0,0.0,1184400000.0,0.0,1959400000.0,6115100000.0,0.0,0.0,292300000.0,1641700000.0,0.2047467013,1349400000.0,0.1682921354,981200000.0,2330600000.0,0.29066374,852500000.0,1478100000.0,0.1843431194,0.63,0.61,2357600000,2413600000,https://www.sec.gov/Archives/edgar/data/310158/000031015899000015/0000310158-99-000015-index.html,https://www.sec.gov/Archives/edgar/data/310158/000031015899000015/0000310158-99-000015.txt,3.401001017984391,0.6269511367492365,0.5394893111638955,0.2793942992874109,0.961952833389888,7.07842721411605,3.792500848320326,5.503435697319308,1.6224974550390228,165503520000.0,167060820000.0,27.992612137203167,20.640981766481257,130.12305998899285,251.25781083953245,12.755668251778436,12.755668251778436,20.835202414507,101.76086983005422,131.34744869879708,253.62201305601943,0.0089309278739207,0.0039799757733249,0.2948153742996092,0.1151818272152146,0.9485898763476884,1.5932371726308712,0.0,0.8604965834517285,0.0038549029047841,0.431635207360801,0.0,0.0602005437629393,0.2332693969605632,0.4821133736929003,0.0764760170611858,2.097844680123161,0.0,8.810997020505967,0.0313737078246508,0.0580484778032611,-4.426482439769257,3882500000.0,8941200000.0,-6094900000.0,20154400000.0,3256300000.0,3514050000.0,2526050000.0,37.93981192786411,78.67338835815866,55.57836224944053,2.3721783379189967,1.1439700498251988,1.61933522970814,0.1139199531402939,0.2600950118764845,1999-07-23,0.61,bmo,8018200000.0,2025-04-25,1999-06-30,0.0,68.94190476190477,5745730.841269841
1999-03-31,MRK,USD,310158,1999-05-13,1999-05-13 00:00:00,1999,Q1,7536700000.0,3952600000.0,3584100000.0,0.4755529608,441800000,0.0,0.0,1154300000.0,0.0,1881000000.0,5833600000.0,0.0,0.0,284900000.0,1727400000.0,0.2291984556,1442500000.0,0.1913967652,400300000.0,1842800000.0,0.2445101968,543200000.0,1299600000.0,0.1724362121,0.55,0.54,2361900000,2424900000,https://www.sec.gov/Archives/edgar/data/310158/000031015899000009/0000310158-99-000009-index.html,https://www.sec.gov/Archives/edgar/data/310158/0000310158-99-000009.txt,3.1909479656208983,0.5502349803124603,0.833058131165587,0.6315254667852153,0.7589652398492739,7.226851263813032,3.757906769973327,5.649096066725941,1.6292391718531691,180449160000.0,182504660000.0,34.71244228993537,23.942728249764485,91.71028664362676,120.97691069991954,13.524287620104028,13.524287620104028,24.21546034736689,105.65280768785458,92.7549603577963,122.35496111558058,0.0072020285381212,0.0082660401411677,0.2884070570953188,0.1191764403467424,1.1899386361004978,1.6563937363262071,0.0,1.5140043090181594,0.0035322968530305,0.4904586026469683,0.0,0.0586198203457746,0.2537481688867141,0.2419190892457816,0.0631576154019663,1.6707616707616708,0.0,8.362860211602742,0.0375182451830744,0.0539347106134679,-4.164073415470596,3810300000.0,8875800000.0,-5604800000.0,20124800000.0,3253300000.0,3538750000.0,2554850000.0,37.406955298738175,77.3126549612913,56.60122451044882,2.4059696727853157,1.164104376509395,1.5900716067262048,0.0974023053977485,0.2015326643803717,1999-04-23,0.54,bmo,7399669090.0,2025-04-25,1999-03-31,0.0185185185185185,74.36999999999999,5467681.016393443
1998-12-31,MRK,USD,310158,1999-02-25,1999-02-25 00:00:00,1998,Q4,7530700000.0,3593700000.0,3937000000.0,0.5227933658,541200000,0.0,0.0,1370200000.0,0.0,2163500000.0,5757200000.0,0.0,0.0,252100000.0,1698200000.0,0.2255036052,1446100000.0,0.1920273016,510400000.0,1956500000.0,0.2598032055,555800000.0,1400700000.0,0.1859986455,0.59,0.59,2329749867,2361900000,https://www.sec.gov/Archives/edgar/data/310158/000031015899000004/0000310158-99-000004-index.html,https://www.sec.gov/Archives/edgar/data/310158/0000310158-99-000004.txt,3.232407095143317,0.6012233415442448,0.5425045915454922,0.2523876096437609,1.1186608643768194,7.085224140931349,3.5281040752174446,5.494924661798468,1.6503917671433008,164247365623.5,165486165623.5,29.31522910393018,21.81037162860026,129.95281717184906,279.3322544617347,12.830021217602212,12.830021217602212,21.974871608681795,97.447983525792,130.93295800577576,281.43905718282315,0.008527990660202,0.0035799660942377,0.3003483885078661,0.1207092492481179,0.7294782711105877,1.6854238070129186,0.0,0.9023345470122082,0.0038965617352247,0.4569143999428857,0.0,0.0718658292057843,0.2601668895628096,0.534773320674104,0.0897526126389313,2.6810789369297896,0.0,8.621643216391988,0.0392026057449598,0.0594368205310996,-3.81924047986221,4159700000.0,8219600000.0,-5118100000.0,20290700000.0,3230150000.0,3510750000.0,2495200000.0,40.32413985419682,92.21387427998998,65.71249686952166,2.2319136955039864,0.9759919611091497,1.369602500095278,0.1094143011139058,0.2901169819017313,1999-01-26,0.58,bmo,7530700000.0,2025-04-25,1998-12-31,0.0,68.17234375,5905686.859375
1998-09-30,MRK,USD,310158,1998-11-09,1998-11-09 00:00:00,1998,Q3,6838300000.0,3544100000.0,3294200000.0,0.4817279148,450400000,0.0,0.0,1087200000.0,0.0,1621900000.0,5166000000.0,0.0,0.0,666500000.0,1219300000.0,0.1783045494,552800000.0,0.080838805,2162500000.0,2715300000.0,0.3970723718,1348300000.0,1367000000.0,0.1999034848,0.57,0.56,2398245614,2441071429,https://www.sec.gov/Archives/edgar/data/310158/000031015898000016/0000310158-98-000016-index.html,https://www.sec.gov/Archives/edgar/data/310158/0000310158-98-000016.txt,2.851376005893949,0.5700000000083394,0.6198280907186515,0.4010014630636577,1.0129487929921426,6.755855157377555,3.262634967128934,5.237495245138808,1.498553767395736,148139631576.78,149304231576.78,27.092105262761525,21.66322500866882,99.65666436379416,154.03933823102838,11.793805456402458,11.793805456402458,21.83353049395025,122.45077632804067,100.44011542332996,155.2503187862951,0.0092277804760942,0.0064918481959471,0.2861203108082287,0.1153480758738004,0.955138194045764,1.7825179409329286,0.0,1.0874177029992684,0.003626983503881,0.393050475493782,0.0,0.0658643230042554,0.2688833969894406,0.3530440632357887,0.0767442200546919,0.7873968492123031,0.0,8.195784069867138,0.0106108516483697,0.0600103602377586,-3.764251645995088,4536100000.0,7824600000.0,-4621900000.0,20237700000.0,2979950000.0,3339450000.0,2347550000.0,40.61798985127883,84.80178324539375,60.09565192855733,2.215766962607738,1.0612984368449423,1.497612507923093,0.1088306477294439,0.2188266276549938,1998-10-16,0.56,bmo,6838300000.0,2025-04-25,1998-09-30,0.0,61.63078125,6855420.84375
1998-06-30,MRK,USD,310158,1998-08-11,1998-08-11 00:00:00,1998,Q2,6470400000.0,3383400000.0,3087000000.0,0.4770956973,441000000,0.0,0.0,1058800000.0,0.0,1548100000.0,4931500000.0,0.0,0.0,48200000.0,1587200000.0,0.2453016815,1186500000.0,0.1833735163,287200000.0,1826100000.0,0.2822236647,510000000.0,1316100000.0,0.2034031899,0.56,0.54,2350178571,2437222222,https://www.sec.gov/Archives/edgar/data/310158/000031015898000014/0000310158-98-000014-index.html,https://www.sec.gov/Archives/edgar/data/310158/0000310158-98-000014.txt,2.753152496512998,0.5600000001021199,0.4480936099897747,0.2535126510605904,0.6062943546428924,6.318413495567524,3.482799180028776,5.8138560910229655,1.2317361904837143,149870887472.67,151340787472.67,28.46874999480853,23.16253824688891,142.3140133630899,251.5456318775932,10.968623750158818,10.968623750158818,23.38971121919356,95.35079855888988,143.70979723926504,254.0127349323095,0.0087815587282753,0.0039754218450774,0.211862173951228,0.1052884265657961,0.9260962701612904,1.4828752854119098,0.0,0.8001671605501102,0.0035917582732547,0.409011473292303,0.0,0.0681565281899109,0.2423874299847239,0.434241762415725,0.0706756923837784,9.487551867219915,0.0,8.558889341512007,0.0371076029494771,0.0631835159243007,-3.36149988663989,2897300000.0,8185200000.0,-3747200000.0,16588300000.0,2724000000.0,3159700000.0,2203700000.0,39.97171735905045,88.83223975882248,61.94183365845007,2.251592024219647,1.0131456804910914,1.4529760371038392,0.0963216136303756,0.1945809589291842,1998-07-21,0.54,bmo,6239314285.0,2025-04-25,1998-06-30,0.037037037037037,58.18952380952381,5618154.492063492
1998-03-31,MRK,USD,310158,1998-05-08,1998-05-08 00:00:00,1998,Q1,6058800000.0,3235600000.0,2823200000.0,0.4659668581,388500000,0.0,0.0,995100000.0,0.0,1431900000.0,4667500000.0,0.0,0.0,48300000.0,1114000000.0,0.1838647917,1065700000.0,0.1758929161,569500000.0,1635200000.0,0.2698884268,470800000.0,1164400000.0,0.1921832706,0.49,0.48,2376326531,2425833333,https://www.sec.gov/Archives/edgar/data/310158/000031015898000007/0000310158-98-000007-index.html,https://www.sec.gov/Archives/edgar/data/310158/0000310158-98-000007.txt,2.5496496045307167,0.4899999999200446,0.6416626587754072,0.5089367913975456,0.6718773616217307,6.047695808013516,3.2187495700690807,5.532194262237104,1.0532222602197594,145217314309.41,146123514309.41,31.178571433658966,23.96799932485145,95.23695849253016,120.07385009873492,11.0462498428767,11.0462498428767,24.117566895987657,131.170120565,95.83126594268757,120.8231472708864,0.008018327604648,0.008328208008469,0.1903805633524261,0.094803389406778,0.8134649910233394,1.7191144819104234,0.0,1.3095156303675712,0.0037013492678618,0.461611130195809,0.0,0.0641216082392552,0.2546411160648336,0.2068467995802728,0.0520565128408265,6.530020703933747,0.0,7.809765792340491,0.0342146872486164,0.0591744844339191,-3.140088242359484,3508200000.0,7648800000.0,-3641900000.0,16975100000.0,2725500000.0,3124400000.0,2111950000.0,38.2397504456328,82.88756335764619,57.82296946470515,2.3535718447733363,1.0858082485989462,1.5564748893592455,0.0885724500429778,0.1327258673778616,1998-04-16,0.48,bmo,6058800000.0,2025-04-25,1998-03-31,0.0,57.389016393442624,5472302.163934426
1997-12-31,MRK,USD,310158,1998-03-19,1998-03-19 00:00:00,1997,Q4,6232100000.0,2231600000.0,4000500000.0,0.6419184545,493900000,0.0,0.0,1146000000.0,0.0,2529600000.0,4761200000.0,0.0,0.0,889700000.0,2101500000.0,0.3372057573,1211800000.0,0.1944448902,459900000.0,1671700000.0,0.26824024,429500000.0,1242200000.0,0.1993228607,0.52,0.52,2376326531,2376326531,https://www.sec.gov/Archives/edgar/data/310158/000031015898000004/0000310158-98-000004-index.html,https://www.sec.gov/Archives/edgar/data/310158/0000310158-98-000004.txt,2.6225772925985145,0.5227396082967017,0.8231192028887043,0.6298376845416789,0.4734618686963606,5.806399002831316,2.953045344760324,5.307982651143493,0.9464187562866544,120099542876.74,121223442876.74,24.170733955228624,19.27111934608559,61.40058429281186,80.24289628966393,9.52150813626194,9.52150813626194,19.45145984126378,57.684245956098025,61.97517529485685,80.99381497744372,0.0103430868281895,0.0124621623375876,0.1783010266777658,0.0871303546038842,0.5348084701403759,1.4748769888302269,0.0,1.5746256641442602,0.0045137557314132,0.436403155691515,0.0,0.0792509747918037,0.2626889148028623,0.2348159509202454,0.0736990741483609,0.516241429695403,0.0,7.90130289052697,0.0425833682644443,0.0652710783231921,-3.2229682663926797,2644400000.0,7017400000.0,-3801000000.0,16034300000.0,2921550000.0,3165900000.0,2185900000.0,41.54346047078834,131.8341100555655,86.51147158989066,2.1664059512636005,0.6826761295848757,1.0403244603981163,0.0984817853886708,0.1932815183470255,1998-01-27,0.51,bmo,6109901960.0,2025-04-25,1997-12-31,0.0196078431372549,46.36640625,7274032.046875
1997-09-30,MRK,USD,310158,1997-11-03,1997-11-03 00:00:00,1997,Q3,5927700000.0,2991000000.0,2936700000.0,0.4954198087,424700000,0.0,0.0,1048400000.0,0.0,1521600000.0,4512600000.0,0.0,0.0,48500000.0,1109300000.0,0.1871383505,1060800000.0,0.1789564249,634100000.0,1694900000.0,0.2859287751,497700000.0,1197200000.0,0.2019670361,0.5,0.49,2394400000,2443265306,https://www.sec.gov/Archives/edgar/data/310158/000031015897000017/0000310158-97-000017-index.html,https://www.sec.gov/Archives/edgar/data/310158/0000310158-97-000017.txt,2.475651520213832,0.5,0.6905696625459405,0.5169144670898764,0.5353324423655196,5.876044102906783,3.0145756765786835,5.360090210491146,0.9507183427998664,114164992000.0,115159592000.0,23.84,19.259576564266077,69.0444463259752,92.239631574695,8.895372676130963,8.895372676130963,19.427365082578405,103.81284774181916,69.64595827033565,93.04321887371738,0.010486577181208,0.010841326910442,0.1773698399588599,0.0878993582466464,0.8966014603804201,1.5388566073102157,0.0,1.381139325091881,0.0044400651295976,0.4234046107584363,0.0,0.0716466757764394,0.264559151742619,0.2514665860296341,0.0701452502657017,8.57319587628866,0.0,7.765372809339253,0.0354289342537527,0.0628573528716863,-3.0104619111259607,2874800000.0,7218100000.0,-3618400000.0,16022300000.0,2831700000.0,2886350000.0,2198750000.0,45.03871653423756,92.16349047141424,67.00200601805416,1.998280744336569,0.9765255150347708,1.34324336462029,0.0932820121238565,0.1736551954560641,1997-10-16,0.5,bmo,5927700000.0,2025-04-25,1997-09-30,0.0,47.10046875,6300162.75
1997-06-30,MRK,USD,310158,1997-08-08,1997-08-08 00:00:00,1997,Q2,5909200000.0,2944300000.0,2964900000.0,0.5017430447,396400000,0.0,0.0,1044200000.0,0.0,1488900000.0,4433200000.0,0.0,0.0,48300000.0,1307200000.0,0.2212143776,1258900000.0,0.2130406823,373400000.0,1632300000.0,0.276230285,477900000.0,1154400000.0,0.1953563934,0.48,0.47,2405000000,2456170213,https://www.sec.gov/Archives/edgar/data/310158/000031015897000016/0000310158-97-000016-index.html,https://www.sec.gov/Archives/edgar/data/310158/0000310158-97-000016.txt,2.457047817047817,0.48,0.5048232848232849,0.3750519750519751,0.6598752598752599,6.284116424116424,3.382702702702703,5.331018711018711,0.9245738045738046,117388050000.0,118024650000.0,25.421875000000004,19.86530325593989,96.68729923400048,130.1419623059867,9.155848562135857,9.155848562135857,19.973033574764777,90.28813494492044,97.21163825055596,130.84772727272727,0.0098340503995082,0.0076839167189505,0.1734328567751597,0.0867648149087517,0.4869951040391677,1.829024549207039,0.0,1.051715176715177,0.0043292311270184,0.4402286902286902,0.0,0.0670818384891355,0.2722774788414189,0.2570628449056915,0.0528159480132674,6.461697722567288,0.0,7.5878193230336,0.0413686165748566,0.0618981233243967,-2.4197297297297298,3816000000.0,8135400000.0,-2095600000.0,16929200000.0,2709400000.0,2748700000.0,2129450000.0,41.07662627766872,82.83191250891554,66.35600991746765,2.1910270671116057,1.086537751863606,1.3563202505988576,0.0900390762103095,0.1297713097713097,1997-07-17,0.48,bmo,5909200000.0,2025-04-25,1997-06-30,0.0,43.608125,6101225.671875
1997-03-31,MRK,USD,310158,1997-05-02,1997-05-02 00:00:00,1997,Q1,5567900000.0,2786300000.0,2781600000.0,0.4995779378,368600000,0.0,0.0,1060700000.0,0.0,1477100000.0,4263400000.0,0.0,0.0,47800000.0,1125800000.0,0.2021947233,1078000000.0,0.193609799,385400000.0,1463400000.0,0.2628279962,443100000.0,1020300000.0,0.1832468256,0.42,0.41,2429285714,2488536585,https://www.sec.gov/Archives/edgar/data/310158/000031015897000008/0000310158-97-000008-index.html,https://www.sec.gov/Archives/edgar/data/310158/0000310158-97-000008.txt,2.291990591272213,0.4200000000493972,0.614583945970548,0.5068979712445632,0.7148603352796072,6.030044105384304,3.2763128495473466,5.117635990016776,0.7038282858810736,97657285702.8,97630485702.8,23.92857142575713,17.5393390152122,65.41010428854655,79.30590035959071,7.855189403548849,7.855189403548849,17.534525710375547,86.72098570154557,65.39215385318151,79.2841365135618,0.0104477611952586,0.0126094022697652,0.1375299625166905,0.069131988808203,-0.0238052940131462,1.7136838592612675,0.0,1.4632951092815838,0.0049427955787036,0.4730961481917083,0.0,0.0662009015966522,0.2704792094580388,0.1752176825184193,0.0469836024353885,5.472803347280335,0.0,6.9542548207084325,0.0368154368286893,0.0565488726805152,-2.165945310457624,3421900000.0,7959100000.0,-1867100000.0,16085000000.0,2688850000.0,2862700000.0,2118450000.0,43.99540221627544,90.0419911710871,67.44751103614112,2.0456683077375266,0.9995336490170756,1.3343709592452468,0.0820691430318045,0.1076859747259848,1997-04-16,0.42,bmo,5567900000.0,2025-04-25,1997-03-31,0.0,42.97868852459016,6098483.737704918
1996-12-31,MRK,USD,310158,1997-03-03,1997-03-03 00:00:00,1996,Q4,5406100000.0,1743000000.0,3663100000.0,0.6775864301,423300000,0.0,0.0,1139000000.0,0.0,2345200000.0,4088200000.0,0.0,0.0,782900000.0,1876300000.0,0.3470709014,1093400000.0,0.2022530105,376600000.0,1470000000.0,0.2719150589,426500000.0,1043500000.0,0.1930226966,0.43,0.43,2426839744,2429285714,https://www.sec.gov/Archives/edgar/data/310158/000031015897000003/0000310158-97-000003-index.html,https://www.sec.gov/Archives/edgar/data/310158/0000310158-97-000003.txt,2.227629580142561,0.4299830685482625,0.7809333124222974,0.6337460080759251,0.5572679462430956,5.884484146638403,3.108610701902202,4.932546547251535,0.7260471171845124,92122836682.24,92532436682.24,22.070636483526595,17.040535077456948,48.60850394799493,59.89781318741223,7.69582195248653,7.69582195248653,17.11630134149202,49.3164401653467,48.824628895230056,60.16413308338102,0.0113272673484789,0.0166951003181223,0.1471951881709201,0.072530883254916,0.2183019772957416,1.599975151163754,0.0,1.816195495927168,0.0052278025443483,0.4615237182558697,0.0,0.0783004383936664,0.2773050783967464,0.1884761502743773,0.0660735095540223,0.4562523949418827,0.0,6.908003239232588,0.0386729067312026,0.059436675875032,-2.3049214575579327,2897400000.0,7544100000.0,-2285800000.0,15560700000.0,2689600000.0,2884500000.0,2034950000.0,44.21505336564252,151.69363166953528,110.95352839931152,2.0355058548891147,0.5933011096739056,0.811150409530901,0.0871726327221085,0.1471873043463722,1997-01-28,0.43,bmo,5280376744.0,2025-04-25,1996-12-31,0.0232558139534883,36.95359375,4937304.53125
1996-09-30,MRK,USD,310158,1996-10-30,1996-10-30 00:00:00,1996,Q3,4983400000.0,2328400000.0,2655000000.0,0.5327687924,366800000,0.0,0.0,941800000.0,0.0,1358600000.0,3687000000.0,0.0,0.0,50000000.0,1134200000.0,0.2275956174,1084200000.0,0.2175623069,353200000.0,1437400000.0,0.2884376129,435500000.0,1001900000.0,0.2010474776,0.42,0.41,2385476190,2443658537,https://www.sec.gov/Archives/edgar/data/310158/000031015896000017/0000310158-96-000017-index.html,https://www.sec.gov/Archives/edgar/data/310158/0000310158-96-000017.txt,2.089058788719245,0.4200000000838407,0.5228306219229126,0.412747779301876,0.563493362723524,5.749753469557791,2.902229764028791,4.777452840558429,0.9136540574735312,80032726174.5,80868026174.5,19.97023809125162,16.05986398332464,64.16992156390313,81.28450759140767,7.022570629096652,7.022570629096652,16.227480470060602,71.29961750529007,64.83966178199167,82.13287240960797,0.0125186289145705,0.0123024673413375,0.1912429254595709,0.090882555303046,0.7364662317051667,1.5547939730626277,0.0,1.244834813853678,0.0051453951362612,0.4110190637788202,0.0,0.0736043664967692,0.2832475032837812,0.2105516356638871,0.0526949472247862,5.252,0.0,6.719146474983964,0.0381118215812143,0.0582879549474076,-2.481003593668231,2776300000.0,6923200000.0,-2485100000.0,15235700000.0,2611300000.0,2820400000.0,1866050000.0,49.18268651924389,109.4348050163202,74.25657103590449,1.8299122388278928,0.8224074597343882,1.2120139503409506,0.0879129557320229,0.1100828426210366,1996-10-16,0.41,bmo,4864747619.0,2025-04-25,1996-09-30,0.024390243902439,31.7446875,4606486.0
1996-06-30,MRK,USD,310158,1996-08-06,1996-08-06 00:00:00,1996,Q2,4908800000.0,2283800000.0,2625000000.0,0.5347539113,347700000,0.0,0.0,946200000.0,0.0,1341100000.0,3624900000.0,0.0,0.0,47200000.0,1145300000.0,0.233315678,1098100000.0,0.2237002934,296300000.0,1394400000.0,0.2840612777,422300000.0,972100000.0,0.1980321056,0.4,0.39,2430250000,2492564103,https://www.sec.gov/Archives/edgar/data/310158/000031015896000013/0000310158-96-000013-index.html,https://www.sec.gov/Archives/edgar/data/310158/0000310158-96-000013.txt,2.019874498508384,0.4,0.4533278469293282,0.3252340294208414,0.6940849706820286,5.613208517642218,2.839790145046806,4.6634296883036725,0.7568357164900731,76625782500.0,76778282500.0,19.70625,15.609880724413298,69.55231233548153,96.94557502530364,6.761118341524534,6.761118341524534,15.640947380215124,67.03770409499694,69.69073477353182,97.13851530870446,0.0126863304789089,0.01031506595055,0.1622916537989817,0.0791226092866791,0.1331528857068017,1.445207037767329,0.0,1.1333196173233206,0.0051810237631178,0.4083941981277646,0.0,0.0708319752281616,0.2899441629169498,0.2825633112462558,0.0634167209908735,6.595338983050848,0.0,6.478492663786311,0.041820669616134,0.0588933788114697,-2.114154922333093,2348200000.0,6901400000.0,-1982100000.0,14657500000.0,2465750000.0,2853750000.0,1846850000.0,45.82321544980443,110.72072861021104,71.36789561257554,1.9640699395830832,0.8128559225512528,1.2610712313638874,0.0857737816875932,0.1280938175084867,1996-07-18,0.4,bmo,,2025-04-25,1996-06-30,0.0,29.73444444444445,6089787.507936508
1996-03-31,MRK,USD,310158,1996-05-10,1996-05-10 00:00:00,1996,Q1,4530400000.0,2233100000.0,2297300000.0,0.5070854671,349500000,0.0,0.0,814300000.0,0.0,1210800000.0,3443900000.0,0.0,0.0,47000000.0,917100000.0,0.2024324563,870100000.0,0.1920580964,368900000.0,1239000000.0,0.2734857849,375200000.0,863800000.0,0.1906674907,0.35,0.35,2468000000,2468000000,https://www.sec.gov/Archives/edgar/data/310158/000031015896000008/0000310158-96-000008-index.html,https://www.sec.gov/Archives/edgar/data/310158/0000310158-96-000008.txt,1.8356564019448949,0.35,0.4795786061588331,0.3719611021069692,0.7104538087520259,5.652633711507294,2.9027957860615885,4.725850891410048,0.8467990275526742,74558280000.0,74894780000.0,21.57857142857143,16.457328271234328,62.99280162216965,81.21816993464053,6.392499614177685,6.392499614177685,16.531604273353345,81.66479118961945,63.27710375126732,81.58472766884532,0.0115855676928169,0.0123125157930145,0.1791844573623471,0.087137621487748,0.3669174572020499,1.505349463305479,0.0,1.3702245890252374,0.005881305201783,0.5076406575596203,0.0,0.0771455059155924,0.2829648222349159,0.2244001351808043,0.0586261698746247,5.651063829787234,0.0,6.100497993594796,0.0322025380570291,0.0502288149883993,-2.234319286871961,2890700000.0,7164100000.0,-1422300000.0,15078700000.0,2463950000.0,3001550000.0,1877600000.0,48.31758785096239,116.79324705566252,75.87792754466884,1.8626757667954936,0.7705924980158045,1.1861156849205927,0.0740607370063617,0.1076175040518638,1996-04-17,0.35,bmo,,2025-04-25,1996-03-31,0.0,31.37825396825397,6495267.063492063
1995-12-31,MRK,USD,310158,1996-06-14,1996-06-14 00:00:00,1995,Q4,4557000000.0,1458700000.0,3098300000.0,0.6798990564,381000000,0.0,0.0,911000000.0,0.0,2008300000.0,3467000000.0,0.0,0.0,716300000.0,1639300000.0,0.35973228,923000000.0,0.2025455343,289900000.0,1212900000.0,0.2661619487,355100000.0,857800000.0,0.1882378758,0.35,0.35,2456600000,2468000000,https://www.sec.gov/Archives/edgar/data/310158/000031015896000010/0000310158-96-000010-index.html,https://www.sec.gov/Archives/edgar/data/310158/0000310158-96-000010.txt,1.8550028494667423,0.3491817959781812,0.4690629325083448,0.3302124888056664,0.7520149800537328,5.707888952210372,2.9291296914434586,4.777212407392331,0.7310510461613612,76867014000.0,76815514000.0,22.402370599207277,16.86789861751152,66.7074668055194,94.75716715976333,6.549844832434367,6.549844832434367,16.856597322800088,46.85872872567559,66.66277358326825,94.69368096646944,0.0111595332687178,0.0105532914287525,0.1530287924878788,0.0753572957141298,-0.0314158482279021,1.5146322172422884,0.0,1.3433201212403825,0.0054561765596878,0.4889251573793425,0.0,0.0836076366030283,0.2864366099077703,0.2960166623275189,0.0748518762343647,0.4761971241100097,0.0,6.126385654209695,0.035160774763958,0.0504425038957984,-2.0981743059513147,2928000000.0,7195700000.0,-1192300000.0,15023400000.0,2368900000.0,3085000000.0,1818450000.0,49.28966425279789,191.5870295468568,115.53095221772811,1.825940617862724,0.4697604019064794,0.7790120160213618,0.0730932113124909,0.1388504437026785,1996-01-23,0.35,bmo,,2025-04-25,1995-12-31,0.0,28.94047619047619,5436514.714285715
1995-09-30,MRK,USD,310158,1995-11-09,1995-11-09 00:00:00,1995,Q3,4171100000.0,1858200000.0,2312900000.0,0.5545060056,332500000,0.0,0.0,767200000.0,0.0,1147300000.0,3005500000.0,0.0,0.0,47700000.0,1083400000.0,0.259739637,1035700000.0,0.2483038048,211300000.0,1247000000.0,0.2989619045,385100000.0,861900000.0,0.2066361391,0.35,0.35,2462571429,2462571429,https://www.sec.gov/Archives/edgar/data/310158/000031015895000024/0000310158-95-000024-index.html,https://www.sec.gov/Archives/edgar/data/310158/0000310158-95-000024.txt,1.6937985842277876,0.349999999939088,0.3969021927607201,0.2812507250931806,0.7740283094139642,5.194082839332739,2.363911126169409,4.676737439724434,0.7020303978358226,65750657154.3,65573357154.3,19.071428574747653,15.76338547488672,67.27098133241252,94.93308858547502,5.709108185806821,5.709108185806821,15.720878702092971,60.52552810993169,67.08958170073664,94.67709667095004,0.0131086142299283,0.0105337350222165,0.1501111419838844,0.0770214339494869,-0.1636514676019937,1.3698659176426944,0.0,1.1340062652279848,0.0056410082583599,0.4303283443554936,0.0,0.0797151830452398,0.3105049073987445,0.2913853079598936,0.0682793507707798,5.970649895178197,0.0,6.0687154597509645,0.0416758698348426,0.055691965728021,-2.105532834069115,2093700000.0,5821300000.0,-1900500000.0,14176500000.0,2232900000.0,2949250000.0,1775900000.0,48.37788592937115,148.44042621892152,85.45689376816273,1.8603541322866952,0.6063038371182459,1.053162548175017,0.0748384968046679,0.1156514676675394,1995-10-17,0.35,bmo,,2025-04-25,1995-09-30,0.0,24.48206349206349,4980648.555555556
1995-06-30,MRK,USD,310158,1995-08-11,1995-08-11 00:00:00,1995,Q2,4135700000.0,1746000000.0,2389700000.0,0.5778223759,329700000,0.0,0.0,849600000.0,0.0,1226700000.0,2972700000.0,0.0,0.0,47400000.0,1074800000.0,0.2598834538,1027400000.0,0.2484222743,214100000.0,1241500000.0,0.3001910197,383400000.0,858100000.0,0.2074860362,0.35,0.35,2451714286,2451714286,https://www.sec.gov/Archives/edgar/data/310158/000031015895000018/0000310158-95-000018-index.html,https://www.sec.gov/Archives/edgar/data/310158/0000310158-95-000018.txt,1.6868605055719776,0.3499999999592122,0.1788136580609703,0.0903041603437473,0.6787495629088977,5.187798624264328,2.321640834131029,4.634022840620671,0.5197179815266615,57419148578.12,57029248578.12,16.72857143052092,13.883779911047707,130.97433526031023,259.34574786865403,5.053924161682202,5.053924161682202,13.78950324687961,53.06033548392259,130.084964822354,257.58468192466125,0.0149444918855342,0.0038558565475553,0.1121526585866054,0.0583780415729359,-0.3627651656122069,1.371922189987354,0.0,0.5108961659480247,0.0064368770549976,0.4307190304160354,0.0,0.079720482626883,0.3219451405846967,0.4949817518248175,0.0524699567183306,4.578059071729958,0.0,6.04093782997599,0.0422498367896915,0.0579809050183449,-1.991310744436393,1999900000.0,5692000000.0,-1730600000.0,13975700000.0,2549350000.0,2789450000.0,1730150000.0,48.39156611939937,146.06701030927834,92.1340206185567,1.859828214237532,0.6161555563397678,0.9768378650553876,0.0755283286243651,0.088509497717223,1995-07-20,0.34,bmo,,2025-04-25,1995-06-30,0.0294117647058822,21.528253968253967,5851044.206349206
1995-03-31,MRK,USD,310158,1995-04-21,1995-04-21 00:00:00,1995,Q1,3817300000.0,1726200000.0,2091100000.0,0.5477955623,288200000,0.0,0.0,770000000.0,0.0,1106000000.0,2832200000.0,0.0,0.0,47800000.0,881300000.0,0.2308699866,833500000.0,0.218348047,262300000.0,1095800000.0,0.2870615356,338400000.0,757400000.0,0.1984124905,0.31,0.31,2443225806,2443225806,https://www.sec.gov/Archives/edgar/data/310158/000031015895000009/0000310158-95-000009-index.html,https://www.sec.gov/Archives/edgar/data/310158/0000310158-95-000009.txt,1.5624016374686245,0.3100000000573013,0.1539358331417362,0.0873844732139342,0.9090850278944704,5.053360180495736,2.1580076581754963,4.521808820481982,0.5315922895094044,49646348377.92,48724048377.92,16.38709677116451,13.005618729971443,132.0030533845254,232.5355895921312,4.493776894759137,4.493776894759137,12.764008167532024,55.28656346070577,129.55078005296463,228.2156832689461,0.0152559055146309,0.0043004169888747,0.1175618675211354,0.0597965958112917,-1.0465221831385454,1.4058543559644072,0.0,0.4965672035912332,0.0076521237193138,0.501584367573277,0.0,0.07549838891363,0.3256861093078825,0.4323318266418505,0.0425955518298273,3.401673640167364,0.0,5.616014292066189,0.0348399099941172,0.0517127192533267,-1.7026670190630755,2157400000.0,5272500000.0,-1900700000.0,14083000000.0,2946100000.0,2730300000.0,1666900000.0,67.78351190632122,143.12825860271116,87.22106360792492,1.3277565217391305,0.6288066443246394,1.031860840456692,0.0685566357102771,0.0665513599278019,1995-04-19,0.3,bmo,,2025-04-25,1995-03-31,0.0333333333333333,19.391269841269843,5548443.158730159
1994-12-31,MRK,USD,310158,1995-03-03,1995-03-03 00:00:00,1994,Q4,3871500000.0,845000000.0,3026500000.0,0.7817383443,365000000,0.0,0.0,874200000.0,0.0,1982800000.0,2827800000.0,0.0,0.0,743600000.0,1697000000.0,0.4383313961,953400000.0,0.2462611391,132300000.0,1085700000.0,0.2804339403,312800000.0,772900000.0,0.1996383831,0.32,0.32,2443225806,2443225806,https://www.sec.gov/Archives/edgar/data/310158/000031015895000005/0000310158-95-000005-index.html,https://www.sec.gov/Archives/edgar/data/310158/0000310158-95-000005.txt,1.5845854241112252,0.3163440718831373,0.4107274888533164,0.2924003169275628,0.6565091102348973,5.053892263939193,2.1019342491342368,4.559136520515288,0.52905466077907,44417845153.08,44106445153.08,14.36726780731013,11.473032455916313,44.26292491587444,62.175035208678615,3.987597194818206,3.987597194818206,11.392598515583108,25.99083391460224,43.95261101452915,61.73914495111983,0.0174006640199745,0.0160836257935953,0.1160427327408205,0.0591400309288727,-0.1835002946375957,1.2703630290349814,0.0,1.2983568378832966,0.0085348579764165,0.4904903609781343,0.0,0.0942787033449567,0.3299827054528151,0.2880916791230692,0.0746738990055534,0.3887842926304465,0.0,5.696556481888494,0.040998437172102,0.0527782140491522,-1.9693022184786144,1473100000.0,5135500000.0,-2587100000.0,13981700000.0,3179550000.0,2600200000.0,1625200000.0,70.14025571483921,289.21420118343195,176.90059171597633,1.283143311679703,0.3111880385946822,0.5087603106749353,0.0693868390340246,0.1183271719257536,1995-01-24,0.31,bmo,,2025-04-25,1994-12-31,0.0,17.542539682539683,5395894.285714285
1994-09-30,MRK,USD,310158,1994-11-08,1994-11-08 00:00:00,1994,Q3,3792000000.0,1451900000.0,2340100000.0,0.6171149789,308400000,0.0,0.0,820700000.0,0.0,1173800000.0,2625700000.0,0.0,0.0,44700000.0,1155500000.0,0.3047204641,1110800000.0,0.2929324895,60900000.0,1171700000.0,0.308992616,386900000.0,784800000.0,0.2069620253,0.31,0.31,2531612903,2531612903,https://www.sec.gov/Archives/edgar/data/310158/000031015894000011/0000310158-94-000011-index.html,https://www.sec.gov/Archives/edgar/data/310158/0000310158-94-000011.txt,1.4978593273507266,0.3100000000276504,0.5220387360302532,0.4178363914745777,0.4791411825096074,4.943291284844585,2.3029982163114293,4.4467303775627816,0.8158435270860207,42986787092.94,43839187092.94,13.69354838587538,11.336178030838608,32.526321952890434,40.63791557283041,3.818535993474515,3.818535993474515,11.560967060374471,37.93958207956729,33.17129773981538,41.44373897990169,0.0182567726753622,0.0246075613353697,0.1834704283404694,0.0977930975705607,0.7376893119861532,1.177297393470332,0.0,1.683781373423366,0.0081978678526983,0.4490316004077472,0.0,0.0813291139240506,0.3164852439145648,0.1996065375302663,0.0695675105485232,5.901565995525727,0.0,5.56919602692048,0.0451977633591141,0.0543644663651036,-1.6161337284825807,996500000.0,5830300000.0,-1988600000.0,12901100000.0,3182000000.0,2361250000.0,1572350000.0,79.31724683544303,154.0395344031958,98.52951305186308,1.1346838624734432,0.5842655935613682,0.9134318968229004,0.0697141435855526,0.1042023445556755,1994-10-18,0.31,bmo,,2025-04-25,1994-09-30,0.0,15.3578125,5095405.4375
1994-06-30,MRK,USD,310158,1994-07-27,1994-07-27 00:00:00,1994,Q2,3792000000.0,1528700000.0,2263300000.0,0.5968618143,290900000,0.0,0.0,726700000.0,0.0,1061500000.0,2590200000.0,0.0,0.0,43900000.0,1226100000.0,0.3233386076,1182200000.0,0.3117616034,-56300000.0,1145500000.0,0.3020833333,381400000.0,764100000.0,0.2015031646,0.31,0.31,2464838710,2464838710,https://www.sec.gov/Archives/edgar/data/310158/000031015894000009/0000310158-94-000009-index.html,https://www.sec.gov/Archives/edgar/data/310158/0000310158-94-000009.txt,1.5384373771052955,0.3099999999594294,0.4595026828347726,0.3517877240738401,0.4948396806053082,4.915372332820917,2.188662478446713,4.409862582854356,1.0255437768583244,34951412907.8,36259512907.8,11.435483872464337,9.217144754166668,30.859449856789688,40.30839915557606,3.215519697854567,3.215519697854567,9.562107834335444,29.57304698458527,32.0144030618047,41.81699101349326,0.0218617771480556,0.0248087252520338,0.2325568558180613,0.1220752502788925,1.0668787211483566,1.1104388356345087,0.0,1.4824607329842932,0.0100625402734866,0.4602800680539196,0.0,0.076714135021097,0.3245729684308129,0.234416387073989,0.0700158227848101,6.047835990888383,0.0,5.546060900439486,0.047700828099673,0.0546332046332046,-1.7556625439398426,627900000.0,5394700000.0,-2277900000.0,12430000000.0,2883550000.0,2196750000.0,1566450000.0,71.72705696202532,131.72957414796886,91.56014914633349,1.2547566261870884,0.6832178770949721,0.982960390946502,0.0702969750496798,0.1077149587609324,1994-07-20,0.31,bmo,,2025-04-25,1994-06-30,0.0,14.459516129032258,5486117.274193549
1994-03-31,MRK,USD,310158,1994-05-04,1994-05-04 00:00:00,1994,Q1,3514300000.0,1455600000.0,2058700000.0,0.5858065618,266300000,0.0,0.0,755900000.0,0.0,1065500000.0,2521100000.0,0.0,0.0,43300000.0,974000000.0,0.2771533449,930700000.0,0.2648322568,81600000.0,1012300000.0,0.2880516746,337100000.0,675200000.0,0.1921293003,0.27,0.27,2500740741,2500740741,https://www.sec.gov/Archives/edgar/data/310158/000031015894000004/0000310158-94-000004-index.html,https://www.sec.gov/Archives/edgar/data/310158/0000310158-94-000004.txt,1.4053036135983838,0.2699999999720083,0.2727991705878318,0.1964617890791583,0.3666913506728845,4.650941942645785,2.0041261846263496,4.164686018525581,1.0117802131652478,35460503707.38,37073703707.38,13.129629630990816,10.090346216139771,51.97963017792436,72.17688521754528,3.4048184993835693,3.4048184993835693,10.549385000534956,38.06335082893224,54.34433261122837,75.46041870014247,0.0190409026778567,0.0138548511339321,0.2429427353381726,0.126594818528414,1.6562628336755647,1.0494397321017863,0.0,1.010367298578199,0.0098955165131219,0.5196978672985783,0.0,0.0757761147312409,0.3311718851630592,0.2798299618880094,0.0543209173946447,4.40877598152425,0.0,5.029957013724862,0.0388259841696529,0.0505101888147461,-1.835936018767009,268700000.0,5011800000.0,-2652200000.0,11855200000.0,2776100000.0,2267150000.0,1609700000.0,70.29849472156617,133.3058532563891,97.5494641384996,1.280255009107468,0.675139146567718,0.92260886100019,0.0648308176825287,0.0763373815086735,1994-04-19,0.27,bmo,,2025-04-25,1994-03-31,0.0,16.084126984126982,6634419.888888889
1993-12-31,MRK,USD,310158,1994-06-16,1994-06-16 00:00:00,1993,Q4,3000800000.0,452200000.0,2548600000.0,0.8493068515,0,0.0,0.0,-815500000.0,0.0,772000000.0,1224200000.0,0.0,0.0,0.0,2457900000.0,0.8190815782,2457900000.0,0.8190815782,-816300000.0,960300000.0,0.3200146628,286100000.0,674200000.0,0.2246734204,0.3,0.3,2276451613,2276451613,https://www.sec.gov/Archives/edgar/data/310158/000031015894000006/0000310158-94-000006-index.html,https://www.sec.gov/Archives/edgar/data/310158/0000310158-94-000006.txt,1.3181918661760723,0.2961626753452106,0.4022488309308949,0.2608884795127864,0.3643389542143543,4.905046053355319,1.985809834122752,4.402333852724855,1.2549355249572791,37333806453.2,39361206453.2,13.843743122663897,12.441284475206611,40.770783502457135,62.86210886209799,3.725296751369528,3.725296751369528,13.116904309917354,16.014161053419585,42.98482740329802,66.27581487321098,0.0180586997161713,0.0159078341166333,0.2850614167257052,0.1433596788357797,0.824850482118882,0.972675000424038,0.0,1.358202313853456,0.0085204277361526,0.4718184514980718,0.0,0.0,0.3334838790615983,0.3514251392377416,0.1072380698480405,0.0,0.0,5.416240103677096,0.1094397081506658,0.0507604276464387,-2.1989265976109285,-161100000.0,4520600000.0,-3026800000.0,11379000000.0,2640100000.0,2119150000.0,1414350000.0,84.19354838709677,473.34586466165416,326.7425917735516,1.0689655172413792,0.1901358112937812,0.2754461838338308,0.067274015386611,0.1413603514181085,1994-01-25,0.3,bmo,,2025-04-25,1993-12-31,0.0333333333333333,15.6734375,6827306.546875
1993-09-30,MRK,USD,310158,1993-09-30,1993-09-29 20:00:00,1993,Q3,2544100000.0,538600000.0,2005500000.0,0.7882944853,0,0.0,0.0,999100000.0,0.0,999100000.0,1537700000.0,0.0,0.0,0.0,1006700000.0,0.3956998546,1006700000.0,0.3956998546,-300000.0,1006100000.0,0.3954640148,300400000.0,705700000.0,0.2773868952,0.31,0.31,2276451613,2276451613,,,1.1175726228800804,0.3099999999868216,0.4400708516179649,0.3425945869203942,0.525994048440159,2.7864857587025726,2.7864857587025726,2.313073543900535,0.5069292900450505,33372780646.58,33329380646.58,11.82258064566388,13.11771575275343,33.3128175749451,42.7911022523144,6.3378875430302335,6.3378875430302335,13.100656674886997,33.107559994616075,33.26949555458175,42.735454092293885,0.0211459754424844,0.0233693442646926,0.2191583105439076,0.0914081126680237,-0.0431111552597596,1.2631679571742662,0.0,1.419583392376364,0.0085249114544237,0.4031458126682726,0.0,0.0,0.0,0.2215012976642044,0.0872214142525844,0.0,0.0,4.016676233905389,0.0783082168298288,0.0558983579807837,-1.157832648384958,1101200000.0,6343300000.0,-995800000.0,5641500000.0,2544150000.0,1931950000.0,1206800000.0,87.4847686804764,310.8057927961382,198.34756776828817,1.0287505054589567,0.2895698924731182,0.453748946925021,0.1340208143421452,0.0974762646975708,1993-10-18,0.3,bmo,,2025-04-25,1993-09-30,0.0333333333333333,15.26625,6860813.28125
1993-06-30,MRK,USD,310158,1993-06-30,1993-06-29 20:00:00,1993,Q2,2573600000.0,583500000.0,1990100000.0,0.7732747902,0,0.0,0.0,1777700000.0,0.0,1777700000.0,2361200000.0,0.0,0.0,0.0,201800000.0,0.0784115636,201800000.0,0.0784115636,21200000.0,223000000.0,0.0866490519,50400000.0,172600000.0,0.0670655891,0.08,0.08,2157500000,2157500000,,,1.192862108922364,0.08,0.205747392815759,0.0830590961761297,0.392954808806489,2.617103128621089,2.617103128621089,2.2838933951332563,0.889316338354577,37152150000.0,38223050000.0,53.81249999999999,14.4358680447622,83.69486370804235,207.322265625,7.539756468797563,7.539756468797563,14.851977774323904,189.4105550049554,86.10734399639558,213.2982700892857,0.0046457607433217,0.0048234086048855,0.3893860984271943,0.1556666152835133,5.306739345887017,1.057775033446537,0.0,2.5733333333333333,0.0076846158297702,1.6541135573580532,0.0,0.0,0.0,0.5963054742059022,0.1028520360584395,0.0,0.0,2.027562110328525,0.0177322968262353,0.0140032614780499,-1.5094901506373115,280700000.0,5646400000.0,-1540100000.0,4705400000.0,2160700000.0,1726850000.0,1223350000.0,91.45826857320483,309.0848329048843,189.19280205655528,0.9840553664971514,0.2911821947202954,0.4757052013696397,0.0350279046169457,0.1226882966396292,1993-07-20,0.3,bmo,,2025-04-25,1993-06-30,0.0333333333333333,17.51984126984127,4909420.746031746
1993-03-31,MRK,USD,310158,1993-03-31,1993-03-30 19:00:00,1993,Q1,2379600000.0,536700000.0,1842900000.0,0.7744578921,0,0.0,0.0,952600000.0,0.0,952600000.0,1489300000.0,0.0,0.0,0.0,867200000.0,0.3644309968,867200000.0,0.3644309968,46200000.0,913400000.0,0.3838460245,299600000.0,613800000.0,0.2579425113,0.27,0.27,2273333333,2273333333,,,1.0467448681886722,0.2700000000395894,0.302243401803848,0.212375366600055,0.3090175953532283,2.5667595311681466,2.5667595311681466,2.275161290656182,0.6448240470153701,38351133327.71,39114533327.71,15.620370368079993,16.116630243616573,55.815941388022125,79.43482462243165,7.4148589241928,7.4148589241928,16.437440463821652,45.10439728748847,56.9269878150342,81.01601766302817,0.0160047421481677,0.0125889369650299,0.2834190479873168,0.1270145218868055,0.8803044280442804,1.1537156081254822,0.0,1.1194200065167808,0.0074652291903232,0.4664385793418051,0.0,0.0,0.0,0.2973366322223839,0.0858547655068078,0.0,0.0,3.717741901041939,0.0675335600219256,0.053183377811666,-1.369783724541024,597800000.0,5835100000.0,-1219300000.0,4980600000.0,1721500000.0,1455850000.0,1201350000.0,64.52723146747353,243.1190609278927,204.60033538289548,1.394759978899244,0.3701889915850462,0.4398819768871404,0.118672905146746,0.0898680352037929,1993-04-20,0.26,bmo,,2025-04-25,1993-03-31,0.0384615384615384,18.621774193548383,7652416.903225807
1992-12-31,MRK,USD,310158,1992-12-31,1992-12-30 19:00:00,1992,Q4,2601100000.0,266100000.0,2335000000.0,0.8976971281,0,0.0,0.0,1179200000.0,0.0,1500600000.0,1766700000.0,0.0,0.0,0.0,838200000.0,0.3222482796,838200000.0,0.3222482796,-3800000.0,830600000.0,0.3193264388,250600000.0,117600000.0,0.0452116412,0.0511,0.0511,2289390000,2301785714,,,1.1361541720720367,0.051367394808224,0.3572567365105989,0.215384884183123,0.2512022853249119,2.459170346686235,2.392121918939106,2.1852545874665306,0.5769659166852306,47344585200.0,48090385200.0,100.6475025510204,18.20175510361001,57.88554248685658,96.01416588927196,9.463428251614063,9.463428251614063,18.48847995079005,57.37340157480315,58.79738990096589,97.52663800446156,0.0024839165768,0.0104151297960891,0.2640268644186372,0.1191502796319682,0.889763779527559,1.2162939208802146,0.0,1.4101724137931035,0.0060893975262877,2.451530612244898,0.0,0.0,0.0138462926213241,0.3971145616823572,0.1248702472031063,0.0,0.0,1.589227419501284,0.0705707817773187,0.0107569174479762,-1.3046815964077767,782400000.0,5476500000.0,-1056300000.0,5207000000.0,1960200000.0,1452450000.0,1185550000.0,60.09803544654184,494.4419391206314,399.9774520856821,1.4975531118659682,0.1820233942130104,0.2250126839167935,0.0235063663075416,0.1418718523274758,1992-12-30,,bmo,,2025-04-25,1992-12-31,,21.21,4934942.203125
1992-09-30,MRK,USD,310158,1992-09-30,1992-09-29 20:00:00,1992,Q3,2464300000.0,515700000.0,1948600000.0,0.7907316479,0,0.0,0.0,1055800000.0,0.0,1055800000.0,1571500000.0,0.0,0.0,0.0,858500000.0,0.348374792,858500000.0,0.348374792,68600000.0,927100000.0,0.3762123118,282600000.0,644500000.0,0.2615347157,0.28,0.28,2301785714,2301785714,,,1.0706035687907651,0.2800000000347556,0.3231838635001625,0.2049712956034099,0.3774460822811414,2.6510287047510976,2.6510287047510976,2.378283941334775,0.6270783553920346,48843892851.08,49418492851.08,18.946428569076804,19.82059524046585,65.65921878085763,103.52669107901652,8.922399731669802,8.922399731669802,20.053764903250418,57.56376569723936,66.43163442812205,104.74458001500636,0.01319509896488,0.0096593447503963,0.2636684142264764,0.1323613021549747,0.6693069306930693,1.336009438305709,0.0,1.1542280837858805,0.0054377320171794,0.4121024049650892,0.0,0.0,0.0,0.3657749697539992,0.1104167512072393,0.0,0.0,3.870812425353224,0.0721395810424239,0.0591013296652911,-0.7395236618450921,1167700000.0,6102100000.0,-160000000.0,5182800000.0,2112650000.0,1369100000.0,1138500000.0,79.74475510286896,251.8324607329843,207.4171029668412,1.128600870162583,0.3573804573804574,0.4339082877576777,0.1177319474636026,0.1182125678967525,1993-01-26,0.27,bmo,,2025-04-25,1992-09-30,0.0,23.62296875,3703548.9375
1992-06-30,MRK,USD,310158,1992-06-30,1992-06-29 20:00:00,1992,Q2,2373700000.0,526800000.0,1846900000.0,0.7780679951,0,0.0,0.0,915200000.0,0.0,915200000.0,1442000000.0,0.0,0.0,0.0,914000000.0,0.385052871,914000000.0,0.385052871,35400000.0,949400000.0,0.3999662973,296000000.0,653400000.0,0.2752664616,0.29,0.29,2253103448,2253103448,,,1.053524640471812,0.2900000000355066,0.1798408325901243,0.0620033670109584,0.3177395164147829,2.6272650753140208,2.6272650753140208,2.357903275464696,0.4981129477193894,52362124131.52,52768524131.52,20.034482756167737,22.05928471648481,129.22538038381046,374.81835455633495,9.8562143077815,9.8562143077815,22.23049422063445,57.73361502354486,130.22834188430403,377.7274454654259,0.0124784853715794,0.0026679589935868,0.2112524940706998,0.1106008494870556,0.4446389496717724,1.4143398484244116,0.0,0.6201408019589838,0.0050933762604839,0.4081726354453627,0.0,0.0,0.0,0.6552319842053307,0.1118506972237435,0.0,0.0,3.922412379428107,0.0820650566057411,0.0643915130133138,-0.6374762780088737,1246500000.0,5919500000.0,27100000.0,5066900000.0,1782850000.0,1278900000.0,1078150000.0,77.41584867506425,221.27562642369023,185.9624145785877,1.1625526496228815,0.4067325509573811,0.4839687643546164,0.1229906260588035,0.1178374655791659,1992-06-29,,bmo,,2025-04-25,1992-06-30,,23.38984126984127,4980676.873015873
1992-03-31,MRK,USD,310158,1992-03-31,1992-03-30 19:00:00,1992,Q1,2223400000.0,466100000.0,1757300000.0,0.790366106,0,0.0,0.0,924700000.0,0.0,924700000.0,1390800000.0,0.0,0.0,0.0,808700000.0,0.3637222272,808700000.0,0.3637222272,47800000.0,856500000.0,0.385220833,287800000.0,568700000.0,0.2557794369,0.25,0.25,2274800000,2274800000,,,0.9774046069984176,0.25,0.2362405486196588,0.1464744153332161,0.305433444698435,2.502285915245296,2.502285915245296,2.248065764023211,0.3550641814665025,53184824000.0,53297724000.0,23.38,23.920492938742463,98.96692221808708,159.6183193277311,10.400051624005162,10.400051624005162,23.971271026356032,65.90543341164832,99.17700781540752,159.9571548619448,0.0106928999144568,0.0062649450527466,0.1579420794305716,0.0835868777812273,0.1396067763076542,1.4801638637343684,0.0,0.9449621944786356,0.0045821341817357,0.4285211886759275,0.0,0.0,0.0,0.3799776702642352,0.0918413240982279,0.0,0.0,3.5560328911064025,0.0755688038921933,0.0588533581703404,-0.702995867768595,1336200000.0,5692200000.0,148200000.0,4967900000.0,1534700000.0,1331500000.0,1029550000.0,61.68525681388864,243.7974683544304,206.1832224844454,1.4590196207100203,0.3691588785046729,0.4365049634763064,0.1112067111206711,0.0897661332864427,1992-03-30,,bmo,,2025-04-25,1992-03-31,,24.40126984126984,5588461.46031746
1991-12-31,MRK,USD,310158,1991-12-31,1991-12-30 19:00:00,1991,Q4,2313900000.0,251700000.0,2062200000.0,0.8912226112,0,0.0,0.0,1013900000.0,0.0,1277700000.0,1529400000.0,0.0,0.0,0.0,778300000.0,0.3363585289,778300000.0,0.3363585289,12400000.0,790700000.0,0.3417174467,260900000.0,529800000.0,0.2289640866,0.23,0.23,2301666667,2301666667,,,1.005314988992713,0.2301810282070701,0.3173787110329647,0.1679652425535169,0.346661839196718,2.39426502499721,2.39426502499721,2.1359304848463534,0.3615206371670498,60902100008.82,60936300008.82,28.738250287287656,26.320108910851808,83.3704312235729,157.53259184899122,12.388043612713073,12.388043612713073,26.33488915200311,78.29410254249004,83.41724847203285,157.6210553771857,0.0086992074152331,0.0063478927646831,0.1692567430128961,0.0876033057851239,0.0439419247076962,1.531748569804214,0.0,1.3788221970554926,0.0039949361346286,0.4592298980747452,0.0,0.0,0.0,0.4707734428473648,0.1486235360214356,0.0,0.0,3.3259795837568045,0.0742590370871883,0.0557772279833658,-0.6669188992517134,1496500000.0,5510800000.0,323100000.0,5001000000.0,1495800000.0,1293800000.0,994200000.0,60.11279657720731,500.73897497020266,354.4576877234804,1.497185376900679,0.1797343616109682,0.2539090083728437,0.1077661608559456,0.1494134684794477,1991-12-30,,bmo,,2025-04-25,1991-12-31,,22.504375,4075249.1875
1991-09-30,MRK,USD,310158,1991-09-30,1991-09-29 20:00:00,1991,Q3,2117400000.0,486200000.0,1631200000.0,0.7703787664,0,0.0,0.0,840800000.0,0.0,840800000.0,1327000000.0,0.0,0.0,0.0,771200000.0,0.3642202701,771200000.0,0.3642202701,38400000.0,809600000.0,0.3823557193,257200000.0,552400000.0,0.2608859923,0.24,0.24,2301666667,2301666667,,,0.9199420708298418,0.2399999999652425,0.3167704561452903,0.2042433019255259,0.3998406950905372,2.265662563031765,2.265662563031765,2.019884141633616,0.4618392468556351,47598466673.56,47741166673.56,21.541666669786387,22.47967633586474,65.28386596291318,101.2517904138694,10.238210981385643,10.238210981385643,22.54707030960612,61.90503977380705,65.47958671452476,101.55534284952137,0.0116054158590542,0.0098763685650641,0.2286464046804757,0.1156377481642643,0.1850363070539419,1.6086637567399038,0.0,1.3198769007965243,0.0045505667542924,0.3921071687183201,0.0,0.0,0.0,0.3552324783980249,0.1223198262019457,0.0,0.0,3.3026314301238475,0.0758288601856334,0.0600924666847973,-0.6405249818044134,1659400000.0,5214800000.0,408000000.0,4883100000.0,1453250000.0,1148200000.0,998500000.0,61.46642108245962,219.76141505553272,184.572192513369,1.4642140930779337,0.4095350404312669,0.4876140808344198,0.1188186960917166,0.1125271542197643,1991-09-29,,bmo,,2025-04-25,1991-09-30,,19.93875,3197477.78125
1991-06-30,MRK,USD,310158,1991-06-30,1991-06-29 20:00:00,1991,Q2,2122400000.0,406100000.0,1716300000.0,0.8086600075,0,0.0,0.0,836000000.0,0.0,902000000.0,1308100000.0,0.0,0.0,66000000.0,868600000.0,0.4092536751,802600000.0,0.3781568036,23400000.0,826000000.0,0.389182058,270000000.0,556000000.0,0.2619675839,0.24,0.24,2316666667,2316666667,,,0.9161438847602672,0.2399999999654676,0.1347625899086672,0.0308633093480772,0.3100143884446023,2.119726618400039,2.119726618400039,1.883999999728921,0.42392805749296,42719333339.48,42983233339.48,19.208333336097123,20.127842696701848,136.83322658385651,597.4731935591609,9.787685776355222,9.787685776355222,20.25218306609499,49.48564740902602,137.67851806367713,601.1641026500699,0.013015184379906,0.0016737152574879,0.225014892544563,0.1136413603175154,0.3038222426893852,1.608553151160954,0.0,0.5615107913669065,0.0050796672849633,0.3902877697841727,0.0,0.0,0.0,0.7709801409352979,0.1134093479080286,3.646969696969697,0.0,3.1896081259415463,0.0824329259989047,0.0643362145774753,-0.612064748113372,1541100000.0,4910700000.0,342100000.0,4570000000.0,1364400000.0,1095850000.0,962000000.0,61.9280060309084,245.8212262989412,221.59812853976857,1.453300465625856,0.3661197259285972,0.4061406140614061,0.1273885350318471,0.10389928056059,1991-06-29,,bmo,,2025-04-25,1991-06-30,,18.1990625,3999266.265625
1991-03-31,MRK,USD,310158,1991-03-31,1991-03-30 19:00:00,1991,Q1,2048900000.0,395100000.0,1653800000.0,0.8071648201,0,0.0,0.0,867300000.0,0.0,933300000.0,1328400000.0,0.0,0.0,66000000.0,766600000.0,0.374151984,700600000.0,0.3419395773,39800000.0,740400000.0,0.3613646347,256900000.0,483500000.0,0.2359802821,0.21,0.21,2302380952,2302380952,,,0.8899048605402118,0.2100000000347466,0.2876153051148071,0.2016608066517742,0.3384322647922949,1.9979317480037944,1.9979317480037944,1.7618717686472591,0.376262668107758,38587904755.52,38675004755.52,19.95238094907963,18.833473939928744,58.272281418785866,83.10985301641182,9.512610564654258,9.512610564654258,18.87598455538094,50.45004533722933,58.40381267822411,83.29744724428173,0.012529832937634,0.0120322676999865,0.2135584863798841,0.1046028641116665,0.1136185755283068,1.3114878629881566,0.0,1.369596690796277,0.0056053833803727,0.4473629782833506,0.0,0.0,0.0,0.2988523104802174,0.0965884132949387,2.9984848484848485,0.0,2.885280594367856,0.0746223437304076,0.0583810282788765,-0.6468304034162284,902100000.0,4600000000.0,116400000.0,3755200000.0,1307100000.0,1110450000.0,908350000.0,55.71574991458832,246.58314350797264,210.501138952164,1.6153421633554084,0.3649884526558891,0.4275511308299967,0.1191914211758905,0.0859544984630328,1991-03-30,,bmo,,2025-04-25,1991-03-31,,15.35409836065574,5078102.639344262
1990-12-31,MRK,USD,310158,1990-12-31,1990-12-30 19:00:00,1990,Q4,2099400000.0,231300000.0,1868100000.0,0.8898256645,0,0.0,0.0,936000000.0,0.0,1190000000.0,1421300000.0,0.0,0.0,0.0,693000000.0,0.3300943127,693000000.0,0.3300943127,-14900000.0,663200000.0,0.3158997809,221000000.0,442200000.0,0.210631609,0.19,0.19,2325000000,2325000000,,,0.902967741935484,0.1901935483870967,0.2686021505376344,0.1582795698924731,0.3468387096774193,1.8854623655913976,1.8854623655913976,1.6492043010752688,0.3944516129032258,33177750000.0,33288450000.0,18.75720827679783,15.803443841097456,53.12690152121697,90.1569293478261,8.652657521385354,8.652657521385354,15.856173192340668,48.03528138528139,53.30416333066453,90.4577445652174,0.0133282094174559,0.0110917708403975,0.2391769246818276,0.1142120600762161,0.1597402597402597,1.3322132220296417,0.0,1.4122568973315242,0.006585738936486,0.4941203075531434,0.0,0.0,0.0,0.410728582866293,0.1221777650757359,0.0,0.0,2.6566012884562227,0.077066841610432,0.0550698647537921,-0.5952903225806452,939200000.0,4383700000.0,120200000.0,3660900000.0,1636600000.0,1121950000.0,876100000.0,57.69362675050014,442.9571984435798,347.31517509727627,1.5599643334819435,0.2031799016163036,0.2591306296213309,0.1153244314625495,0.1103225806451612,1990-12-30,,bmo,,2025-04-25,1990-12-31,,13.1284375,4666806.515625
1990-09-30,MRK,USD,310158,1990-09-30,1990-09-29 20:00:00,1990,Q3,1914300000.0,443300000.0,1471000000.0,0.7684271013,0,0.0,0.0,797200000.0,0.0,797200000.0,1240500000.0,0.0,0.0,0.0,656600000.0,0.3429974403,656600000.0,0.3429974403,34400000.0,691000000.0,0.3609674555,226000000.0,465000000.0,0.242908635,0.2,0.2,2325000000,2325000000,,,0.8233548387096774,0.2,0.2233548387096774,0.1477419354838709,0.2785376344086021,1.8358279569892475,1.8358279569892475,1.605763440860215,0.3611182795698924,29643750000.0,29835750000.0,15.9375,15.485425481899387,57.08405545927209,86.29912663755458,7.940148390207318,7.940148390207318,15.585723240871337,45.43976545842217,57.45378393991912,86.85807860262008,0.0156862745098039,0.0115876027830487,0.2248888412706916,0.1080357717300392,0.2924154736521474,1.4040703122071887,0.0,1.116774193548387,0.0059371705671515,0.3784946236559139,0.0,0.0,0.0,0.3385326400924321,0.0918351355586898,0.0,0.0,2.68811002078988,0.0759402826663175,0.0598340088785948,-0.4216129032258064,1078100000.0,4268300000.0,243000000.0,3600700000.0,1872050000.0,1031400000.0,850950000.0,90.61589092618712,224.4416873449131,174.51838484096547,0.9932032790287434,0.4009950248756219,0.5157049790600279,0.1245513472973696,0.0756129032258064,1990-09-29,,bmo,,2025-04-25,1990-09-30,,13.263174603174605,5276441.174603174
1990-06-30,MRK,USD,310158,1990-06-30,1990-06-29 20:00:00,1990,Q2,1899300000.0,440600000.0,1458700000.0,0.7680197968,0,0.0,0.0,761900000.0,0.0,761900000.0,1202500000.0,0.0,0.0,0.0,675000000.0,0.3553940926,675000000.0,0.3553940926,43600000.0,718600000.0,0.3783499184,248400000.0,470200000.0,0.2475648923,0.2,0.2,2351000000,2351000000,,,0.8078689919183326,0.2,0.1701403658017865,0.1140791152700978,0.2385367928541046,1.7722671203743088,1.7722671203743088,1.5679285410463633,0.3157805189281157,32396780000.0,32578380000.0,17.224999999999998,17.05722108145106,80.99194999999999,120.79336316181954,8.788665834734957,8.788665834734957,17.152835255093983,48.26426666666666,81.44595,121.47046979865772,0.0145137880986937,0.0082786005275832,0.2013998155281862,0.101020547013199,0.269037037037037,1.5003429649318356,0.0,0.8507018290089323,0.0054789395736242,0.3774989366227137,0.0,0.0,0.0,0.3295,0.0693939872584636,0.0,0.0,2.656252705355542,0.0783813919174949,0.0639814940808273,-0.3564121650361548,1167100000.0,4166600000.0,317300000.0,3580200000.0,1743700000.0,922400000.0,816000000.0,86.08592639393461,195.5447117566954,172.0540172492056,1.0454670556503551,0.4602527943173509,0.5230915350825122,0.1275568335955726,0.0560612505316886,1990-06-29,,bmo,,2025-04-25,1990-06-30,,12.427142857142856,4713966.888888889
1990-03-31,MRK,USD,310158,1990-03-31,1990-03-30 19:00:00,1990,Q1,1758400000.0,408900000.0,1349500000.0,0.7674590537,0,0.0,0.0,746800000.0,0.0,746800000.0,1155700000.0,0.0,0.0,0.0,579400000.0,0.3295040946,579400000.0,0.3295040946,46600000.0,626000000.0,0.3560054595,222200000.0,403800000.0,0.2296405823,0.17,0.17,2375294118,2375294118,,,0.7402872708162029,0.1699999999747399,0.2154680534598115,0.1705473006185417,0.2141629519245919,1.670824665427812,1.670824665427812,1.471144130539206,0.2352550767357223,26223247062.72,26273347062.72,16.235294120059436,14.913129585259323,51.2372939873388,64.7327747783757,7.504363284890109,7.504363284890109,14.94162139599636,45.34578367745944,51.3351837880422,64.85644794549493,0.0153985507223496,0.0154481250560273,0.1599130036630036,0.0809292086664349,0.086468760787021,1.5131622477432771,0.0,1.2674591381872211,0.0067649898418643,0.4393263992075285,0.0,0.0,0.0,0.2084798749511528,0.0606801637852593,0.0,0.0,2.3721564658505003,0.0714595833297953,0.0584810566562391,-0.3281804110458375,1085800000.0,3968700000.0,265600000.0,3425500000.0,1468150000.0,912350000.0,784700000.0,85.51126023657872,195.34115920763023,173.81511371973588,1.052492967019812,0.4607323943661972,0.5177915664176269,0.1155563186813186,0.0449207528412698,1990-03-30,,bmo,,2025-04-25,1990-03-31,,11.39079365079365,5316323.238095238
1989-12-31,MRK,USD,310158,1989-12-31,1989-12-30 19:00:00,1989,Q4,1761100000.0,185100000.0,1576000000.0,0.8948952359,0,0.0,0.0,801900000.0,0.0,1023600000.0,1208700000.0,0.0,0.0,0.0,547800000.0,0.3110555903,547800000.0,0.3110555903,9200000.0,557000000.0,0.316279598,189100000.0,367900000.0,0.2089035262,0.16,0.16,2297058824,2297058824,,,0.7666760561809627,0.1601613315933088,0.1347810499083675,0.0763585147090686,0.2982509602461969,1.7546350828671682,1.7546350828671682,1.532655569468342,0.1937695262087027,28690264711.76,28450264711.76,19.49596677885295,16.29110482752825,92.66881366847548,163.57049436579248,8.149254306584105,8.149254306584105,16.15482636520357,51.93549600540344,91.89361987002584,162.20219333956672,0.0128231650595123,0.0061135720343529,0.1264273135261035,0.0658753533529681,-0.4381161007667031,1.787762806060924,0.0,0.8415330252786083,0.0062041951089785,0.4838271269366676,0.0,0.0,0.0,0.4334625322997416,0.0762023735165521,0.0,0.0,2.350132662170136,0.0698945998849492,0.0544496573771219,-0.305629961525095,1502500000.0,4030500000.0,683600000.0,3795000000.0,1207500000.0,867150000.0,764450000.0,64.67775821929476,455.68881685575366,379.1085899513776,1.3915139064475348,0.1975032010243277,0.2373989996152366,0.1044992330852695,0.0584225351992988,1989-12-30,,bmo,,2025-04-25,1989-12-31,,,
1989-09-30,MRK,USD,310158,1989-09-30,1989-09-29 20:00:00,1989,Q3,1632800000.0,395800000.0,1237000000.0,0.7575943165,0,0.0,0.0,657400000.0,0.0,657400000.0,1053200000.0,0.0,0.0,0.0,567100000.0,0.3473174914,567100000.0,0.3473174914,25000000.0,592100000.0,0.3626286134,201600000.0,390500000.0,0.2391597256,0.17,0.17,2297058824,2297058824,,,0.7108220229017522,0.1699999999651728,,,0.271564660635787,1.6734878357647145,1.6734878357647145,1.4518130598818308,0.044404609465935,27656588240.96,27134788240.96,17.7058823565685,16.938135865360117,0.0,0.0,8.293078725287115,8.293078725287115,16.61856212699657,47.84833052540998,0.0,0.0,0.014119601326011,,0.0305856247563645,0.0156768720029509,-0.9201199083054136,1.8217279174725984,0.0,0.0,0.0059439368770764,0.4209705883215365,0.0,0.0,0.0,0.0,,0.0,,2.356519669536061,0.0805158175456158,0.0600178285995327,-0.349076824512353,1529400000.0,3844100000.0,728300000.0,3732000000.0,,,,63.35497305242528,181.25063163213744,170.3587670540677,1.4205672524795545,0.4965499937272613,0.5282968499733048,0.1170949653662778,,1989-09-29,,bmo,,2025-04-25,1989-09-30,,,
1989-06-30,MRK,USD,310158,1989-06-30,1989-06-29 20:00:00,1989,Q2,1585200000.0,0.0,1585200000.0,1.0,0,0.0,0.0,0.0,0.0,0.0,0.0,0.0,0.0,0.0,1585200000.0,1.0,1585200000.0,1.0,-1585200000.0,0.0,0.0,0.0,0.0,0.0,0.17,0.17,2385724000,2385724000,,,0.6644523842657407,0.0,,,,,,,,25360246120.0,,0.0,15.9981365884431,0.0,0.0,0.0,0.0,,,0.0,0.0,0.0,,0.0,0.0,,0.0,0.0,0.0,0.0061339604891815,0.0,0.0,0.0,0.0,0.0,,0.0,,,0.0,0.0,,,,,,,,,,0.0,0.0,0.0,0.0,0.0,0.0,,1989-06-29,,bmo,,2025-04-25,1989-06-30,,,
1989-03-31,MRK,USD,310158,1989-03-31,1989-03-30 19:00:00,1989,Q1,1571400000.0,0.0,1571400000.0,1.0,0,0.0,0.0,0.0,0.0,0.0,0.0,0.0,0.0,0.0,1571400000.0,1.0,1571400000.0,1.0,-1571400000.0,0.0,0.0,0.0,0.0,0.0,0.15,0.15,2382822000,2382822000,,,0.6594701576534042,0.0,,,,,,,,24614551260.0,,0.0,15.664090148911798,0.0,0.0,0.0,0.0,,,0.0,0.0,0.0,,0.0,0.0,,0.0,0.0,0.0,0.0063121006776379,0.0,0.0,0.0,0.0,0.0,,0.0,,,0.0,0.0,,,,,,,,,,0.0,0.0,0.0,0.0,0.0,0.0,,1989-03-30,,bmo,,2025-04-25,1989-03-31,,,
1988-12-31,MRK,USD,310158,1988-12-31,1988-12-30 19:00:00,1988,Q4,1534100000.0,0.0,1534100000.0,1.0,0,0.0,0.0,0.0,-4072700000.0,-4072700000.0,-4072700000.0,0.0,0.0,0.0,-2538600000.0,-1.654781305,-2538600000.0,-1.654781305,2538600000.0,0.0,0.0,0.0,0.0,0.0,0.0,0.0,2366342000,2366342000,,,0.6483002034363587,0.0,,,0.6550194350605281,1.2068416146102297,1.2068416146102297,1.2068416146102297,0.2542320594402669,21723019560.0,20774619560.0,0.0,14.160106616257089,0.0,0.0,7.60663196302262,7.60663196302262,13.54189398344306,-8.183494666351532,0.0,0.0,0.0,,0.2106590097345752,0.0981803345573235,0.3735917434806586,1.775432163436354,0.0,0.0,0.0064098039215686,0.0,0.0,0.0,0.0,0.0,,0.0,,0.0,,0.0,-0.2644376848316938,1480300000.0,2855800000.0,117600000.0,3551000000.0,,,,60.00391108793429,0.0,0.0,1.4999022291748143,0.0,0.0,0.0,,1988-12-30,,bmo,,2025-04-25,1988-12-31,,,
1988-09-30,MRK,USD,310158,1988-09-30,1988-09-29 20:00:00,1988,Q3,1468800000.0,0.0,1468800000.0,1.0,0,0.0,0.0,0.0,0.0,0.0,0.0,0.0,0.0,0.0,1468800000.0,1.0,1468800000.0,1.0,-1468800000.0,0.0,0.0,0.0,0.0,0.0,0.13,0.13,2366342000,2366342000,,,0.6207048685270345,0.0,,,,,,,,21723019560.0,,0.0,14.7896375,0.0,0.0,0.0,0.0,,,0.0,0.0,0.0,,0.0,0.0,,0.0,0.0,0.0,0.0051105664488017,0.0,0.0,0.0,0.0,0.0,,0.0,,,0.0,0.0,,,,,,,,,,0.0,0.0,0.0,0.0,0.0,0.0,,1988-09-29,,bmo,,2025-04-25,1988-09-30,,,
1988-06-30,MRK,USD,310158,1988-06-30,1988-06-29 20:00:00,1988,Q2,1499800000.0,0.0,1499800000.0,1.0,0,0.0,0.0,0.0,0.0,0.0,0.0,0.0,0.0,0.0,1499800000.0,1.0,1499800000.0,1.0,-1499800000.0,0.0,0.0,0.0,0.0,0.0,0.14,0.14,2366342000,2366342000,,,0.6338052572282451,0.0,,,,,,,,21155097480.0,,0.0,14.10527902386985,0.0,0.0,0.0,0.0,,,0.0,0.0,0.0,,0.0,0.0,,0.0,0.0,0.0,0.0056925055928411,0.0,0.0,0.0,0.0,0.0,,0.0,,,0.0,0.0,,,,,,,,,,0.0,0.0,0.0,0.0,0.0,0.0,,1988-06-29,,bmo,,2025-04-25,1988-06-30,,,
1988-03-31,MRK,USD,310158,1988-03-31,1988-03-30 19:00:00,1988,Q1,1436800000.0,0.0,1436800000.0,1.0,0,0.0,0.0,0.0,0.0,0.0,0.0,0.0,0.0,0.0,1436800000.0,1.0,1436800000.0,1.0,-1436800000.0,0.0,0.0,0.0,0.0,0.0,0.12,0.12,2465280000,2465280000,,,0.5828141225337488,0.0,,,,,,,,20511129600.0,,0.0,14.275563474387528,0.0,0.0,0.0,0.0,,,0.0,0.0,0.0,,0.0,0.0,,0.0,0.0,0.0,0.0061167067307692,0.0,0.0,0.0,0.0,0.0,,0.0,,,0.0,0.0,,,,,,,,,,0.0,0.0,0.0,0.0,0.0,0.0,,1988-03-30,,bmo,,2025-04-25,1988-03-31,,,
1987-12-31,MRK,USD,310158,1987-12-31,1987-12-30 19:00:00,1987,Q4,1394400000.0,0.0,1394400000.0,1.0,0,0.0,0.0,0.0,-3692100000.0,-3692100000.0,-3692100000.0,0.0,0.0,0.0,-2297700000.0,-1.6478055077,-2297700000.0,-1.6478055077,2297700000.0,0.0,0.0,0.0,0.0,0.0,0.0,0.0,2368708000,2465280000,,,0.5886753453781555,0.0,,,0.4847368269959826,0.8936095120208991,0.8936095120208991,0.8936095120208991,0.4298545873953227,19897147200.0,19767147200.0,0.0,14.26932530120482,0.0,0.0,9.400078990882037,9.400078990882037,14.176095238095238,-8.603014840927884,0.0,0.0,0.0,,0.4810317947748854,0.1792605633802816,0.0565783174478826,1.3614506927465362,0.0,0.0,0.0050486904761904,0.0,0.0,0.0,0.0,0.0,,0.0,,0.0,,0.0,-0.5395029695513335,798300000.0,2116700000.0,-556400000.0,2746300000.0,,,,69.4814974182444,0.0,0.0,1.295308871342313,0.0,0.0,0.0,,1987-12-30,,bmo,,2025-04-25,1987-12-31,,,
1987-09-30,MRK,USD,310158,1987-09-30,1987-09-29 20:00:00,1987,Q3,1306500000.0,0.0,1306500000.0,1.0,0,0.0,0.0,0.0,0.0,0.0,0.0,0.0,0.0,0.0,1306500000.0,1.0,1306500000.0,1.0,-1306500000.0,0.0,0.0,0.0,0.0,0.0,0.1,0.1,2465280000,2465280000,,,0.5299600856697819,0.0,,,,,,,,27019468800.000004,,0.0,20.680802755453502,0.0,0.0,0.0,0.0,,,0.0,0.0,0.0,,0.0,0.0,,0.0,0.0,0.0,0.0038694343065693,0.0,0.0,0.0,0.0,0.0,,0.0,,,0.0,0.0,,,,,,,,,,0.0,0.0,0.0,0.0,0.0,0.0,,1987-09-29,,bmo,,2025-04-25,1987-09-30,,,
1987-06-30,MRK,USD,310158,1987-06-30,1987-06-29 20:00:00,1987,Q2,1249300000.0,0.0,1249300000.0,1.0,0,0.0,0.0,0.0,0.0,0.0,0.0,0.0,0.0,0.0,1249300000.0,1.0,1249300000.0,1.0,-1249300000.0,0.0,0.0,0.0,0.0,0.0,0.1,0.1,2465280000,2465280000,,,0.5067578530633438,0.0,,,,,,,,22261478400.0,,0.0,17.81916145041223,0.0,0.0,0.0,0.0,,,0.0,0.0,0.0,,0.0,0.0,,0.0,0.0,0.0,0.0032287929125138,0.0,0.0,0.0,0.0,0.0,,0.0,,,0.0,0.0,,,,,,,,,,0.0,0.0,0.0,0.0,0.0,0.0,,1987-06-29,,bmo,,2025-04-25,1987-06-30,,,
1987-03-31,MRK,USD,310158,1987-03-31,1987-03-30 19:00:00,1987,Q1,1111100000.0,0.0,1111100000.0,1.0,0,0.0,0.0,0.0,0.0,0.0,0.0,0.0,0.0,0.0,1111100000.0,1.0,1111100000.0,1.0,-1111100000.0,0.0,0.0,0.0,0.0,0.0,0.08,0.08,2460138000,2460138000,,,0.4516413306895792,0.0,,,,,,,,20148530220.0,,0.0,18.133858536585365,0.0,0.0,0.0,0.0,,,0.0,0.0,0.0,,0.0,0.0,,0.0,0.0,0.0,0.0035599511599511,0.0,0.0,0.0,0.0,0.0,,0.0,,,0.0,0.0,,,,,,,,,,0.0,0.0,0.0,0.0,0.0,0.0,,1987-03-30,,bmo,,2025-04-25,1987-03-31,,,
1986-12-31,MRK,USD,310158,1986-12-31,1986-12-30 19:00:00,1986,Q4,1149100000.0,0.0,1149100000.0,1.0,0,0.0,0.0,0.0,-3087700000.0,-3087700000.0,-3087700000.0,0.0,0.0,0.0,-1938600000.0,-1.6870594378,-1938600000.0,-1.6870594378,1938600000.0,0.0,0.0,0.0,0.0,0.0,0.0,0.0,2460138000,2539586000,,,0.4670876186620425,0.0,,,0.3925796032580286,1.0442910113172512,1.0442910113172512,1.0442910113172512,0.2196624742189259,16138505279.999998,15713105279.999998,0.0,14.04447417979288,0.0,0.0,6.281773881904169,6.281773881904169,13.674271412409713,-8.105388053234291,0.0,0.0,0.0,,0.2103460355766611,0.1058528559116195,0.2194367069018879,1.7722653493295697,0.0,0.0,0.0044445121951219,0.0,0.0,0.0,0.0,0.0,,0.0,,0.0,,0.0,-0.2440411879333598,1094300000.0,2569100000.0,-24800000.0,3000500000.0,,,,71.01470716212688,0.0,0.0,1.267343112385574,0.0,0.0,0.0,,1986-12-30,,bmo,,2025-04-25,1986-12-31,,,
1986-09-30,MRK,USD,310158,1986-09-30,1986-09-29 20:00:00,1986,Q3,1053700000.0,0.0,1053700000.0,1.0,0,0.0,0.0,0.0,0.0,0.0,0.0,0.0,0.0,0.0,1053700000.0,1.0,1053700000.0,1.0,-1053700000.0,0.0,0.0,0.0,0.0,0.0,0.07,0.07,2539586000,2539586000,,,0.4149101467719541,0.0,,,,,,,,13256638920.0,,0.0,12.58103722122046,0.0,0.0,0.0,0.0,,,0.0,0.0,0.0,,0.0,0.0,,0.0,0.0,0.0,0.0055854406130268,0.0,0.0,0.0,0.0,0.0,,0.0,,,0.0,0.0,,,,,,,,,,0.0,0.0,0.0,0.0,0.0,0.0,,1986-09-29,,bmo,,2025-04-25,1986-09-30,,,
1986-06-30,MRK,USD,310158,1986-06-30,1986-06-29 20:00:00,1986,Q2,1005000000.0,0.0,1005000000.0,1.0,0,0.0,0.0,0.0,0.0,0.0,0.0,0.0,0.0,0.0,1005000000.0,1.0,1005000000.0,1.0,-1005000000.0,0.0,0.0,0.0,0.0,0.0,0.07,0.07,2539586000,2539586000,,,0.3957337928307999,0.0,,,,,,,,14069306440.0,,0.0,13.999309890547265,0.0,0.0,0.0,0.0,,,0.0,0.0,0.0,,0.0,0.0,,0.0,0.0,0.0,0.0043059566787003,0.0,0.0,0.0,0.0,0.0,,0.0,,,0.0,0.0,,,,,,,,,,0.0,0.0,0.0,0.0,0.0,0.0,,1986-06-29,,bmo,,2025-04-25,1986-06-30,,,
1986-03-31,MRK,USD,310158,1986-03-31,1986-03-30 19:00:00,1986,Q1,921100000.0,0.0,921100000.0,1.0,0,0.0,0.0,0.0,0.0,0.0,0.0,0.0,0.0,0.0,921100000.0,1.0,921100000.0,1.0,-921100000.0,0.0,0.0,0.0,0.0,0.0,0.07,0.07,2531292000,2531292000,,,0.3638853202238225,0.0,,,,,,,,11694569040.0,,0.0,12.696307719031592,0.0,0.0,0.0,0.0,,,0.0,0.0,0.0,,0.0,0.0,,0.0,0.0,0.0,0.0051634199134199,0.0,0.0,0.0,0.0,0.0,,0.0,,,0.0,0.0,,,,,,,,,,0.0,0.0,0.0,0.0,0.0,0.0,,1986-03-30,,bmo,,2025-04-25,1986-03-31,,,
1985-12-31,MRK,USD,310158,1985-12-31,1985-12-30 19:00:00,1985,Q4,958000000.0,0.0,958000000.0,1.0,0,0.0,0.0,0.0,-2707700000.0,-2707700000.0,-2707700000.0,0.0,0.0,0.0,-1749700000.0,-1.8264091858,-1749700000.0,-1.8264091858,1749700000.0,0.0,0.0,0.0,0.0,0.0,0.0,0.0,2531292000,2591748000,,,0.3784628561224861,0.0,,,0.332636456007446,1.040575326750134,1.002215469412458,1.040575326750134,0.1978436308414833,9188589960.0,8847389960.0,0.0,9.591430020876826,0.0,0.0,3.488454806378132,3.488454806378132,9.235271356993737,-5.056518237412128,0.0,0.0,0.0,,0.1901290812452543,0.1021582146791236,0.1950048579756529,1.919561243144424,0.0,0.0,0.0065716253443526,0.0,0.0,0.0,0.0198074333972502,0.0,,0.0,,0.0,,0.0,-0.1997102665358243,1106600000.0,2536900000.0,41800000.0,3086500000.0,,,,81.19728601252609,0.0,0.0,1.108411431216013,0.0,0.0,0.0,,1985-12-30,,bmo,,2025-04-25,1985-12-31,,,
1985-09-30,MRK,USD,310158,1985-09-30,1985-09-29 20:00:00,1985,Q3,855800000.0,0.0,855800000.0,1.0,0,0.0,0.0,0.0,0.0,0.0,0.0,0.0,0.0,0.0,855800000.0,1.0,855800000.0,1.0,-855800000.0,0.0,0.0,0.0,0.0,0.0,0.06,0.06,2591748000,2591748000,,,0.3302018560446463,0.0,,,,,,,,7438316760.0,,0.0,8.69165314325777,0.0,0.0,0.0,0.0,,,0.0,0.0,0.0,,0.0,0.0,,0.0,0.0,0.0,0.0073881533101045,0.0,0.0,0.0,0.0,0.0,,0.0,,,0.0,0.0,,,,,,,,,,0.0,0.0,0.0,0.0,0.0,0.0,,1985-09-29,,bmo,,2025-04-25,1985-09-30,,,
