date,symbol,reportedCurrency,cik,fillingDate,acceptedDate,calendarYear,period,revenue,costOfRevenue,grossProfit,grossProfitRatio,researchAndDevelopmentExpenses,generalAndAdministrativeExpenses,sellingAndMarketingExpenses,sellingGeneralAndAdministrativeExpenses,otherExpenses,operatingExpenses,costAndExpenses,interestIncome,interestExpense,depreciationAndAmortization,ebitda,ebitdaratio,operatingIncome,operatingIncomeRatio,totalOtherIncomeExpensesNet,incomeBeforeTax,incomeBeforeTaxRatio,incomeTaxExpense,netIncome,netIncomeRatio,eps,epsdiluted,weightedAverageShsOut,weightedAverageShsOutDil,link,finalLink,revenuePerShare,netIncomePerShare,operatingCashFlowPerShare,freeCashFlowPerShare,cashPerShare,bookValuePerShare,tangibleBookValuePerShare,shareholdersEquityPerShare,interestDebtPerShare,marketCap,enterpriseValue,peRatio,priceToSalesRatio,pocfratio,pfcfRatio,pbRatio,ptbRatio,evToSales,enterpriseValueOverEBITDA,evToOperatingCashFlow,evToFreeCashFlow,earningsYield,freeCashFlowYield,debtToEquity,debtToAssets,netDebtToEBITDA,currentRatio,interestCoverage,incomeQuality,dividendYield,payoutRatio,salesGeneralAndAdministrativeToRevenue,researchAndDdevelopementToRevenue,intangiblesToTotalAssets,capexToOperatingCashFlow,capexToRevenue,capexToDepreciation,stockBasedCompensationToRevenue,grahamNumber,roic,returnOnTangibleAssets,grahamNetNet,workingCapital,tangibleAssetValue,netCurrentAssetValue,investedCapital,averageReceivables,averagePayables,averageInventory,daysSalesOutstanding,daysPayablesOutstanding,daysOfInventoryOnHand,receivablesTurnover,payablesTurnover,inventoryTurnover,roe,capexPerShare,report_date,epsEstimated,time,revenueEstimated,updatedFromDate,fiscalDateEnding,surprise(%),QuarterAvgPrice,QuarterAvgVolume
2025-03-31,MSCI,USD,1408198,2025-04-22,2025-04-22 15:54:30,2025,Q1,745826000.0,136790000.0,609036000.0,0.8165926101,47591000,57097000.0,78707000.0,135804000.0,48618000.0,232013000.0,368803000.0,3876000.0,46492000.0,54549000.0,432111000.0,0.5793724005,377023000.0,0.5055106687,-45953000.0,331070000.0,0.443897102,42470000.0,288600000.0,0.3869535254,3.72,3.71,77630000,77807000,https://www.sec.gov/Archives/edgar/data/1408198/000140819825000111/0001408198-25-000111-index.htm,https://www.sec.gov/Archives/edgar/data/1408198/000140819825000111/msci-20250331.htm,9.60744557516424,3.7176349349478297,3.886860749710164,3.738722143501224,4.646026020868221,-12.34793250032204,-61.366469148525056,-12.34793250032204,60.69556872343166,43899765000.0,48204399000.0,38.02820945945946,58.860598852815535,145.49016196223863,151.254888246502,-45.79714053225117,-45.79714053225117,64.6322319146825,111.55559335448532,159.75634078684416,166.08633289346292,0.0065740670821358,0.0066113565755989,-4.86694242465339,0.8729375975558596,9.961870908169429,0.8426047923793313,8.109416673836359,1.0455197505197504,0.003275279491815,0.4982120582120582,0.0765553895948921,0.0638097894146892,0.712021464066699,0.0381126610259928,0.0154191460206536,0.2309097845511314,0.0536371754269762,,0.0847483763503533,0.1875164466737922,-69.30745523637769,-230793000.0,-4763879000.0,-5067409000.0,3778734000.0,784978000.0,5328000.0,0.0,90.4128174668086,7.011038818627092,0.0,0.995434082485482,12.8368993993994,0.0,-0.3010734740290224,0.1481386062089398,2025-04-22,3.92,bmo,743444631.0,2025-05-11,2025-03-31,0.0204081632653061,581.3375,555341.7333333333
2024-12-31,MSCI,USD,1408198,2025-02-07,2025-02-07 16:02:25,2024,Q4,743509000.0,131567000.0,611942000.0,0.8230458542,38471000,44382000.0,76835000.0,121217000.0,47060000.0,206748000.0,338315000.0,3902000.0,45505000.0,52738000.0,461588000.0,0.6208236888,405194000.0,0.5449752458,-41849000.0,363345000.0,0.4886894442,57830000.0,305515000.0,0.4109096191,3.9,3.9,78710000,78365000,https://www.sec.gov/Archives/edgar/data/1408198/000140819825000053/0001408198-25-000053-index.htm,https://www.sec.gov/Archives/edgar/data/1408198/000140819825000053/msci-20241231.htm,9.44618218777792,3.881527124888832,5.471134544530555,5.290128319146233,5.200749587091856,-11.942535891246347,-60.51044339982213,-11.942535891246347,59.42668021852369,47226787100.0,51449405100.0,38.645227812055055,63.51878336375216,109.66829550916906,113.42068921625606,-50.24142321730814,-50.24142321730814,69.19809323088221,111.46174748910283,119.47390260384132,123.56180347081796,0.0064691040564137,0.0088167335863506,-4.927642322262731,0.8506144316371922,9.148023778781075,0.8476130353784621,8.904384133611691,1.4095314469011342,0.0026495344630378,0.4095674516799502,0.0596926197261902,0.051742480588668,0.7020150257857998,0.0330838556264847,0.0191618393321398,0.2701467632447192,0.0308926993486292,,0.0882700233384152,0.1882804705116725,-68.10511053233388,-241633000.0,-4762777000.0,-5041415000.0,3771467000.0,732258000.0,4374000.0,500000.0,99.34487679369046,0.0,0.0,0.9059349903558996,0.0,0.0,-0.3250169947350896,0.1810062253843222,2025-01-29,3.95,bmo,745440320.0,2025-04-29,2024-12-31,0.0582278481012657,600.04078125,456370.953125
2024-09-30,MSCI,USD,1408198,2024-10-31,2024-10-31 15:31:13,2024,Q3,724705000.0,126192000.0,598513000.0,0.8258712166,38584000,41561000.0,70763000.0,112324000.0,46271000.0,197179000.0,323371000.0,5217000.0,46688000.0,54016000.0,457640000.0,0.6314845351,401334000.0,0.553789473,-44398000.0,356936000.0,0.4925259243,76035000.0,280901000.0,0.3876073713,3.58,3.57,78499000,78729000,https://www.sec.gov/Archives/edgar/data/1408198/000140819824000170/0001408198-24-000170-index.htm,https://www.sec.gov/Archives/edgar/data/1408198/000140819824000170/msci-20240930.htm,9.23202843348323,3.578402272640416,5.370883705524912,5.286474986942509,6.381979388272463,-9.56697537548249,-58.58072077351304,-9.56697537548249,59.30521407916024,45759422069.99999,49867155069.99999,40.72557775693216,63.142136552114295,108.53521170088872,110.26818464852776,-60.931483266267016,-60.931483266267016,68.81028152144664,108.96590129796344,118.2782034301924,120.1667419388264,0.0061386483328022,0.0090687989757646,-6.136783320328417,0.8520531437807973,8.975904641202693,0.933146093917259,8.596084647018506,1.5009166930698004,0.002748220897712,0.447691535451992,0.0573488522916221,0.0532409739135234,0.7113267290928422,0.0157159832925767,0.0091430306124561,0.1601372743311501,0.0255317680987436,,0.0778605582505146,0.1799011027789465,-65.9322125122613,-92119000.0,-4598528000.0,-4874151000.0,3939454000.0,676647000.0,10835000.0,500000.5,79.95340172897937,6.2390642829973375,0.7131989349562572,1.12565567009989,14.425240054869684,126.192,-0.3740369481676383,0.0844087185824023,2024-10-29,3.77,bmo,716152683.0,2025-04-25,2024-09-30,0.0238726790450928,542.19515625,486888.75
2024-06-30,MSCI,USD,1408198,2024-07-23,2024-07-23 16:58:16,2024,Q2,707949000.0,173108000.0,534841000.0,0.7554795614,41073000,39706000.0,71454000.0,108812000.0,-2091000.0,149885000.0,322993000.0,6110000.0,46633000.0,51023000.0,437650000.0,0.6181942485,384956000.0,0.5437623332,-42614000.0,339994000.0,0.4802521086,73236000.0,266758000.0,0.3768039788,3.37,3.37,79085000,79245000,https://www.sec.gov/Archives/edgar/data/1408198/000140819824000131/0001408198-24-000131-index.htm,https://www.sec.gov/Archives/edgar/data/1408198/000140819824000131/msci-20240630.htm,8.951748119112347,3.373054308655244,4.416109249541632,4.070594929506227,5.707795410001896,-9.28726054245432,-58.07756211670987,-9.28726054245432,59.57024720237719,37906231350.0,42119310350.0,35.52492460394815,53.54373175186348,108.53671703202308,117.74937283139136,-51.60940600395108,-51.60940600395108,59.4948369868451,96.23971289843482,120.60000443810702,130.83659865868546,0.0070373126132466,0.0084926142361023,-6.350698382399592,0.8547961793956311,9.626594310522108,0.9546729902168054,8.255012544764437,1.3092315930889855,0.0033482093967117,0.4757795455056643,0.0560859609943654,0.0580168910472364,0.7071099665318693,0.078239531794026,0.0385974130904909,0.5355427944260431,0.0273974537713874,,0.0735669179883601,0.1669060949086877,-65.85066383637859,-62390000.0,-4593064000.0,-4877264000.0,3989707000.0,727549000.0,12485000.0,1.5,90.1955225588284,6.71823370381496,5.199066478730041e-07,0.9978322365314656,13.396378269617706,173108000.0,-0.3631915238337715,0.3455143200354049,2024-07-23,3.55,bmo,696411734.0,2025-04-25,2024-06-30,0.0253521126760564,496.1857142857143,716703.4920634921
2024-03-31,MSCI,USD,1408198,2024-04-23,2024-04-23 13:10:27,2024,Q1,679965000.0,171199000.0,508766000.0,0.7482238056,40525000,56691000.0,72168000.0,127353000.0,-2863000.0,167878000.0,339077000.0,6048000.0,46674000.0,48498000.0,389386000.0,0.5726559455,340888000.0,0.5013316862,-43489000.0,295893000.0,0.4351591626,39939000.0,255954000.0,0.3764223159,3.23,3.22,79195000,79508000,https://www.sec.gov/Archives/edgar/data/1408198/000140819824000075/0001408198-24-000075-index.htm,https://www.sec.gov/Archives/edgar/data/1408198/000140819824000075/msci-20240331.htm,8.58595870951449,3.231946461266494,3.7426352673779912,3.436593219268893,6.55742155439106,-8.214117052844244,-56.68937432918745,-8.214117052844244,59.51321421806932,43939761850.0,48086921850.0,42.91763544425952,64.62062289970807,148.24581086916916,161.44767931481732,-67.54590863882113,-67.54590863882113,70.71970152875515,123.4942238549922,162.237673162437,176.68557159181515,0.0058251112255402,0.00619395710266,-7.173486626790691,0.8517658470091478,10.650511317818308,0.9963220039855304,7.303595149333676,1.1580127679192356,0.0029882956682433,0.5130023363573142,0.0833734089254594,0.0595986558131668,0.7007275048374682,0.0817718068273065,0.035644481701264,0.4997525671161697,0.0504967167427735,,0.0713400311044877,0.1561084441180757,-63.77401034156197,-5035000.0,-4489515000.0,-4765189000.0,4022035000.0,792583000.0,10930000.0,31440001.0,98.68888839866756,6.333681855618316,1.0514080105608091e-06,0.9119567710240326,14.209744355909695,85599500.0,-0.3934624306513127,0.3060420481090978,2024-04-23,3.45,bmo,685465768.0,2025-04-25,2024-03-31,0.0202898550724637,562.1611475409836,461126.4098360656
2023-12-31,MSCI,USD,1408198,2024-02-09,2024-02-09 16:39:39,2023,Q4,690106000.0,122557000.0,567549000.0,0.8224084416,39220000,40440000.0,75160000.0,115600000.0,-2345000.0,196804000.0,319361000.0,3400000.0,46954000.0,48281000.0,563110000.0,0.8159760964,370745000.0,0.5372290634,97130000.0,467875000.0,0.6779755574,64495000.0,403380000.0,0.5845189,5.1,5.07,79115000,79499000,https://www.sec.gov/Archives/edgar/data/1408198/000140819824000030/0001408198-24-000030-index.htm,https://www.sec.gov/Archives/edgar/data/1408198/000140819824000030/msci-20231231.htm,8.72282120963155,5.098653858307527,4.916299058332807,4.640384250774189,5.786702900840549,-9.350489793338811,-57.93705365607027,-9.350489793338811,59.08887063135941,44751399750.0,48921446750.0,27.73526188085676,64.84713906269472,115.05606011523244,121.89723295126444,-60.494157258260735,-60.494157258260735,70.88975715324892,86.87724734066168,125.77727064709616,133.25592102395922,0.009013796266786,0.0082036316640576,-6.255862680530548,0.8386513837163766,7.405386159009785,0.9348250688024258,7.89591941048686,0.9642347166443552,0.0024435660249934,0.2710917745054291,0.0585996933804372,0.0568318490202954,0.6965881564323562,0.0561224620969628,0.0316313725717498,0.452124023943166,0.0235876807331047,,0.0792259422931695,0.2409255727641458,-64.95685710674334,-98872000.0,-4583690000.0,-4839830000.0,3916217000.0,721410500.0,10018000.0,-20415500.0,109.4903536558152,7.205463580211656,46.17606501464624,0.8219902210099398,12.490521810028536,1.9490617048346053,-0.5452820088568787,0.2759148075586172,2024-01-30,3.29,bmo,662730000.0,2025-04-25,2023-12-31,0.1185410334346504,516.2079365079364,332622.5396825397
2023-09-30,MSCI,USD,1408198,2023-10-31,2023-10-31 13:26:06,2023,Q3,625439000.0,105311000.0,520128000.0,0.8316206696,31438000,36826000.0,66581000.0,103407000.0,935000.0,166819000.0,272130000.0,10314000.0,46902000.0,37872000.0,402430000.0,0.6434360505,353309000.0,0.5648976159,-35653000.0,317656000.0,0.5078928561,57997000.0,259659000.0,0.4151627897,3.28,3.27,79116000,79500000,https://www.sec.gov/Archives/edgar/data/1408198/000140819823000055/0001408198-23-000055-index.htm,https://www.sec.gov/Archives/edgar/data/1408198/000140819823000055/msci-20230930.htm,7.905341523838414,3.2820036402244805,3.6797992820668384,3.414606400728045,11.688558572223064,-48.21329440315486,-83.18116436624703,-13.260225491683098,57.58233479953486,40592837280.0,44176867280.0,39.08283294628725,64.90295181464539,139.43151804514122,150.26036379789005,-38.69315799507386,-38.69315799507386,70.63337476556467,109.77528335362672,151.74223040486928,163.52717853044604,0.0063966703832238,0.0066551149932331,-4.297778277679068,2.943418865687699,8.905971224809283,1.810235902235647,7.532919704916635,1.1212051190214858,0.0026945640494534,0.4212447864314351,0.0588802425176556,0.0502654935173534,1.806035703980499,0.0720672137285277,0.0335460372634261,0.8975828877005347,0.0290100233595922,,0.0732516512542313,-0.2103012877622094,-50.82303200364022,685620000.0,-6580961000.0,-3814443000.0,3627707000.0,608075500.0,8750500.0,-51855500.0,86.80932912722105,8.737548784077637,-88.63262147354027,1.03675493066077,10.300371674491393,-1.0154274859947354,-0.2475073777804891,0.2651928813387936,2023-10-31,3.32,bmo,625669386.0,2025-04-25,2023-09-30,0.0391566265060242,525.475873015873,407783.6031746032
2023-06-30,MSCI,USD,1408198,2023-07-25,2023-07-25 13:05:09,2023,Q2,621157000.0,110066000.0,511091000.0,0.8228048625,30140000,35657000.0,67988000.0,103645000.0,31353000.0,165138000.0,275204000.0,10403000.0,46617000.0,37157000.0,390932000.0,0.629361015,345953000.0,0.5569493703,-38795000.0,307158000.0,0.4944933407,60333000.0,246825000.0,0.3973633075,3.1,3.09,79592000,79905000,https://www.sec.gov/Archives/edgar/data/1408198/000140819823000039/0001408198-23-000039-index.htm,https://www.sec.gov/Archives/edgar/data/1408198/000140819823000039/msci-20230630.htm,7.804264247663082,3.101128254095889,3.666247864106946,3.333739571816263,9.95488240024123,-14.997336415720174,-49.91144838677254,-14.997336415720174,58.84609005930244,37351729680.0,41196461680.0,37.83219860224856,60.13251026713053,128.0028021548711,140.76984416161966,-31.291556513201325,-31.291556513201325,66.32214026405562,105.38012155566696,141.17853655193213,155.25973068414368,0.00660812771228,0.00710379418231,-3.884715850638536,0.9735940495856664,9.8347845661138,1.251255002565418,7.421176823905443,1.1822303251291402,0.0029480562464811,0.4461257976298997,0.0574041667404537,0.0485223542518236,0.5834525202253787,0.090694438732848,0.0426059756229101,1.0118911065229028,0.0259885986956598,,0.0777370111431108,0.1244112737053061,-59.10774009950749,306060000.0,-3972552000.0,-4432311000.0,3268325000.0,627234500.0,9011500.0,18693500.0,88.80146243220314,5.950338887576545,0.0,1.0134968224055083,15.125188951491,0.0,-0.2067786017552619,0.3325082922906824,2023-07-25,3.11,bmo,602440000.0,2025-04-25,2023-06-30,0.0482315112540192,487.7970967741935,540379.6290322581
2023-03-31,MSCI,USD,1408198,2023-04-25,2023-04-25 16:52:07,2023,Q1,592218000.0,108647000.0,483571000.0,0.8165422193,31323000,41044000.0,66475000.0,107519000.0,30127000.0,168969000.0,277616000.0,10362000.0,46206000.0,35909000.0,358487000.0,0.6053294564,314602000.0,0.5312266767,-38230000.0,276372000.0,0.4666727455,37644000.0,238728000.0,0.4031083148,2.98,2.97,80041000,80482000,https://www.sec.gov/Archives/edgar/data/1408198/000140819823000032/0001408198-23-000032-index.htm,https://www.sec.gov/Archives/edgar/data/1408198/000140819823000032/msci-20230331.htm,7.398933046813508,2.982571432141028,3.30007121350308,3.030509363950975,13.451955872615285,-11.261278594720206,-46.019077722667134,-11.261278594720206,58.5658350095576,44798147290.00001,48362901290.00001,46.91337766202541,75.64469045182688,169.59937037415625,184.6851247706801,-49.70039550059688,-49.70039550059688,81.66401779412313,134.9083824239094,183.09501853176903,199.38120211077447,0.0053289703802837,0.0054146212438152,-5.149375834845856,0.9175207069009824,9.94388638918566,1.4980820625687783,6.808682855040471,1.1064516939780835,0.0025033401331093,0.4697605643242519,0.069305559776974,0.0528909962209861,0.5499533476980252,0.0816836462343975,0.0364325299129712,0.6008521540560862,0.0356085090287698,,0.0700091788051898,0.1048592867330126,-54.76536400094951,601977000.0,-3683413000.0,-4149497000.0,3568461000.0,652410000.0,12892500.0,37020500.0,97.50220358043828,8.901672388561119,30.97029830552155,0.9230560612484102,10.110459705937092,2.906010110466205,-0.2648519355110699,0.2695618495521045,2023-04-25,2.99,bmo,593820000.0,2025-04-25,2023-03-31,0.0501672240802675,529.0127419354839,433108.1774193549
2022-12-31,MSCI,USD,1408198,2023-02-10,2023-02-10 16:28:55,2022,Q4,576208000.0,102384000.0,473824000.0,0.8223141643,29026000,33864000.0,71912000.0,105776000.0,30272000.0,165074000.0,267458000.0,6609000.0,45610000.0,36241000.0,347513000.0,0.6031033932,308750000.0,0.5358308111,-43088000.0,265662000.0,0.4610522589,50691000.0,214971000.0,0.3730788188,2.69,2.67,79989000,80424000,https://www.sec.gov/Archives/edgar/data/1408198/000140819823000011/0001408198-23-000011-index.htm,https://www.sec.gov/Archives/edgar/data/1408198/000140819823000011/msci-20221231.htm,7.203590493692883,2.6875070322169297,3.943379714710773,3.687619547687807,12.421257922964408,-12.600795109327532,-47.457925464751405,-12.600795109327532,58.62219805223218,37208483130.0,40858440130.0,43.27151468105001,64.57474233262988,117.9622642639977,126.14370706752236,-36.915924428900965,-36.915924428900965,70.9091857974898,117.57384653235994,129.53374356031665,138.51774298316093,0.0057774728211555,0.0079274664051589,-4.607010442245207,0.9291622770025624,10.503080460299326,1.397789891781625,6.76934882701162,1.4673002404975557,0.0026917517612871,0.4659047034251131,0.058770444006331,0.0503741704384527,0.5579124508382632,0.0648581129706715,0.0355045400272123,0.5644987721089374,0.0202392191708549,,0.0665218138517707,0.0973006515949501,-56.20950380677344,497447000.0,-3796112000.0,-4257486000.0,3466071000.0,594298000.0,10171000.0,59666000.0,103.59321633854442,13.21993670886076,32.220464135021096,0.8687827560626986,6.807899461400359,2.7932558520216078,-0.2132807500558077,0.2557601670229656,2023-01-31,2.76,bmo,568580647.0,2025-04-25,2022-12-31,0.0289855072463768,465.29015873015874,437037.98412698414
2022-09-30,MSCI,USD,1408198,2022-10-25,2022-10-25 15:36:37,2022,Q3,560639000.0,98418000.0,462221000.0,0.8244538821,25941000,30702000.0,65545000.0,96247000.0,30502000.0,152690000.0,251108000.0,3938000.0,44162000.0,36566000.0,349932000.0,0.624166353,309531000.0,0.5521039385,-40327000.0,269204000.0,0.4801735163,52612000.0,216592000.0,0.3863305978,2.69,2.68,80500000,80874000,https://www.sec.gov/Archives/edgar/data/1408198/000140819822000012/0001408198-22-000012-index.htm,https://www.sec.gov/Archives/edgar/data/1408198/000140819822000012/msci-20220930.htm,6.964459627329193,2.690583850931677,4.01327950310559,3.789664596273292,10.771577639751552,-13.383739130434783,-48.06351552795031,-13.383739130434783,58.31588819875776,33954095000.0,37737250000.0,39.19130785070548,60.56320555651676,105.09858575103152,111.30008719367486,-31.51510918505909,-31.51510918505909,67.31113961033749,107.84166638089684,116.80863840232271,123.7011092608861,0.0063789654826612,0.0089847189271279,-4.3162296696371145,0.9733627879026115,10.811114730861997,1.430691158226923,7.008989629092885,1.4916017212085395,0.0029693914680983,0.465497340621999,0.0547625120621291,0.0462704164355316,0.584344578272399,0.0557187473883288,0.0321080053296327,0.4922879177377892,0.0214273355938491,,0.0665676612275165,0.1090701252137042,-56.55213664596273,459656000.0,-3869113000.0,-4328010000.0,3437491000.0,556087500.0,7299000.0,49289000.0,84.33662303193321,4.849417789428763,75.60629153203683,1.0671520481193848,18.55892890816519,1.1903771257166356,-0.2010337936737916,0.2236149068322981,2022-10-25,2.71,bmo,558754825.0,2025-04-25,2022-09-30,0.0516605166051661,457.76234375,405304.0
2022-06-30,MSCI,USD,1408198,2022-07-26,2022-07-26 13:50:28,2022,Q2,551806000.0,100768000.0,451038000.0,0.8173850955,23916000,36724000.0,61073000.0,97797000.0,28944000.0,150657000.0,251425000.0,924000.0,41085000.0,35143000.0,336260000.0,0.6093808331,300381000.0,0.5443597931,-40349000.0,260032000.0,0.47123808,49445000.0,210587000.0,0.3816323128,2.6,2.59,80923000,81295000,https://www.sec.gov/Archives/edgar/data/1408198/000156459022026419/0001564590-22-026419-index.htm,https://www.sec.gov/Archives/edgar/data/1408198/000156459022026419/msci-10q_20220630.htm,6.8189019191082885,2.602313310183755,2.628288620046217,2.392286494568911,10.408660084277647,-12.684230688432214,-47.37790245047761,-12.684230688432214,57.90009020921123,33352414450.0,37154478450.0,39.59457902197192,60.44228306687495,156.81306720140674,172.28287704490396,-32.49310187774125,-32.49310187774125,67.3325017306807,110.49330413965384,174.68923381086938,191.92255037682537,0.0063139956573668,0.0058044073627778,-4.524703686311798,0.9608991854928008,11.306917266401,1.3292043060663403,7.3112084702446145,1.0099816227972287,0.0025235654266103,0.3996780428041617,0.0665523752913161,0.0433413192317589,0.5808631359768541,0.0897930781563691,0.0346099897427719,0.5434368152974988,0.0209530160962367,,0.0649686954746567,0.1039506653055824,-56.46647739208878,368801000.0,-3833962000.0,-4370717000.0,3363829000.0,589570500.0,11125500.0,14475000.0,95.70999590435768,8.301742616703715,14.200936805335026,0.9403406525054744,10.841097364174288,6.337610062893082,-0.2051613041504375,0.2360021254773056,2022-07-26,2.68,bmo,558965017.0,2025-04-25,2022-06-30,0.0373134328358207,435.3725806451613,581271.7419354839
2022-03-31,MSCI,USD,1408198,2022-04-26,2022-04-26 13:06:33,2022,Q1,559945000.0,102771000.0,457174000.0,0.8164623311,28322000,45567000.0,66053000.0,111620000.0,28254000.0,168196000.0,270967000.0,298000.0,40714000.0,34546000.0,324203000.0,0.5789907937,288978000.0,0.5160828296,-40035000.0,248943000.0,0.444584736,20520000.0,228423000.0,0.4079382797,2.8,2.78,81591000,82286000,https://www.sec.gov/Archives/edgar/data/1408198/000156459022015592/0001564590-22-015592-index.htm,https://www.sec.gov/Archives/edgar/data/1408198/000156459022015592/msci-10q_20220331.htm,6.8628280079910775,2.7996102511306398,2.9927810665392016,2.8047946464683604,8.325857018543712,-10.775563481266316,-45.34134892328811,-10.775563481266316,53.22981701413146,41030482080.0,44653527080.0,44.906250771594806,73.27591474162641,168.03100153982243,179.29298340368632,-46.66855713617891,-46.66855713617891,79.74627343756976,137.73323220328004,182.86835779576057,195.1247873242268,0.0055671536969667,0.0055774631054493,-4.893555310632867,0.9169899414492728,11.175235886157749,1.1482171202644549,7.097755071965417,1.0689991813433848,0.0021391169577016,0.3842388901292777,0.0813776353034673,0.0505799676753966,0.6010996990725792,0.0628132883399403,0.0273919759976426,0.4439877265095814,0.0408200805436248,,0.0745993167096605,0.1220487376387336,-54.42920787831992,171995000.0,-3699446000.0,-4238597000.0,3191302000.0,628418500.0,13202000.0,9500500.0,95.20460045183007,11.34600227690691,11.42832121902093,0.9453324689444664,7.932309354739117,7.875172413793104,-0.2598110303927824,0.1879864200708411,2022-04-26,2.8,bmo,562101786.0,2025-04-25,2022-03-31,0.0642857142857143,518.5791935483871,639966.9193548387
2021-12-31,MSCI,USD,1408198,2022-02-11,2022-02-11 16:30:54,2021,Q4,549842000.0,95903000.0,453939000.0,0.8255808032,30819000,44873000.0,68708000.0,113581000.0,5144000.0,173352000.0,269255000.0,368000.0,40336000.0,35329000.0,321428000.0,0.5845824801,280587000.0,0.5103047785,-34824000.0,245763000.0,0.4469702205,51898000.0,193865000.0,0.3525831057,2.35,2.32,82473000,83578001,https://www.sec.gov/Archives/edgar/data/1408198/000156459022004803/0001564590-22-004803-index.htm,https://www.sec.gov/Archives/edgar/data/1408198/000156459022004803/msci-10k_20211231.htm,6.666933420634632,2.350648090890352,3.3909764407745566,3.189734822305482,17.235325500466818,-1.9820668582445164,-36.29301710862949,-1.9820668582445164,52.7662022722588,50530382370.00001,53420384370.00001,65.16181668944884,91.89982280364178,180.6824702857715,192.0817980590496,-309.1167169520454,-309.1167169520454,97.15588181695834,166.19704683474995,191.01630660363867,203.0676001550936,0.0038366026716452,0.005206115363896,-26.375054292303645,0.782945984194172,8.991133317570343,1.7134436026754345,6.956242562475208,1.4425708611662755,0.0017010162197195,0.4433652283805741,0.0816107172605948,0.056050647276854,0.5138695513449699,0.0593462154585502,0.0301850349736833,0.4697840301169011,0.0212770213988745,,0.0520083067803957,0.0724194015934397,-45.437443163217054,892473000.0,-2993194000.0,-3526760000.0,3933499000.0,580618500.0,11666000.0,11264500.0,108.76941012145306,12.620251712668008,5.584705379393762,0.8274385224623821,7.13139500297442,16.11544278272559,-1.1859580221084378,0.2012416184690747,2022-01-27,2.49,bmo,539733360.0,2025-04-25,2021-12-31,0.008032128514056,627.1878125,293508.9375
2021-09-30,MSCI,USD,1408198,2021-10-26,2021-10-26 15:04:13,2021,Q3,517099000.0,89674000.0,427425000.0,0.8265825306,28352000,38110000.0,59819000.0,97929000.0,-37839000.0,147195000.0,236869000.0,396000.0,42137000.0,27040000.0,269827000.0,0.52180917,280230000.0,0.5419271745,-79580000.0,200650000.0,0.3880301451,30774000.0,169876000.0,0.3285173632,2.06,2.03,82470000,83554001,https://www.sec.gov/Archives/edgar/data/1408198/000156459021051945/0001564590-21-051945-index.htm,https://www.sec.gov/Archives/edgar/data/1408198/000156459021051945/msci-10q_20210930.htm,6.270146720019401,2.059852067418455,2.617812537892567,2.4385109736874013,15.577349339153631,-3.395477143203589,-37.68731659997575,-3.395477143203589,52.78325451679399,50169799800.0,53196033800.0,73.83297199133486,97.02165310704528,232.384859952476,249.4719140345294,-179.16185983394342,-179.16185983394342,102.87398312508824,197.14866859135668,246.40227614861203,264.5200184978916,0.0033860210859362,0.0040084672612147,-15.394689759842873,0.8382608330421422,11.215460276399323,1.8165978155800453,6.650449723520896,1.2708740493065531,0.0017129627852331,0.505892533377287,0.0736996203821705,0.0548289592515166,0.5499183400681631,0.0684928968785174,0.028596071545294,0.5468565088757397,0.0239064473147308,,0.057180525719205,0.0733925770136882,-45.55834242754941,830422000.0,-3108073000.0,-3575343000.0,3882844000.0,492648000.0,10568500.0,37108000.0,86.45412193796547,9.919932198853626,16.63826750228606,1.0410145633608872,9.07264265479563,5.4092170346242,-0.6066458351932863,0.1793015642051655,2021-10-26,2.41,bmo,506260000.0,2025-04-25,2021-09-30,0.0497925311203318,611.01171875,287616.703125
2021-06-30,MSCI,USD,1408198,2021-07-27,2021-07-27 14:33:39,2021,Q2,498180000.0,87327000.0,410853000.0,0.8247079369,27531000,30182000.0,58191000.0,88373000.0,-22628000.0,137307000.0,224634000.0,347000.0,39557000.0,43417000.0,278669000.0,0.5593741218,257533000.0,0.5169476896,-61838000.0,195695000.0,0.3928198643,30272000.0,165423000.0,0.332054679,2.01,1.99,82454000,83295000,https://www.sec.gov/Archives/edgar/data/1408198/000156459021038234/0001564590-21-038234-index.htm,https://www.sec.gov/Archives/edgar/data/1408198/000156459021038234/msci-10q_20210630.htm,6.041914279477042,2.006245906808645,2.729485531326558,2.595471414364373,23.91638974458486,-4.460753874887816,-25.988939287360225,-4.460753874887816,50.31246513207364,43954578320.0,46091483320.0,66.42754985703318,88.23031498655105,195.30420435711844,205.3885074787273,-119.50446380846478,-119.50446380846478,92.51973848809668,165.39867484363168,204.79915452529804,215.3737182428612,0.0037634987371663,0.0048688215921894,-11.17136704847923,0.8576167441301286,7.668255170112212,2.691299417675076,6.51042798998913,1.3604940062748228,0.0014667414058813,0.389728151466241,0.0605845276807579,0.0552631578947368,0.3704981928902818,0.0490986727806733,0.0221807378859046,0.2545086026210931,0.0239792845959291,,0.0563717358900743,0.0548486384740538,-33.856871710286946,1607871000.0,-2142892000.0,-2600340000.0,3600458000.0,497709500.0,9256000.0,35647500.0,88.2638805251114,11.59744408945687,59.40224672781614,1.019669648156866,7.760330578512397,1.5150942086817725,-0.4497548986289005,0.134014116962185,2021-07-27,2.3,bmo,505580000.0,2025-04-25,2021-06-30,0.0652173913043479,476.6612698412698,350799.14285714284
2021-03-31,MSCI,USD,1408198,2021-04-28,2021-04-28 12:35:23,2021,Q1,478423000.0,85780000.0,392643000.0,0.8207026,24862000,34728000.0,56467000.0,91195000.0,-1149000.0,138268000.0,224048000.0,386000.0,37584000.0,22211000.0,260755000.0,0.5450302348,254375000.0,0.5316947555,-38347000.0,216028000.0,0.4515418364,19209000.0,196819000.0,0.4113911748,2.38,2.36,82640000,83493001,https://www.sec.gov/Archives/edgar/data/1408198/000156459021021208/0001564590-21-021208-index.htm,https://www.sec.gov/Archives/edgar/data/1408198/000156459021021208/msci-10q_20210331.htm,5.789242497579864,2.381643272023233,2.607175701839303,2.4818126815101644,21.14166263310745,-5.827468538238142,-27.561931268151017,-5.827468538238142,49.041311713455954,34649299200.0,36917342200.0,44.01162895858632,72.42398296068542,160.8177000515184,168.94103375475996,-71.94890838943316,-71.94890838943316,77.16464760264452,141.5786550593469,171.34436198406178,179.99942563762514,0.0056803169052261,0.0059192250560727,-8.337500155736718,0.8794577802484663,8.697984698279994,1.6183226726217914,6.768172626649638,1.0946961421407486,0.0019073113028502,0.3357755094782516,0.0725884834132138,0.051966565152595,0.3934124610751568,0.0480838403950672,0.0216544773140087,0.3655739440347225,0.0395256916996047,,0.0637283455230275,0.0710693642975193,-35.24925883349468,881312000.0,-2277718000.0,-2740472000.0,2903876000.0,532709000.0,10756000.0,16877000.0,95.34744358026266,7.616110981580788,14.328864537188156,0.9439162354073896,11.817054690728751,6.281028044226404,-0.408692600637067,0.1253630203291384,2021-04-27,2.26,bmo,469850000.0,2025-04-25,2021-03-31,0.088495575221239,420.1647540983606,520726.37704918033
2020-12-31,MSCI,USD,1408198,2021-02-12,2021-02-12 16:54:12,2020,Q4,443661000.0,75935000.0,367726000.0,0.8288445457,27056000,27872000.0,56662000.0,84534000.0,-1890000.0,133641000.0,209576000.0,301000.0,37330000.0,22051000.0,179545000.0,0.4046896166,234085000.0,0.5276213145,-38919000.0,195166000.0,0.4398989318,38950000.0,156216000.0,0.352106676,1.89,1.87,82737000,83707001,https://www.sec.gov/Archives/edgar/data/1408198/000156459021005811/0001564590-21-005811-index.htm,https://www.sec.gov/Archives/edgar/data/1408198/000156459021005811/msci-10k_20201231.htm,5.362304652090359,1.888103266978498,2.851541631918005,2.6473766271438413,15.71873526958918,-5.357143720463638,-27.12213399083844,-5.357143720463638,42.98498857826607,36944552610.0,39163150610.0,59.12414959095099,83.27203114540156,156.59248842867316,168.6688608721854,-83.3522532341833,-83.3522532341833,88.27269155954659,218.12442902893423,165.9961963395612,178.79778031921694,0.0042283906276812,0.0059287766267526,-7.939641363252819,0.838155481992175,12.356779637416803,1.884572736107672,6.270693811947496,1.5102678342807394,0.0017485933767273,0.4135363855174886,0.0628227407863211,0.0609834986622669,0.4288929266975766,0.0715981146790546,0.0380741151464744,0.6024465922465138,0.0241468147977847,,0.0589785919749233,0.0651476285063829,-35.20051186289085,903829000.0,-2244004000.0,-2716283000.0,2938375000.0,494186500.0,9485500.0,41778500.0,113.30995963134012,16.8930005926121,23.81945084611839,0.7942814585127352,5.327650319231039,3.778424640493606,-0.3524458863715328,0.2041650047741639,2021-01-28,1.95,bmo,441385815.0,2025-04-25,2020-12-31,0.0051282051282051,392.35484375,427002.34375
2020-09-30,MSCI,USD,1408198,2020-10-28,2020-10-28 13:51:44,2020,Q3,425333000.0,70704000.0,354629000.0,0.8337678948,24901000,27613000.0,52668000.0,80281000.0,-1516000.0,127009000.0,197713000.0,475000.0,37536000.0,21827000.0,234073000.0,0.5503288012,227620000.0,0.5351571592,-38577000.0,189043000.0,0.4444588123,6685000.0,182358000.0,0.4287417153,2.18,2.16,83602001,84479001,https://www.sec.gov/Archives/edgar/data/1408198/000156459020048265/0001564590-20-048265-index.htm,https://www.sec.gov/Archives/edgar/data/1408198/000156459020048265/msci-10q_20200930.htm,5.08759353738435,2.181263580042779,2.389835142821522,2.2495873035383447,15.584052826678157,-4.624123769477719,-26.1934041506973,-4.624123769477719,42.53643402626212,29827521916.78,32043258916.78,40.89143596220072,70.12745758448087,149.29063248219424,158.5979790332323,-77.15623927607311,-77.15623927607311,75.33687467650053,136.8942975771661,160.38068478580544,170.3794274301058,0.0061137495937069,0.0063052505845012,-9.101713460911672,0.8557479244082584,9.466008467443917,2.2076818222108296,6.064045183290707,1.0956196053915923,0.0021937457688427,0.3588216584959256,0.0649208972734304,0.0585447167278344,0.4385598821320231,0.0586851522810881,0.0275666360240094,0.4206881704998026,0.0261348167200758,,0.0665697782742342,0.0789946995517404,-33.98679416776161,1008238000.0,-2189821000.0,-2655213000.0,3044165000.0,447950000.0,5857000.0,41144500.0,90.94605873515576,6.005600814663951,80.77902240325865,0.9895975840150394,14.98601102161933,1.1141506460762685,-0.4717139265260511,0.1402478392831769,2020-10-27,1.81,bmo,349933059.0,2025-04-25,2020-09-30,0.2154696132596685,363.04046875,465656.046875
2020-06-30,MSCI,USD,1408198,2020-07-29,2020-07-29 16:00:40,2020,Q2,409616000.0,70456000.0,339160000.0,0.8279950002,22534000,28309000.0,51617000.0,79926000.0,-35552000.0,123985000.0,194441000.0,771000.0,41227000.0,21525000.0,187857000.0,0.4586173392,215175000.0,0.52530907,-76008000.0,139167000.0,0.3397499121,24044000.0,115123000.0,0.2810510332,1.38,1.36,83666001,84349001,https://www.sec.gov/Archives/edgar/data/1408198/000156459020034274/0001564590-20-034274-index.htm,https://www.sec.gov/Archives/edgar/data/1408198/000156459020034274/msci-10q_20200630.htm,4.895847717162913,1.3759830591162114,3.138861626719795,3.0009083379041863,16.553641663834274,-3.716348293018093,-25.307352744157093,-3.716348293018093,42.58214755597079,27929384453.82,30065858453.82,60.65118276499917,68.18431031458732,106.3506581998812,111.2396522691318,-89.82473484176604,-89.82473484176604,73.40010754907034,160.0465165195867,114.48601171984951,119.74899214502496,0.0041219311578581,0.0089896001974243,-11.325469877658138,0.8409599901418965,11.372874047812964,2.260194342505293,5.219273776893783,2.2811775231708693,0.0020419712469602,0.4953918852010458,0.0691110698800828,0.0550124995117378,0.4313954326986224,0.0439501020501416,0.0281776102495996,0.4189017529851558,0.0344273661185109,,0.0529188418900956,0.0483509975913329,-32.92121611023335,1064868000.0,-2117365000.0,-2588479000.0,3112973000.0,474043000.0,6430000.0,23332500.0,102.40967149720714,8.936641308050413,24.052032474168275,0.8788232467131235,10.070897655803316,3.741887513941261,-0.370251373290623,0.1379532888156086,2020-07-28,1.68,bmo,388788067.0,2025-04-25,2020-06-30,0.0535714285714286,323.3953968253968,608914.9841269841
2020-03-31,MSCI,USD,1408198,2020-04-29,2020-04-29 09:23:39,2020,Q1,416780000.0,74609000.0,342171000.0,0.8209870915,26562000,30833000.0,55549000.0,86382000.0,-8287000.0,134287000.0,208896000.0,3483000.0,40231000.0,21343000.0,210647000.0,0.505415327,207884000.0,0.4987859302,-45035000.0,162849000.0,0.3907313211,14724000.0,148125000.0,0.3554033303,1.75,1.73,84870001,85548001,https://www.sec.gov/Archives/edgar/data/1408198/000156459020019459/0001564590-20-019459-index.htm,https://www.sec.gov/Archives/edgar/data/1408198/000156459020019459/msci-10q_20200331.htm,4.910804702358846,1.7453163456425551,1.3287380543332383,1.2012960857629778,12.570472339219132,-4.174985222399137,-25.534982614174822,-4.174985222399137,39.72949169636512,24524035488.96,26788790488.96,41.39077719655696,58.84168023647968,217.46949976908752,240.54019939345196,-69.21222102768316,-69.21222102768316,64.27561420643984,127.173852411665,237.55245622913893,262.7536976377582,0.0060399928905127,0.0041573092668984,-9.402538869023596,0.8516825634445941,10.751422996767102,2.029081311170656,5.167259078819815,0.7613164556962025,0.0024212165255889,0.400864135021097,0.073979077690868,0.0637314650415087,0.4634243732870733,0.0959120333422009,0.025951341235184,0.3957266208107712,0.0363813042852344,,0.0603086421398138,0.070570125623161,-33.27281096650393,821494000.0,-2167154000.0,-2646357000.0,2884299000.0,490629000.0,6181000.0,29713000.0,104.0815298238879,7.073677438378748,33.57825463415942,0.8647067366542874,12.723226466575715,2.680306078459549,-0.4180413229438011,0.1274419685702607,2020-04-28,1.68,bmo,368521263.0,2025-04-25,2020-03-31,0.1309523809523809,283.2117741935484,773731.1451612903
2019-12-31,MSCI,USD,1408198,2020-02-18,2020-02-18 13:24:25,2019,Q4,406606000.0,70154000.0,336452000.0,0.827464425,27100000,29659000.0,59486000.0,89145000.0,-17906000.0,137023000.0,207177000.0,5299000.0,40289000.0,20778000.0,158190000.0,0.3890498419,199429000.0,0.4904723492,-52896000.0,146533000.0,0.3603808109,23750000.0,122783000.0,0.3019704579,1.45,1.44,84802001,85546001,https://www.sec.gov/Archives/edgar/data/1408198/000156459020004992/0001564590-20-004992-index.htm,https://www.sec.gov/Archives/edgar/data/1408198/000156459020004992/msci-10k_20191231.htm,4.794768934756622,1.4478785706955193,2.873080789685611,2.655302909656577,17.765701071133922,-0.9046248802548892,-22.41773752484921,-0.9046248802548892,38.63539729445771,21894180618.18,23623683618.18,44.57901464001531,53.84618185216155,89.86172645296602,97.23184464607527,-285.4000654141356,-285.4000654141356,58.09969262180096,149.33740197344966,96.96023944123164,104.91255076353949,0.0056080198725521,0.0102846963732921,-42.18356492947832,0.7696793793416911,10.933074151337,2.311067223513687,4.949961527960485,1.9843382227181288,0.0026420262538607,0.4711157082006467,0.072942848851222,0.0666492870247856,0.4339116348221487,0.0757994278514055,0.0454198905082561,0.8888247184522091,0.0263498325159982,,0.0505820802299483,0.0515876750568467,-28.116553523306603,1180991000.0,-1901069000.0,-2199376000.0,3262460000.0,454393500.0,4447000.0,43305000.0,110.51022365631596,8.33623171879009,40.52655586281609,0.8144042878774526,10.796244998461065,2.2207660652105097,-1.600529238470162,0.2177778800290337,2020-01-30,1.61,bmo,391997401.0,2025-04-25,2019-12-31,0.0372670807453415,243.79078125,443883.40625
2019-09-30,MSCI,USD,1408198,2019-10-31,2019-10-31 12:37:39,2019,Q3,394251000.0,70486000.0,323765000.0,0.8212154186,24310000,26559000.0,52107000.0,78666000.0,-222000.0,122546000.0,193032000.0,3673000.0,35922000.0,19570000.0,211879000.0,0.5374215918,201219000.0,0.5103829794,-32471000.0,168748000.0,0.4280217425,31765000.0,136983000.0,0.347451243,1.62,1.6,84765001,85550001,https://www.sec.gov/Archives/edgar/data/1408198/000156459019039046/0001564590-19-039046-index.htm,https://www.sec.gov/Archives/edgar/data/1408198/000156459019039046/msci-10q_20190930.htm,4.651105944067647,1.6160325415438856,2.2242080785205207,2.0500206211287604,10.39521016462915,-1.7443048222225586,-23.05050406358162,-1.7443048222225586,32.76880749402693,18457578967.75,20318154967.75,33.685893446175804,46.81682219639266,97.9000130890816,106.21844373453416,-124.8348323216508,-124.8348323216508,51.53608987104662,95.89508619424294,107.76861043175008,116.9255623395868,0.0074215042091567,0.0094145608318197,-18.5432177253544,0.7879107129206706,8.78131386310111,1.861717802452852,5.601553365625522,1.3763386697619413,0.0031339971564565,0.4222859770920479,0.0673657137204471,0.0616612259702575,0.5190097426763248,0.078314371336887,0.0374507610633834,0.7544711292795094,0.0266758993636033,,0.05926669656268,0.081843340769853,-28.452766136344408,641567000.0,-1953876000.0,-2241510000.0,2698944000.0,423916000.0,2942500.0,67924000.0,93.485393822717,3.0593309309650145,70.25224867349544,0.9627172365628944,29.418196994991657,1.2810977826245002,-0.9264622335245104,0.1741874573917601,2019-10-31,1.59,bmo,375477142.0,2025-04-25,2019-09-30,0.0566037735849055,231.64296875,540256.609375
2019-06-30,MSCI,USD,1408198,2019-08-01,2019-08-01 14:15:17,2019,Q2,385558000.0,71975000.0,313583000.0,0.8133225092,23752000,26378000.0,51657000.0,78035000.0,-63000.0,121205000.0,193180000.0,3345000.0,35915000.0,13835000.0,203065000.0,0.526678217,192378000.0,0.498959949,-32633000.0,159745000.0,0.4143215807,34055000.0,125690000.0,0.3259950513,1.48,1.47,84750001,85393001,https://www.sec.gov/Archives/edgar/data/1408198/000156459019027845/0001564590-19-027845-index.htm,https://www.sec.gov/Archives/edgar/data/1408198/000156459019027845/msci-10q_20190630.htm,4.549356878473665,1.483067829108344,2.235634191909921,2.0894277039595552,9.09872555635722,-2.7351268113849345,-24.13707346150946,-2.7351268113849345,32.797391943393606,20383222740.51,22355769740.51,40.54265005272894,52.86681313968326,107.5802118568111,115.1080745910582,-87.9337656297616,-87.9337656297616,57.982896841746246,110.09169349966758,117.99107901256134,126.24743611896383,0.0061663458031198,0.0086874878548066,-11.836239549270498,0.8010487315661778,9.71386994312166,1.725105840353501,5.356480579145204,1.507438937067388,0.0024204219631054,0.3925212825204869,0.0684151282037981,0.0616042203767007,0.5295671062658207,0.0653982160764237,0.032137836590085,0.8956270328876039,0.0270439207590038,,0.0564966359367995,0.0780065476098121,-29.694704664369265,556125000.0,-2045617000.0,-2333810000.0,2623749000.0,432706000.0,2794000.0,22643500.0,102.3144896487688,4.36276484890587,101.0700937825634,0.879640804630481,20.629120091716825,0.8904711238679666,-0.542230006643601,0.1462064879503659,2019-08-01,1.51,bmo,378047129.0,2025-04-25,2019-06-30,0.0198675496688741,224.2019047619048,582197.3174603175
2019-03-31,MSCI,USD,1408198,2019-05-03,2019-05-03 10:58:54,2019,Q1,371381000.0,82346000.0,289035000.0,0.7782708324,23172000,27497000.0,56048000.0,83545000.0,-2554000.0,126360000.0,208706000.0,4086000.0,35915000.0,19643000.0,172057000.0,0.4632897213,162675000.0,0.438027255,-34383000.0,128292000.0,0.3454457821,-49900000.0,178192000.0,0.4798091448,2.11,2.08,84253001,85649001,https://www.sec.gov/Archives/edgar/data/1408198/000156459019015544/0001564590-19-015544-index.htm,https://www.sec.gov/Archives/edgar/data/1408198/000156459019015544/msci-10q_20190331.htm,4.407926074941829,2.1149632403004848,1.042989554757818,0.946304571394436,7.629176318597838,-3.756637701249359,-25.37648480912864,-3.756637701249359,31.00545937823627,17008995841.88,18942602841.88,23.86329891616908,45.79931617901831,193.55898539834996,213.33512074502377,-53.739544788378176,-53.739544788378176,51.00584801559584,110.09492692468191,215.56304798725452,237.587362714696,0.0104763386184886,0.0046874607261464,-8.140040694074083,0.925138283035318,11.23817688324218,2.0379132475408963,4.529444521787554,0.4931478405315614,0.0034037870629287,0.3249023525186316,0.074039867413788,0.0623941450962757,0.6540837842224478,0.0926998577524893,0.0219343477453073,0.3229207960041227,0.0256905980650598,,0.0848622943295659,0.1849748424996185,-25.59008254198565,544892000.0,-2138045000.0,-2031496000.0,2623089000.0,450266000.0,2995500.0,-8134000.0,103.50262937522383,2.294100502756661,-38.8445097515362,0.8695431270033411,39.23106241067175,-2.316929743113587,-0.5629936684064858,0.0966849833633819,2019-05-02,1.41,bmo,337836909.0,2025-04-25,2019-03-31,0.099290780141844,173.9814754098361,626890.0163934426
2018-12-31,MSCI,USD,1408198,2019-02-22,2019-02-22 15:26:15,2018,Q4,361688000.0,73757000.0,287931000.0,0.7960756232,20312000,24908000.0,52949000.0,77857000.0,47266000.0,118113000.0,191870000.0,6096000.0,35891000.0,19944000.0,243124000.0,0.672192608,169818000.0,0.4695151622,17471000.0,187289000.0,0.5178192254,35157000.0,152132000.0,0.4206166641,1.75,1.7,86968001,89495001,https://www.sec.gov/Archives/edgar/data/1408198/000156459019003885/0001564590-19-003885-index.htm,https://www.sec.gov/Archives/edgar/data/1408198/000156459019003885/msci-10k_20181231.htm,4.158862982259418,1.749287073989432,1.9912496321491857,1.7293487060832868,10.396651522437546,-1.9144282734519795,-22.91714167375193,-1.9144282734519795,30.02705558335186,12821692387.43,14493018387.43,21.070012205568197,35.44959298464423,74.03893395368847,85.25174794498598,-77.0099366189172,-77.0099366189172,40.07049829529871,59.61163187274806,83.6900152298542,96.36443561370496,0.0118652043274057,0.0117299647702861,-15.469037923288528,0.7601943593061531,6.874376861190175,1.773887279235805,4.7314925747401855,1.1383206688928036,0.0039312283025457,0.3313241132700549,0.068865983941961,0.0561588993828935,0.5391351471331353,0.1315259130936913,0.0629741655791732,1.1420477336542318,0.0302885359757581,,0.0534872308188205,0.097433821702229,-26.280456302542817,626081000.0,-1993058000.0,-2119357000.0,2543522000.0,426069000.0,3046000.0,29772000.0,117.80587135874012,4.7491085591876026,23.5173610640346,0.7639687136300174,18.950924974306268,3.826959995849115,-0.91373863322402,0.2619009260658986,2019-01-31,1.3,bmo,358927022.0,2025-04-25,2018-12-31,0.0076923076923076,152.204126984127,893506.0634920635
2018-09-30,MSCI,USD,1408198,2018-11-02,2018-11-02 10:28:10,2018,Q3,357934000.0,70906000.0,287028000.0,0.8019020266,20591000,24751000.0,46149000.0,70900000.0,-177000.0,110625000.0,181531000.0,6522000.0,35902000.0,19134000.0,201882000.0,0.5640201825,176403000.0,0.4928366682,-29557000.0,146846000.0,0.4102599921,23014000.0,123832000.0,0.3459632223,1.39,1.36,88796001,91372001,https://www.sec.gov/Archives/edgar/data/1408198/000156459018026397/0001564590-18-026397-index.htm,https://www.sec.gov/Archives/edgar/data/1408198/000156459018026397/msci-10q_20180930.htm,4.030969818111516,1.3945673071470863,1.619723843194245,1.4721158444961953,15.748434436816586,4.261914903127225,-16.397202392031147,4.261914903127225,29.39904917564925,15965520979.8,17141738979.8,32.23221982161316,44.60465052160455,111.00657729741006,122.1371270964978,42.18760911159203,42.18760911159203,47.89078148429599,84.90969467213522,119.1846965395446,131.13526048287153,0.0077562141665577,0.0081875186012024,6.803216353407796,0.6763904524085061,5.826264847782368,2.7514198948226056,4.913458860230628,1.1614526132179082,0.0032403577725684,0.4177756961043995,0.0691496197623025,0.0575273653802097,0.48193689321026,0.0911315835216408,0.0366184827370409,0.685010975227344,0.0275749160459749,11.564141203273326,0.0475055583307803,0.0627964692959992,-19.431074942215023,1182296000.0,-1456006000.0,-1570618000.0,3099488000.0,386795500.0,1718500.0,31953500.0,95.22272262484144,2.792429413589823,51.11542041576171,0.9451525593799924,32.23,1.760721114449604,0.3272161314445316,0.1476079986980494,2018-11-01,1.29,bmo,342025822.0,2025-04-25,2018-09-30,0.0465116279069767,173.67634920634922,487130.3968253968
2018-06-30,MSCI,USD,1408198,2018-08-03,2018-08-03 10:38:13,2018,Q2,363046000.0,71368000.0,291678000.0,0.8034188505,19801000,24036000.0,47416000.0,71452000.0,10292000.0,118167000.0,189535000.0,4281000.0,31761000.0,26914000.0,214998000.0,0.5922059464,173511000.0,0.4779311713,-17188000.0,156323000.0,0.4305873085,39494000.0,116829000.0,0.3218021959,1.31,1.28,89112001,91585001,https://www.sec.gov/Archives/edgar/data/1408198/000156459018019058/0001564590-18-019058-index.htm,https://www.sec.gov/Archives/edgar/data/1408198/000156459018019058/msci-10q_20180630.htm,4.074041609726618,1.3110355360553514,2.3247710485145543,2.2439177412254496,15.34693402294939,3.887489856725358,-16.93259025796088,3.887489856725358,29.23838507453109,14741798325.43,15947932325.43,31.54567428769825,40.60586902329182,71.15969553462216,73.72373637442489,42.55445186919422,42.55445186919422,43.92813121596161,74.17711944032038,76.98178903497212,79.75561274969994,0.0079250168412945,0.0135641524585954,7.429464641391136,0.679837276266092,5.609977767235044,2.6535493129468177,5.46302068574667,1.7732326733944483,0.0023006691077501,0.290304633267425,0.066206486230395,0.0545412977969733,0.4900727798039148,0.0347790408611493,0.0198459699321849,0.2677045403879022,0.0248425819317662,10.7086105697699,0.0418288713266494,0.0605179840910362,-19.793097228284665,1133809000.0,-1508897000.0,-1619890000.0,3070128000.0,428731500.0,1309500.0,12394500.0,97.89321463395822,1.55994283152113,29.8066360273512,0.9193691343830878,57.69442198868229,3.0194618378744287,0.3372447477354209,0.0808533072891046,2018-08-02,1.28,bmo,357460676.0,2025-04-25,2018-06-30,0.015625,157.76609375,1034840.9375
2018-03-31,MSCI,USD,1408198,2018-05-04,2018-05-04 10:57:54,2018,Q1,351316000.0,71304000.0,280012000.0,0.797037425,20707000,26187000.0,46409000.0,72596000.0,-938000.0,112846000.0,184150000.0,2770000.0,29560000.0,19543000.0,188541000.0,0.5366706896,167166000.0,0.4758280295,-27728000.0,139438000.0,0.3969019344,24346000.0,115092000.0,0.3276025003,1.28,1.24,90075001,92587001,https://www.sec.gov/Archives/edgar/data/1408198/000156459018010882/0001564590-18-010882-index.htm,https://www.sec.gov/Archives/edgar/data/1408198/000156459018010882/msci-10q_20180331.htm,3.9002608503995466,1.277735206464222,0.9835914406484436,0.9184013220271848,9.434671002668098,4.678034918922732,-16.181459714888042,4.678034918922732,23.40689399492763,13463510399.47,14692498399.47,29.245104784585376,38.32307779739608,151.96350214420352,162.75020126285887,31.951450254334627,31.951450254334627,41.82131869732663,77.92733887838719,165.83516822770522,177.6065083042611,0.0085484391949168,0.0061443856427857,4.93342256522709,0.6215636804850001,6.5184124407953705,2.055795182357776,5.655142083897158,0.7697928613630834,0.0025909290344792,0.3030879644110798,0.0745397306128955,0.0589412380876475,0.5617946989888456,0.0662776391977155,0.0167142971000466,0.3004656398710535,0.0257688235093192,11.596940244822036,0.0513196455954439,0.078530269689371,-19.15939751141385,692476000.0,-1457545000.0,-1574763000.0,2657705000.0,395087000.0,1497000.0,8128000.0,118.50280089719796,1.74436216762033,1.4553180747223158,0.7594757197180145,51.59479015918958,61.84215091066783,0.2731350296885901,0.0651901186212587,2018-05-03,1.26,bmo,337906992.0,2025-04-25,2018-03-31,0.0396825396825397,143.3150819672131,631599.2786885246
2017-12-31,MSCI,USD,1408198,2018-02-26,2018-02-26 10:45:53,2017,Q4,334779000.0,69306000.0,265473000.0,0.7929798464,20721000,23348000.0,47771000.0,71119000.0,-205000.0,111518000.0,180824000.0,2237000.0,29027000.0,19678000.0,175665000.0,0.5247192924,153955000.0,0.4598705415,-26995000.0,126960000.0,0.3792352567,62358000.0,64602000.0,0.192969093,0.72,0.7,90130001,92467001,https://www.sec.gov/Archives/edgar/data/1408198/000156459018003147/0001564590-18-003147-index.htm,https://www.sec.gov/Archives/edgar/data/1408198/000156459018003147/msci-10k_20171231.htm,3.714401378959266,0.7167646652971855,1.5882946678320795,1.3597359218935323,9.86910007911794,4.449262127490712,-16.4367578338316,4.449262127490712,23.378674987477257,11405050326.54,12593641326.54,44.13582523195877,34.06740066294481,79.67035498061516,93.06218800470002,28.44067091892512,28.44067091892512,37.6177756864678,71.69123801861498,87.97329658854513,102.7607755545764,0.0056643327429839,0.0107455027808877,5.182121732017994,0.6344028149372891,6.766236871317565,2.085222102091428,5.303855031522375,2.215922107674685,0.003017172131185,0.5326615275068883,0.0697415309801391,0.0618945632790587,0.5746788136038207,0.1439019790014879,0.0615331308116697,1.04685435511739,0.0266085985082696,8.470782861795142,0.0293621268685331,0.0463691429367123,-19.21562998762199,659458000.0,-1481445000.0,-1607527000.0,2636352000.0,318396500.0,1998500.0,11261500.0,88.06923373329869,2.093325253224829,19.61258765474851,1.021923277685693,42.99379652605459,4.588889624577899,0.1610974235184982,0.2285587459385471,2018-02-01,0.99,bmo,291112173.0,2025-04-25,2017-12-31,0.1616161616161615,124.80984126984129,433617.6507936508
2017-09-30,MSCI,USD,1408198,2017-11-03,2017-11-03 11:42:29,2017,Q3,322097000.0,68491000.0,253606000.0,0.7873590875,17983000,22103000.0,44918000.0,67021000.0,-675000.0,104943000.0,173434000.0,1835000.0,29020000.0,19939000.0,169762000.0,0.5270524097,148663000.0,0.4615472979,-27860000.0,120803000.0,0.3750516149,35650000.0,85153000.0,0.2643706709,0.94,0.93,90112001,91868001,https://www.sec.gov/Archives/edgar/data/1408198/000156459017021419/0001564590-17-021419-index.htm,https://www.sec.gov/Archives/edgar/data/1408198/000156459017021419/msci-10q_20170930.htm,3.574407364453043,0.944968473178173,1.129405616017782,1.001198497412126,8.866909969072822,3.998512917275025,-16.95868455967369,3.998512917275025,23.37524388122288,10534092916.9,11812447916.9,30.92695770231231,32.704722232433085,103.50577183437652,116.76006336621592,29.235869038949364,29.235869038949364,36.67357323073484,69.58240311082574,116.06661803130496,130.92937172356463,0.008083562644809,0.0085645722618659,5.765443474302969,0.6585476111374582,7.53027768287367,2.046222208025668,5.122777394900069,1.195178091200545,0.0032642582775052,0.4038143107113078,0.0686221852423338,0.0558310074294389,0.5986722976143075,0.1135173376042761,0.0358680770078578,0.5794172225287125,0.0277276720987776,9.220387440040852,0.0404450387497876,0.0672626753882574,-19.52610063558571,589564000.0,-1528181000.0,-1641077000.0,2563739000.0,299211500.0,1357000.0,11810500.0,86.39521634787036,3.133988407235987,9.750186155845292,1.0417243431350989,28.717400419287213,9.230592991913747,0.2363299788517792,0.1282071186056561,2017-11-02,0.97,bmo,312434090.0,2025-04-25,2017-09-30,0.0309278350515464,110.9520634920635,396343.77777777775
2017-06-30,MSCI,USD,1408198,2017-08-04,2017-08-04 10:32:15,2017,Q2,316089000.0,68595000.0,247494000.0,0.7829883356,18203000,21448000.0,41594000.0,63042000.0,-740000.0,101526000.0,170121000.0,1310000.0,29027000.0,20281000.0,166819000.0,0.5277595867,145968000.0,0.4617939884,-28457000.0,117511000.0,0.371765547,36245000.0,81266000.0,0.2570984754,0.9,0.89,90404001,91708001,https://www.sec.gov/Archives/edgar/data/1408198/000156459017015537/0001564590-17-015537-index.htm,https://www.sec.gov/Archives/edgar/data/1408198/000156459017015537/msci-10q_20170630.htm,3.496404987650933,0.8989203918087652,1.3518981311457663,1.2740807787920805,8.30251970817088,3.3980796933976407,-17.5197223848533,3.3980796933976407,23.291823113005805,9310708062.99,10636774062.99,28.64269209444909,29.455969878705048,76.1817755548737,80.83474903187998,30.308294475878903,30.308294475878903,33.6511997032165,63.76236557580371,87.03187005891161,92.34753748840964,0.0087282298457011,0.0123709173588899,6.759918619791667,0.6720329491274869,7.949130494727819,1.961339399019184,5.02869741964378,1.503913075578963,0.0027313712155886,0.3129352988949868,0.0678543068566131,0.0575882109152801,0.611972051362789,0.0575615503571516,0.0222563898142611,0.3468763867659385,0.0295581307796221,8.290269622346088,0.039778439296433,0.0677756612768172,-19.991319300126992,531041000.0,-1583853000.0,-1699459000.0,2510919000.0,275758000.0,733500.0,8100500.5,82.35158452208081,0.4316641154603105,21.25650557620818,1.092875146511218,208.49544072948328,4.233997901364114,0.2645377604166666,0.0778173523536862,2017-08-03,0.9,bmo,299452736.0,2025-04-25,2017-06-30,0.0555555555555554,100.65111111111112,396811.4761904762
2017-03-31,MSCI,USD,1408198,2017-05-05,2017-05-05 11:10:08,2017,Q1,301207000.0,67521000.0,233686000.0,0.775831903,18977000,21004000.0,43014000.0,64018000.0,-885000.0,103084000.0,170605000.0,932000.0,29024000.0,20089000.0,150738000.0,0.5004465368,130602000.0,0.4335955008,-28977000.0,101625000.0,0.3373925573,28674000.0,72951000.0,0.2421955665,0.8,0.8,90708001,91624001,https://www.sec.gov/Archives/edgar/data/1408198/000156459017008974/0001564590-17-008974-index.htm,https://www.sec.gov/Archives/edgar/data/1408198/000156459017008974/msci-10q_20170331.htm,3.320622179734729,0.8042399699669271,0.4080676411334431,0.3019138300710651,7.683688233852712,3.074017693323437,-17.823367091950356,3.074017693323437,23.205758883386704,8815910617.19,10194862617.19,30.211753838843883,29.26861134432467,238.1712985867891,321.91304378843205,31.616603967859472,31.616603967859472,33.84669883897121,67.63299643878783,275.4251686394705,372.265486642445,0.0082749250948341,0.0031064289543272,7.444910664973928,0.690791570969453,9.148005148005147,1.9918504758757969,4.499793274531422,0.5073953749777248,0.0028912498216916,0.349398911598196,0.069732775134708,0.0630031838569488,0.6307730293916619,0.2601377819802782,0.0319680485513284,0.4793170391756682,0.0311878541999355,7.458255673447746,0.0373694072041227,0.0657466171823882,-20.20341347286443,492303000.0,-1616722000.0,-1737649000.0,2481019000.0,241896500.0,853000.0,6194500.5,78.37138579116687,1.5168614208912783,1.3329186475318788e-06,1.1483783155221912,59.33304042179262,67521000.0,0.261625029587072,0.106153811062378,2017-05-04,0.85,bmo,290938579.0,2025-04-25,2017-03-31,0.0352941176470588,90.60112903225809,790953.0322580645
2016-12-31,MSCI,USD,1408198,2017-02-24,2017-02-24 12:14:24,2016,Q4,292812000.0,63819000.0,228993000.0,0.7820478669,18960000,21467000.0,41609000.0,63076000.0,-779000.0,102981000.0,166800000.0,901000.0,29039000.0,20945000.0,147079000.0,0.5022984031,126012000.0,0.4303512151,-28917000.0,97095000.0,0.3315950166,28845000.0,68250000.0,0.2330847096,0.73,0.73,93327001,93845001,https://www.sec.gov/Archives/edgar/data/1408198/000156459017002336/0001564590-17-002336-index.htm,https://www.sec.gov/Archives/edgar/data/1408198/000156459017002336/msci-10k_20161231.htm,3.137484295675589,0.7312996160671658,1.4755429674634033,1.3626603087781637,8.484511358079533,3.403141605289556,-16.992777899291973,3.403141605289556,22.54695830202451,7352301138.78,8635668138.779999,26.931506002857144,25.10928902770378,53.39051572007436,57.81338128989644,23.14919834001354,23.14919834001354,29.49219341686816,58.71448771598936,62.70999606979986,67.90488656224197,0.0092828080231932,0.0172970336224697,6.533905322649202,0.6732030787217712,8.72569843417483,1.967441340365656,4.339405626915528,2.0176996336996336,0.0035713988728645,0.3847326007326007,0.0733132521891179,0.0647514446129257,0.6174993787667336,0.0765024544688761,0.0359787167192601,0.502984005729291,0.0287215004849528,7.483055082039362,0.0347902804931885,0.0578837202990786,-19.29577164919293,519100000.0,-1585885000.0,-1709303000.0,2518175000.0,228653500.0,908500.0,16487000.0,68.08245563706406,0.8010153715978,17.471442673811875,1.3219264663392083,112.35739436619718,5.151263217370248,0.21488956408117,0.1128826586852394,2017-02-02,0.75,bmo,271122222.0,2025-04-25,2016-12-31,0.08,80.5715873015873,594543.1428571428
2016-09-30,MSCI,USD,1408198,2016-10-28,2016-10-28 12:45:38,2016,Q3,288433000.0,62986000.0,225447000.0,0.781626929,18750000,21859000.0,41514000.0,63373000.0,253000.0,102187000.0,165173000.0,799000.0,26790000.0,20064000.0,144376000.0,0.500552988,123260000.0,0.4273436119,-25738000.0,97522000.0,0.338109717,32241000.0,65281000.0,0.2263298582,0.69,0.68,94823001,95473001,https://www.sec.gov/Archives/edgar/data/1408198/000156459016026460/0001564590-16-026460-index.htm,https://www.sec.gov/Archives/edgar/data/1408198/000156459016026460/msci-10q_20160930.htm,3.0418041715427253,0.6884511069207776,1.5494447386241237,1.4046697383053717,10.272423248869757,5.816299781526636,-14.39885877478187,5.816299781526636,22.159897681365305,7959442703.94,9059858703.94,30.481467440526337,27.59546481831136,54.17424572013912,59.75781901677991,14.431855845292729,14.431855845292729,31.410617730772827,62.75183343450434,61.663992049849234,68.01951052171627,0.0082017048715841,0.0167342117977766,3.761389906784717,0.6272831291857116,7.621876212112816,2.442761578011406,4.600970511384845,2.250624224506365,0.0033484756397337,0.4082658047517654,0.0757853643653812,0.0650064313029369,0.5796230153210502,0.0934366981343969,0.0475951087427582,0.6842105263157895,0.0288385864308175,9.491857326805937,0.0295702076305433,0.0469572485545474,-16.814045465614402,745586000.0,-1365343000.0,-1493202000.0,2761707000.0,241650000.0,1490500.0,38371500.0,73.57781529852687,1.7846823103546818,29.413679230305146,1.223194785477708,50.42914331465172,3.059800825844061,0.1183658223923382,0.1447750003187518,2016-10-27,0.73,bmo,273449467.0,2025-04-25,2016-09-30,0.0547945205479452,85.008125,487489.3125
2016-06-30,MSCI,USD,1408198,2016-07-29,2016-07-29 14:28:44,2016,Q2,290596000.0,62130000.0,228466000.0,0.7861980206,18566000,22019000.0,41854000.0,63873000.0,-2814000.0,102775000.0,164905000.0,585000.0,22918000.0,20336000.0,146027000.0,0.5025086374,125691000.0,0.4325283211,-25147000.0,100544000.0,0.3459923743,33587000.0,66957000.0,0.2304126691,0.69,0.69,96412001,96888001,https://www.sec.gov/Archives/edgar/data/1408198/000156459016021770/0001564590-16-021770-index.htm,https://www.sec.gov/Archives/edgar/data/1408198/000156459016021770/msci-10q_20160630.htm,3.014106096605131,0.6944882307753367,1.21434052592685,1.0804878948627985,4.196718207311141,5.550688653376254,-14.455098800407638,5.550688653376254,16.631051978684688,7435293517.120001,8611194517.12,27.76144957629524,25.586358783741005,63.50772156034064,71.37516335598818,13.893771532851352,13.893771532851352,29.63287353273961,58.969878975258005,73.55154741853653,82.66323500671966,0.0090052934488503,0.0140104758151296,2.9533890308005373,0.5662927008591229,8.052627253864012,1.446049079465729,5.484379090671088,1.7485401078303986,0.002877088839969,0.3194886270292874,0.0757718619664413,0.0638893859516304,0.6910812164589861,0.11022660300486,0.0444087323982436,0.6345889063729347,0.0281937810568624,9.31316158485024,0.0366914635804415,0.0776593967904911,-16.984579025592467,227353000.0,-1393645000.0,-1518776000.0,2253959000.0,253832500.0,1623000.0,41903000.0,76.65188096188523,2.5089328826653787,81.34910671173346,1.1741394845190043,35.87182448036952,1.1063428184764414,0.1251174897646093,0.1338526310640518,2016-07-28,0.72,bmo,271726129.0,2025-04-25,2016-06-30,0.0694444444444445,75.66796875,623350.96875
2016-03-31,MSCI,USD,1408198,2016-04-29,2016-04-29 12:38:32,2016,Q1,278828000.0,63172000.0,215656000.0,0.7734373879,18928000,21890000.0,41689000.0,63579000.0,-81000.0,102515000.0,165687000.0,621000.0,22904000.0,20008000.0,133149000.0,0.477530951,113141000.0,0.4057734517,-22364000.0,90777000.0,0.3255662989,30410000.0,60367000.0,0.2165026468,0.61,0.6,99425001,99998001,https://www.sec.gov/Archives/edgar/data/1408198/000119312516567595/0001193125-16-567595-index.htm,https://www.sec.gov/Archives/edgar/data/1408198/000119312516567595/d158720d10q.htm,2.804405302445006,0.6071611706596814,0.3322102053587105,0.2772944402585422,4.47587624364218,6.192164886173851,-13.370781861998674,6.192164886173851,16.12133752958172,7365404074.08,8500350074.08,30.502609348153797,26.415582631873413,222.9913434477747,267.152849984766,11.963505714359966,11.963505714359966,30.485998802415825,63.84088557991423,257.3524091456252,308.3188274965542,0.0081960201222959,0.0037431754894511,2.566303260262224,0.5579675904442453,8.52387926308121,1.6304443419828034,4.93979217603912,0.5471532459787632,0.0029718668222196,0.3625987708516242,0.0785071800536531,0.0678841436297645,0.6868988011868765,0.1653042688465031,0.0195819645085859,0.2728908436625349,0.0253919979342103,9.19738804374152,0.0318382765649046,0.0680891236966888,-15.71047507457405,295343000.0,-1329390000.0,-1452167000.0,2336396000.0,234203500.0,2013000.0,36881500.0,83.97693201543603,2.1569682770847844,39.38960298866586,1.0717228867501,41.72523117569353,2.2848668981481484,0.0980531335680964,0.0549157651001683,2016-04-28,0.63,bmo,258325941.0,2025-04-25,2016-03-31,0.0793650793650794,69.15114754098362,1065687.3934426229
2015-12-31,MSCI,USD,1408198,2016-02-26,2016-02-26 17:06:29,2015,Q4,272893000.0,64804000.0,208089000.0,0.7625296362,17776000,23590000.0,39809000.0,63399000.0,297000.0,100546000.0,165350000.0,492000.0,22896000.0,19371000.0,126914000.0,0.4650687266,107543000.0,0.3940848611,-22107000.0,85436000.0,0.313075088,25437000.0,59406000.0,0.2176897172,0.58,0.57,102837001,103590001,https://www.sec.gov/Archives/edgar/data/1408198/000119312516482334/0001193125-16-482334-index.htm,https://www.sec.gov/Archives/edgar/data/1408198/000119312516482334/d20757d10k.htm,2.6536460354381592,0.5776714550436958,0.7907854100101577,0.6102570027299804,7.562511473861436,8.766173568208197,-10.26502124463937,8.766173568208197,15.580967788043528,7417632882.129999,8219330882.129999,31.215840496456583,27.181469961230224,91.21311431260914,118.19610373551951,8.228219466426028,8.228219466426028,30.11924410714089,64.76299606134862,101.0714306353754,130.97074242124384,0.0080087544023803,0.0084605157733256,1.7519986422433158,0.5018781456675862,6.316860236065367,2.1345851167198,4.697021313766597,1.3689189644143689,0.0030675554265859,0.383025283641383,0.0864441374458121,0.065139083816734,0.6218999315853545,0.2282900076240132,0.0680303269046842,0.9583914098394508,0.0293375059089093,10.674234652050204,0.0285117873753529,0.0499262107984361,-12.530093618735537,565155000.0,-1055624000.0,-1182229000.0,2621192000.0,208239000.0,2159000.0,46977000.0,68.67713719296574,3.488673538670452,64.0446577371767,1.3104797852467598,25.797770700636946,1.4052694351078825,0.0658977888754912,0.1805284072801773,2016-02-04,0.59,bmo,243949803.0,2025-04-25,2015-12-31,0.1186440677966102,66.8559375,885533.59375
2015-09-30,MSCI,USD,1408198,2015-10-30,2015-10-30 10:53:48,2015,Q3,268771000.0,65593000.0,203178000.0,0.755952093,15548000,19960000.0,38809000.0,58769000.0,6922000.0,94076000.0,159669000.0,285000.0,17267000.0,19759000.0,124358000.0,0.4626912874,109102000.0,0.4059292111,-10060000.0,99042000.0,0.3684995777,34644000.0,64398000.0,0.2396017427,0.59,0.59,108773001,109440001,https://www.sec.gov/Archives/edgar/data/1408198/000119312515359428/0001193125-15-359428-index.htm,https://www.sec.gov/Archives/edgar/data/1408198/000119312515359428/d40338d10q.htm,2.4709348600210084,0.592040298676691,1.2315831940685351,1.1189633353960695,9.133590053289051,10.288444648134696,-7.758588916747824,10.288444648134696,14.67382517100912,6467642639.46,7053003639.46,25.10808813728687,24.063766699011428,48.27932070392571,53.13847033151759,5.779299207366601,5.779299207366601,26.241683959430148,56.71531899403335,52.648892899233374,57.94782512517151,0.0099569508691,0.0188187577429544,1.4108139986864503,0.4689477309402336,4.707063478023127,2.62006379286465,6.318526669369318,2.08023541103761,0.0037333540744322,0.3749495325941799,0.0742639644902165,0.0578485030006957,0.5830566851343014,0.0914431596784186,0.0455778339180938,0.6199706462877675,0.0223722053346529,11.706895893190731,0.0246673748325435,0.0458753306296442,-9.874686182465444,795393000.0,-843925000.0,-961329000.0,2853387000.0,211363000.0,1988000.0,59120500.0,69.7304024615751,2.47800832405897,65.63977863491532,1.2906852222686434,36.319490586932446,1.3711197976546332,0.0575441982655783,0.1126198586724659,2015-10-29,0.54,bmo,241893900.0,2025-04-25,2015-09-30,0.111111111111111,62.97921875,670638.25
2015-06-30,MSCI,USD,1408198,2015-07-31,2015-07-31 11:27:30,2015,Q2,270580000.0,76753000.0,193827000.0,0.7163389755,20807000,75556000.0,42028000.0,75556000.0,-164000.0,95316000.0,172069000.0,185000.0,11116000.0,19760000.0,118271000.0,0.4371017814,98511000.0,0.3640734718,-11095000.0,87416000.0,0.323068963,31399000.0,56017000.0,0.2070256486,0.5,0.5,112143001,112931001,https://www.sec.gov/Archives/edgar/data/1408198/000119312515272325/0001193125-15-272325-index.htm,https://www.sec.gov/Archives/edgar/data/1408198/000119312515272325/d938959d10q.htm,2.412812191462577,0.4995140089036854,0.2142443111541129,0.1070864868330035,4.057506896930643,12.784694427786894,-4.832561953643456,12.784694427786894,7.23287225031547,6902401711.549999,7247380711.549999,30.804941854927964,25.509652271232166,287.2888417360359,574.7690658297943,4.81435049915813,4.81435049915813,26.784613465703305,61.277749503682216,301.64741161866306,603.4957708010658,0.0081155809732524,0.0017398291930626,0.557991342764317,0.2782001009866366,2.916851975547683,1.693680336304488,8.862090680100756,0.4289055108270703,0.0029608534614556,0.3648356748844101,0.2792371941754749,0.0768977751496784,0.6870332323930634,0.5001664863065013,0.0444120038435952,0.6081477732793522,0.0265688520954985,11.986993544681248,0.0261178673815555,0.0622427709183356,-7.051949233996333,318144000.0,-541938000.0,-665138000.0,2387089000.0,199657000.0,1654500.0,52269000.0,71.34241259516594,2.5445259468685264,82.55286438315115,1.261521677304452,35.37004608294931,1.0902105053833695,0.0390712513095359,0.1071578243211094,2015-07-30,0.56,bmo,270580000.0,2025-04-25,2015-06-30,0.0,62.02079365079365,590773.6984126985
2015-03-31,MSCI,USD,1408198,2015-05-01,2015-05-01 15:41:13,2015,Q1,262769000.0,82653000.0,180116000.0,0.6854537636,23189000,72465000.0,41648000.0,72465000.0,-178000.0,91374000.0,174027000.0,204000.0,11108000.0,18909000.0,107651000.0,0.409679224,88742000.0,0.3377186807,-11082000.0,77660000.0,0.295544756,28036000.0,43827000.0,0.1667890809,0.39,0.39,112520001,113522001,https://www.sec.gov/Archives/edgar/data/1408198/000119312515166092/0001193125-15-166092-index.htm,https://www.sec.gov/Archives/edgar/data/1408198/000119312515166092/d890907d10q.htm,2.3353092575959007,0.3895040847004614,0.5926324156360432,0.5364646237427602,4.779159218102033,12.937255484027236,-4.654834654685081,12.937255484027236,7.2085673017368705,6898601261.31,7160850261.31,39.351320312307486,26.25348218895684,103.4536727698214,114.2852618542816,4.739026764656179,4.739026764656179,27.251503264502283,66.51912440488245,107.386444240811,118.62979410085649,0.0063530269890794,0.0087500346394186,0.549563783746651,0.2761928336935924,2.4361037054927497,1.745687975916416,7.989016924738927,1.5215050083281996,0.0029579909357052,0.4656033951673626,0.2757745396146425,0.0882486138014758,0.6833915237109821,0.0947767796889762,0.0240515433707933,0.3342323761171928,0.0279713360404005,10.648007407794482,0.0231945589918308,0.0477905055803023,-6.642265760378015,336872000.0,-523762000.0,-652195000.0,2413832000.0,181772000.0,1987000.0,42762500.0,63.30438522047883,1.2402453631447137,37.17033864469529,1.4217024568921208,72.56628621597893,2.421285446449496,0.0301071649378305,0.056167791893283,2015-04-30,0.5,bmo,262769000.0,2025-04-25,2015-03-31,0.0,55.79491803278688,668037.5737704918
2014-12-31,MSCI,USD,1408198,2015-02-27,2015-02-27 16:08:27,2014,Q4,251105000.0,77455000.0,173650000.0,0.6915433783,17235000,69345000.0,40805000.0,69345000.0,1199000.0,88556000.0,166011000.0,226000.0,15791000.0,19211000.0,104305000.0,0.4153840027,85094000.0,0.3388781585,-14366000.0,70728000.0,0.2816670317,27459000.0,44340000.0,0.1765795185,0.39,0.39,112299001,113289001,https://www.sec.gov/Archives/edgar/data/1408198/000119312515069699/0001193125-15-069699-index.htm,https://www.sec.gov/Archives/edgar/data/1408198/000119312515069699/d832959d10k.htm,2.2360394817759777,0.3948387751018373,0.9265799256753852,0.8496602743598761,4.530752682296791,12.759089459753966,-5.037435729281332,12.759089459753966,7.264454649957216,5327464607.44,5618665607.44,30.037576722147044,21.216083341391048,51.19903710996213,55.83408031608954,3.718133660684811,3.718133660684811,22.37576156364867,53.86765358745985,53.99759362869279,58.88598984908191,0.0083229084127706,0.0179102081441795,0.5583344325542474,0.2764172864460511,2.7918220603039163,1.629546300368779,5.388765752643911,2.346729815065404,0.0038278996676055,0.4599233198015336,0.2761593755600247,0.0686366261125823,0.6905359903944993,0.083014588579007,0.0343999522112263,0.4496382280984852,0.0257621313793034,10.64660148631198,0.0215001977361084,0.0495063323221417,-7.059820149246029,297720000.0,-565699000.0,-690710000.0,2390326000.0,185261500.0,2265000.0,69270000.0,64.0549969136417,3.294170808856756,59.712219998708925,1.4050426092649273,27.320987654320987,1.5072291735585437,0.0309456859243191,0.076919651315509,2015-02-05,0.49,bmo,251105000.0,2025-04-25,2014-12-31,0.0,46.8046875,676925.125
2014-09-30,MSCI,USD,1408198,2014-10-30,2014-10-30 16:24:22,2014,Q3,251661000.0,78876000.0,172785000.0,0.6865783733,19021000,70833000.0,41402000.0,70833000.0,1287000.0,88749000.0,167625000.0,277000.0,5604000.0,17916000.0,101952000.0,0.4051164066,84036000.0,0.3339253996,-4040000.0,79996000.0,0.317872058,28272000.0,51714000.0,0.2054907197,0.44,0.44,116251001,117163001,https://www.sec.gov/Archives/edgar/data/1408198/000119312514389705/0001193125-14-389705-index.htm,https://www.sec.gov/Archives/edgar/data/1408198/000119312514389705/d783799d10q.htm,2.1648071658324906,0.4448477824289874,0.9252995593560523,0.7509096631348576,3.8553904581002274,12.013092257158284,-5.298388785486673,12.013092257158284,6.869256979559256,5466122067.02,5810883067.02,26.42476924536876,21.72017939617184,50.815975782721466,62.61738569684056,3.914063006715197,3.914063006715197,23.0901215008285,56.99626360463749,54.02105726681975,66.566809483126,0.0094608205535726,0.0159700055962326,0.567801428393437,0.2753045798688252,3.381601145637162,1.521319030400751,14.995717344753748,2.0800363537920097,0.0,0.0,0.2814619666932897,0.0755818342929575,0.698709048672021,0.188468582371917,0.0805567807487056,1.1315583835677607,0.0304337978471038,10.9653975140445,0.0226266833718995,0.0595919345657189,-7.295610297583588,259950000.0,-615943000.0,-725156000.0,2366214000.0,202619000.0,1777000.0,83372000.0,68.59441868227496,1.9340483797352808,99.44203560018256,1.3120601023951284,46.53451327433629,0.9050498559970626,0.0370302477419096,0.1743898962211947,2014-10-30,0.49,bmo,246627780.0,2025-04-25,2014-09-30,0.0204081632653061,46.2340625,444391.734375
2014-06-30,MSCI,USD,1408198,2014-08-06,2014-08-06 16:28:29,2014,Q2,254226000.0,76816000.0,177410000.0,0.6978436509,0,71516000.0,0.0,71516000.0,726000.0,88879000.0,165695000.0,192000.0,5366000.0,17363000.0,105894000.0,0.4165348941,88531000.0,0.3482373951,-4448000.0,84083000.0,0.3307411516,27280000.0,107660000.0,0.4234814692,0.92,0.91,116702001,117664001,https://www.sec.gov/Archives/edgar/data/1408198/000119312514298296/0001193125-14-298296-index.htm,https://www.sec.gov/Archives/edgar/data/1408198/000119312514298296/d731901d10q.htm,2.178420231200663,0.9225206001394954,0.5895614420527374,0.4875580496687456,5.854561139872828,14.281486056095988,-2.990240073090092,14.281486056095988,6.883026795744487,5350786745.85,5465444745.85,12.425196790474644,21.047362369899226,77.76967204700377,94.04008411132008,3.210450216448528,3.210450216448528,21.498370527994776,51.612411901052,79.43614007892099,96.05519861245364,0.0201204056737076,0.0106337633515538,0.4787349446023767,0.2546559705863109,1.0827620072903092,2.117585821813662,16.49850913156914,0.6390767230169051,0.0,0.0,0.2813087567754675,0.0,0.6433111464668306,0.1730157115242068,0.0468244790068679,0.6855958071761792,0.0286595391502049,17.217337612576863,0.0223370284101104,0.0963322864377813,-4.999464405070484,531402000.0,-348967000.0,-459664000.0,2641850000.0,202668500.0,1700500.0,294144000.0,75.55828278775577,2.17806186211206,93.25361903770047,1.1911334757674577,41.32114039806348,0.9651099971102988,0.0645955607501869,0.1020033923839917,2014-07-31,0.49,bmo,231114545.0,2025-04-25,2014-06-30,0.1224489795918368,43.05730158730159,626294.2380952381
2014-03-31,MSCI,USD,1408198,2014-05-02,2014-05-02 15:37:47,2014,Q1,239688000.0,75427000.0,164261000.0,0.6853117386,0,67658000.0,0.0,67658000.0,-1071000.0,84756000.0,160183000.0,156000.0,5059000.0,17098000.0,99562000.0,0.4153816628,79505000.0,0.331702046,-5974000.0,73531000.0,0.306777978,26385000.0,80399000.0,0.3354318948,0.68,0.68,117582001,118597001,https://www.sec.gov/Archives/edgar/data/1408198/000119312514180056/0001193125-14-180056-index.htm,https://www.sec.gov/Archives/edgar/data/1408198/000119312514180056/d688658d10q.htm,2.038475259491459,0.6837696187871475,0.2147352467662121,0.1291779342996552,2.21504990376886,13.299067771435528,-3.791311563068229,13.299067771435528,6.870941072009822,5058377683.02,5600767683.02,15.728981961902514,21.104008890808053,200.3397236730168,333.0290133004148,3.2348132018998155,3.2348132018998155,23.36690899427589,56.254069655290174,221.82136651035685,368.7384082572915,0.0158942263781298,0.0030027413830696,0.5134131126133586,0.2594981346672622,5.447761194029851,1.8089420855353784,15.71555643407788,0.3140461946044105,0.0,0.0,0.2822752912119088,0.0,0.6495278649228882,0.3984316210542992,0.0419712292647107,0.5015705240065812,0.0215738793765228,14.303975540272903,0.0198587891890908,0.0741485035926503,-7.410664409427766,442209000.0,-445790000.0,-541227000.0,2531488000.0,180697500.0,1370000.0,294458000.0,72.05805046560529,1.8399246954008512,606.9782703806329,1.248992991323832,48.91504539559014,0.1482754892420802,0.0514148533219588,0.0855573124665568,2014-04-30,0.5,bmo,260530434.0,2025-04-25,2014-03-31,-0.0799999999999999,43.61016393442623,601900.9016393443
2013-12-31,MSCI,USD,1408198,2014-02-28,2014-02-28 17:25:37,2013,Q4,267622000.0,84727000.0,182895000.0,0.6834079411,0,70722000.0,0.0,70722000.0,-154000.0,91524000.0,176251000.0,261000.0,6914000.0,20802000.0,104449000.0,0.390285552,91371000.0,0.3414181196,-6807000.0,84564000.0,0.3159829909,37307000.0,47257000.0,0.176581148,0.4,0.39,118828001,119877001,https://www.sec.gov/Archives/edgar/data/1408198/000119312514077882/0001193125-14-077882-index.htm,https://www.sec.gov/Archives/edgar/data/1408198/000119312514077882/d640965d10k.htm,2.252179602011482,0.3976924597090546,0.794509704829588,0.6193658008266923,3.016410248288196,13.265930477110356,-6.885279505795944,13.265930477110356,6.856094465478722,5195160203.72,5644508203.72,27.483548488689507,19.412306177070647,55.02764753437136,70.5883339726623,3.295660268643537,3.295660268643537,21.091346016844653,54.04080655362905,59.78718571888571,76.69377162042447,0.0090963508625126,0.0141666468624586,0.5124336764858878,0.2577037693286121,4.302080441172246,1.2663679501273255,13.215360138848713,1.997799267833337,0.0,0.0,0.264260785735104,0.0,0.763917605694238,0.2204427497087173,0.0777664018653175,1.000480723007403,0.0218741359081092,10.895164603614528,0.0192590729605099,0.0638600341347199,-8.689122019312602,133994000.0,-818164000.0,-921138000.0,2614110000.0,174705000.0,1258500.0,88992000.0,56.99867723879203,1.2725577442845846,85.21356828401808,1.5789840108560975,70.7237061769616,1.0561698308422982,0.0299784821272244,0.1751439040028957,2014-02-06,0.53,bmo,295499291.0,2025-04-25,2013-12-31,-0.0943396226415095,42.08046875,504321.609375
2013-09-30,MSCI,USD,1408198,2013-11-01,2013-11-01 16:43:58,2013,Q3,258238000.0,80040000.0,178198000.0,0.6900533616,0,65380000.0,0.0,65380000.0,-627000.0,85762000.0,165802000.0,265000.0,5827000.0,20382000.0,104286000.0,0.4038367707,92436000.0,0.3579488689,2343000.0,86247000.0,0.3339826052,30937000.0,55310000.0,0.214182266,0.46,0.46,119607001,120578001,https://www.sec.gov/Archives/edgar/data/1408198/000119312513423118/0001193125-13-423118-index.htm,https://www.sec.gov/Archives/edgar/data/1408198/000119312513423118/d598270d10q.htm,2.159054217904853,0.4624311247466191,0.5799075256472654,0.4608760318302772,2.372352768881815,12.726236652317702,-7.381190002414658,12.726236652317702,6.79928426597704,4815377860.26,5339042860.26,21.76540345443862,18.64705372663977,69.42486210204581,87.35537806146144,3.163543245337014,3.163543245337014,20.67489238710027,51.19616113629826,76.97470999927914,96.8551422295189,0.0114861183493944,0.0114474920971256,0.5304448256311644,0.262012552614901,5.021431448133018,1.1092991298103403,15.863394542646304,1.254040860603869,0.0,0.0,0.2531773015590269,0.0,0.7804379493826075,0.2052594397427949,0.0551313129748526,0.698508487881464,0.0244774200543684,11.50707080019784,0.0227666354308572,0.0817469701448418,-9.128817635014526,58142000.0,-882842000.0,-969347000.0,2536940000.0,170010500.0,1149000.0,98328000.0,62.70494659964839,1.4831334332833583,109.9284107946027,1.435293463761672,60.682335102350265,0.8187146466454589,0.0363368321193682,0.1190314938169881,2013-10-31,0.53,bmo,258238000.0,2025-04-25,2013-09-30,0.0,37.35328125,508337.609375
2013-06-30,MSCI,USD,1408198,2013-08-02,2013-08-02 16:13:47,2013,Q2,257898000.0,83359000.0,174539000.0,0.6767753143,0,57612000.0,0.0,57612000.0,354000.0,77367000.0,160726000.0,237000.0,6504000.0,19755000.0,110158000.0,0.4271378607,97172000.0,0.3767846203,1370000.0,91259000.0,0.3538569512,30206000.0,61053000.0,0.2367331271,0.5,0.5,121149001,122069001,https://www.sec.gov/Archives/edgar/data/1408198/000119312513317208/0001193125-13-317208-index.htm,https://www.sec.gov/Archives/edgar/data/1408198/000119312513317208/d548102d10q.htm,2.128767037872644,0.5039496776370447,0.7068073140776456,0.6763406988391097,2.762721914644595,12.84226850537546,-7.043450568775223,12.84226850537546,6.807270329864297,4133603914.12,4617092914.12,16.926293196566917,16.02805727116922,48.2734110420535,50.44794740071762,2.6568514733762343,2.6568514733762343,17.90278681540764,41.91336910728226,53.91973413352953,56.34861619907735,0.0147699202121056,0.0198224120410055,0.5258871803309877,0.2634989298244371,4.389050273243886,1.243823343391088,14.940344403444035,1.4025355019409365,0.0,0.0,0.2233906428122746,0.0,0.7758644010591614,0.0431045556995877,0.0143118597274891,0.1868387749936725,0.0233348067840774,12.067177969673669,0.0245154498857513,0.08772449110082,-8.626127672319807,121050000.0,-853307000.0,-931754000.0,2596167000.0,163508000.0,1058500.0,84010500.0,55.87127468999372,1.056994445710721,106.77155436125672,1.6108456536811138,85.14708886618999,0.8429211369864399,0.0392414842771823,0.0304666152385358,2013-08-01,0.52,bmo,231218896.0,2025-04-25,2013-06-30,0.1153846153846152,33.7603125,443011.65625
2013-03-31,MSCI,USD,1408198,2013-05-10,2013-05-10 16:38:02,2013,Q1,251909000.0,80185000.0,171724000.0,0.6816906105,0,61631000.0,0.0,61631000.0,-224000.0,81197000.0,161382000.0,268000.0,7020000.0,19566000.0,110137000.0,0.4372094685,90527000.0,0.3593638973,660000.0,83551000.0,0.3316713575,24614000.0,58937000.0,0.2339614702,0.49,0.48,120746001,121702001,https://www.sec.gov/Archives/edgar/data/1408198/000119312513214358/0001193125-13-214358-index.htm,https://www.sec.gov/Archives/edgar/data/1408198/000119312513214358/d503647d10q.htm,2.0862719917324632,0.4881072624508699,0.5884004390340016,0.5486475697029503,2.178366139016066,12.329501496285578,-7.802328790996564,12.329501496285578,6.923475668564792,4026879133.35,4592812133.35,17.08128651504997,15.98545162479308,56.67908755260602,60.78583382417317,2.7048944363279506,2.7048944363279506,18.232028761775087,41.70090099921008,64.64470186425888,69.3286055723278,0.0146358999235643,0.0164512014903433,0.5568219525531021,0.2734169783565204,5.138445753924658,1.083839528136009,12.895584045584046,1.2054736413458438,0.0,0.0,0.2446558082482166,0.0,0.8017645933519357,0.0675609103832674,0.0190544998392276,0.2453235203925176,0.0270375413343707,11.63648067551168,0.0246354350803655,0.0980613022485033,-9.278508113904326,40482000.0,-942100000.0,-1019789000.0,2535928000.0,160236000.0,2061500.0,111004500.0,59.63403451246283,1.2772962524162872,77.58957410987092,1.5092052841266512,70.46133567662567,1.1599496586043283,0.0395885642739017,0.0397528693310513,2013-05-01,0.54,bmo,238650631.0,2025-04-25,2013-03-31,0.0555555555555553,33.209666666666664,560876.7333333333
2012-12-31,MSCI,USD,1408198,2013-03-01,2013-03-01 17:19:08,2012,Q4,247080000.0,74191000.0,172889000.0,0.6997288328,95500000,57172000.0,0.0,57172000.0,-56000.0,77582000.0,151773000.0,242000.0,7178000.0,20410000.0,115903000.0,0.4690909827,95307000.0,0.3857333657,-6992000.0,88315000.0,0.3574348389,33863000.0,54452000.0,0.2203820625,0.45,0.44,122082001,122995001,https://www.sec.gov/Archives/edgar/data/1408198/000119312513087988/0001193125-13-087988-index.htm,https://www.sec.gov/Archives/edgar/data/1408198/000119312513087988/d448124d10k.htm,2.023885568520457,0.4460280758340453,0.4866565055728403,0.4311610193872887,2.082264362622956,11.674374505050912,-8.185096835036314,11.674374505050912,7.059959641388906,3783321210.99,4454728210.99,17.369982787546828,15.312130528533269,63.67941175166633,71.87569981172939,2.654531939727665,2.654531939727665,18.02949737327991,38.43496899122542,74.98027689675486,84.63111900355263,0.014392645235045,0.0139129080150786,0.5997034866628638,0.2830523781153972,5.792835388212557,1.0095892694310171,13.277653942602395,1.0910893998383897,0.0,0.0,0.2313906427068156,0.3865144892342561,0.8029052479452014,0.1140342018447451,0.02742026873887,0.3319451249387555,0.0239355674275538,10.824034503534836,0.0230191658726679,0.0914921323016693,-9.408370935859743,4890000.0,-999253000.0,-1079573000.0,2496793000.0,138933000.0,2339500.0,76440500.0,55.93382710053424,3.621059158118909,185.457670067798,1.6090441985712145,24.85460636515913,0.4852859413530785,0.0382057364735962,0.0554954861855516,2013-02-07,0.54,bmo,256583076.0,2025-04-25,2012-12-31,-0.037037037037037,28.04596774193548,1295028.1290322582
2012-09-30,MSCI,USD,1408198,2012-11-06,2012-11-06 16:50:48,2012,Q3,235444000.0,68350000.0,167094000.0,0.7096974227,0,62973000.0,0.0,62973000.0,20592000.0,83565000.0,151915000.0,252000.0,7314000.0,20592000.0,87541000.0,0.3718124055,83529000.0,0.3547722601,-7935000.0,75594000.0,0.3210699784,27320000.0,48274000.0,0.2050338934,0.39,0.39,122261001,123450001,https://www.sec.gov/Archives/edgar/data/1408198/000119312512454715/0001193125-12-454715-index.htm,https://www.sec.gov/Archives/edgar/data/1408198/000119312512454715/d404880d10q.htm,1.9257489966076755,0.3948438145046759,0.7982676340102924,0.6497084053810421,3.5525882861044136,12.007614758527946,-6.850311981332461,12.007614758527946,7.138801358251598,4379389055.82,4904414055.82,22.679853833430005,18.60055493374221,44.87216877383526,55.132425105370494,2.983107030025278,2.983107030025278,20.83049071464977,56.02419501513576,50.2516886361261,61.74200035022786,0.0110229987298904,0.018138146437215,0.5895407758386391,0.2834683450855187,5.997475468637552,1.3592182450025836,11.420426579163248,2.021730123876207,0.0,0.0,0.2674648748747048,0.0,0.755140769116639,0.1861020318247487,0.0771436095207352,0.8820415695415695,0.0320118584461697,10.328382221969512,0.0204940496149852,0.0645717908726836,-8.64996394066821,177276000.0,-837526000.0,-914347000.0,2546877000.0,130191500.0,1175500.0,0.0,47.51792358267783,2.230577907827359,0.0,1.8940221544699096,40.3482880755608,0.0,0.0328827850030959,0.1485592286292503,2012-11-06,0.51,bmo,245053959.0,2025-04-25,2012-09-30,-0.0392156862745098,34.82142857142857,560984.3015873015
2012-06-30,MSCI,USD,1408198,2012-08-03,2012-08-03 15:40:38,2012,Q2,238565000.0,73243000.0,165322000.0,0.6929851403,0,57602000.0,0.0,57602000.0,20621000.0,78223000.0,151466000.0,237000.0,29581000.0,20621000.0,91504000.0,0.383560036,87121000.0,0.3651876847,-29860000.0,57261000.0,0.2400226353,19715000.0,37546000.0,0.157382684,0.31,0.3,122030001,123295001,https://www.sec.gov/Archives/edgar/data/1408198/000119312512334714/0001193125-12-334714-index.htm,https://www.sec.gov/Archives/edgar/data/1408198/000119312512334714/d364802d10q.htm,1.9549700733018924,0.3076784372066014,0.9879455790547768,0.8596656489415254,2.9481848484128097,11.55171669629012,-7.472686982932992,11.55171669629012,7.422977895411146,4151460634.020001,4754398634.02,27.64249609825281,17.401800909689186,34.435095132010055,39.57352494180449,2.945016822558128,2.945016822558128,19.92915404195921,51.95836940483477,39.43628127323552,45.32099169744055,0.0090440457732687,0.0252694194280283,0.6216020078657488,0.2925800279809943,6.589198286413708,1.250647954860178,2.9451675061695006,3.210967879401268,0.0,0.0,0.2414520151740615,0.0,0.775169705732097,0.1298451380651797,0.0656173369941106,0.7591290432083798,0.0252719384654077,8.942584534337868,0.0223658084516101,0.05576066842704,-9.206027130983962,121271000.0,-911892000.0,-980133000.0,2497612000.0,154127500.0,411500.0,0.0,51.33468865927525,0.8073126442117335,0.0,1.7532004644531651,111.48097412480976,0.0,0.026634866946262,0.1282799301132514,2012-08-02,0.49,bmo,233793700.0,2025-04-25,2012-06-30,0.0204081632653061,34.27412698412699,793639.2063492064
2012-03-31,MSCI,USD,1408198,2012-05-04,2012-05-04 17:19:52,2012,Q1,229052000.0,72291000.0,156761000.0,0.6843904441,0,55436000.0,0.0,55436000.0,20375000.0,75811000.0,148102000.0,223000.0,12355000.0,20375000.0,85010000.0,0.3711384314,80979000.0,0.3535398076,-12740000.0,68239000.0,0.2979192498,24273000.0,43966000.0,0.19194768,0.36,0.36,121754001,123113001,https://www.sec.gov/Archives/edgar/data/1408198/000119312512212354/0001193125-12-212354-index.htm,https://www.sec.gov/Archives/edgar/data/1408198/000119312512212354/d324997d10q.htm,1.8812687724323736,0.3611051763300986,0.5708806234630434,0.5356292151746208,3.779580105954793,11.207878088540188,-7.990727138404265,11.207878088540188,8.925037297131615,4481764776.81,5290046776.81,25.484264982088437,19.56658215955329,64.47932980577495,68.72291308456644,3.284296965867021,3.284296965867021,23.095396577240106,62.22852343030232,76.10811539571554,81.1170248686652,0.0098099749070931,0.0145511875896392,0.7872642905927287,0.3450972632279564,9.508081402187978,1.6931320944654562,6.554350465398624,1.5809261702224446,0.0,0.0,0.2420236452857866,0.0,0.7508743041785106,0.0617491763419511,0.018738103138152,0.2106503067484662,0.0255094912945532,9.542668015423802,0.0193081001531595,0.0566908218789488,-9.520247716541158,291941000.0,-972903000.0,-1035311000.0,2669158000.0,176373500.0,202500.0,0.0,67.65402615999861,0.2066647300493837,0.0,1.3302977680464163,435.4879518072289,0.0,0.0322188708225976,0.0352514082884224,2012-05-02,0.47,bmo,244669181.0,2025-04-25,2012-03-31,-0.0638297872340424,34.72967741935484,605542.0161290322
2011-12-31,MSCI,USD,1408198,2012-02-29,2012-02-29 06:18:47,2011,Q4,226134000.0,69121000.0,157013000.0,0.6943361016,0,54509000.0,0.0,54509000.0,20746000.0,75255000.0,144376000.0,335000.0,13267000.0,20746000.0,38336000.0,0.1695278021,81633000.0,0.360993924,-11505000.0,70128000.0,0.3101170103,25642000.0,44486000.0,0.1967240663,0.37,0.37,121158001,121754000,https://www.sec.gov/Archives/edgar/data/1408198/000119312512086989/0001193125-12-086989-index.htm,https://www.sec.gov/Archives/edgar/data/1408198/000119312512086989/d264713d10k.htm,1.8664388495482027,0.3671734399117397,0.6608478130965532,0.6091054605630214,3.241230432648026,10.774624781074095,-8.650142717359623,10.774624781074095,8.997787938082604,3989732972.93,4814408972.93,22.42128407212381,17.643224693898308,49.829929595588695,54.06288751632835,3.056254920156699,3.056254920156699,21.290071253902557,125.5845412387834,60.12975349307455,65.23766190045801,0.0111501196450573,0.0184969772415129,0.8249276867734207,0.3481695417646838,21.511790484140235,1.4972074071620234,6.153086605864174,1.7998246639392168,0.0,0.0,0.2410473436104256,0.0,0.7609017276452993,0.0782969263242034,0.027722500818099,0.3021787332497831,0.0327283822866088,9.434697186665195,0.0195373176278437,0.0601544224034183,-10.395008910719811,225138000.0,-1048034000.0,-1109621000.0,2616227000.0,173757000.0,335000.0,0.0,71.86420440977473,0.3111934144471289,0.0,1.2523620172125427,289.2092050209205,0.0,0.0340776080255425,0.0517423525335318,2012-02-02,0.44,bmo,221108800.0,2025-04-25,2011-12-31,0.0227272727272727,32.605396825396824,607522.9206349206
2011-09-30,MSCI,USD,1408198,2011-11-04,2011-11-04 17:19:45,2011,Q3,225026000.0,68968000.0,156058000.0,0.6935109721,0,53724000.0,0.0,53724000.0,21091000.0,74815000.0,143783000.0,184000.0,13113000.0,21091000.0,104503000.0,0.4644041133,82245000.0,0.3654910988,-11946000.0,70299000.0,0.3124039,20512000.0,49787000.0,0.2212499889,0.41,0.41,120831001,122303001,https://www.sec.gov/Archives/edgar/data/1408198/000119312511297728/0001193125-11-297728-index.htm,https://www.sec.gov/Archives/edgar/data/1408198/000119312511297728/d225456d10q.htm,1.8623200845617425,0.412038298019231,0.7836068493713795,0.6999362688388222,3.0151947512211703,10.443909175262068,-9.168061100478676,10.443909175262068,9.331735983880494,3664804260.33,4557679260.33,18.402415592072227,16.286136981193284,38.70563411273288,43.33251661657247,2.9040850021791704,2.9040850021791704,20.25401180454703,43.612903556165854,48.135685652591775,53.889839197980464,0.0135851730306373,0.0230773580230406,0.8831187972880024,0.3636984884215006,8.544013090533285,1.4575818056944785,6.272020132692748,1.9017815895715748,0.0,0.0,0.2387457449361407,0.0,0.7733578659976098,0.1067762240716488,0.0449281416369663,0.4793513821061116,0.0349292970590065,9.839920610856284,0.0220579331136303,0.071689609491994,-10.864149010898288,198542000.0,-1107786000.0,-1169830000.0,2605187000.0,172068500.0,528000.0,0.0,66.77148418404984,0.5624347523489154,0.0,1.3478807772480053,160.0185614849188,0.0,0.0394524972502828,0.0836705805325572,2011-11-02,0.44,bmo,202064163.0,2025-04-25,2011-09-30,0.1136363636363636,34.1665625,797765.25
2011-06-30,MSCI,USD,1408198,2011-08-05,2011-08-05 13:06:40,2011,Q2,226483000.0,68840000.0,157643000.0,0.696047827,0,53321000.0,0.0,53321000.0,21591000.0,74912000.0,143752000.0,186000.0,12852000.0,21591000.0,104085000.0,0.459570917,82691000.0,0.365109081,-13049000.0,69642000.0,0.3074932776,23982000.0,45660000.0,0.2016045354,0.38,0.37,120592001,122235001,https://www.sec.gov/Archives/edgar/data/1408198/000119312511211881/0001193125-11-211881-index.htm,https://www.sec.gov/Archives/edgar/data/1408198/000119312511211881/d10q.htm,1.8780930585934963,0.3786320785903536,0.8800252016715437,0.8560020494228303,2.380439810431539,10.025913741990234,-9.76110347484822,10.025913741990234,9.36946887546878,4543906597.68,5485042597.68,24.87903305781866,20.06290360724646,42.81695561494101,44.01858620012207,3.758260939568006,3.758260939568006,24.218341322218446,52.69772395330739,51.68522292488033,53.13573578308001,0.0100486220432684,0.0227176764708819,0.9238953057992052,0.3711575707896133,9.041994523706586,1.3252244042250794,6.434095860566448,2.3242225142356547,0.0,0.0,0.2354304738103963,0.0,0.7928516437637456,0.0272982548716595,0.012791247025163,0.1341762771525172,0.0353580621945135,9.241914444404385,0.0208813871175045,0.0732398613479278,-11.448423100633349,137754000.0,-1177111000.0,-1239222000.0,2559985000.0,181451500.0,548000.0,0.0,70.41150991465142,0.8171121441022662,0.0,1.2782001140025625,110.144,0.0,0.0377653437216977,0.0240231522487134,2011-08-04,0.44,bmo,212026638.0,2025-04-25,2011-06-30,0.0681818181818181,36.63603174603175,574153.7301587302
2011-03-31,MSCI,USD,1408198,2011-05-06,2011-05-06 17:05:41,2011,Q1,223298000.0,70218000.0,153080000.0,0.6855412946,0,51418000.0,0.0,51418000.0,21802000.0,73220000.0,143438000.0,143000.0,16587000.0,21802000.0,75041000.0,0.3360576449,75429000.0,0.3377952333,-22085000.0,53344000.0,0.2388915261,19823000.0,33521000.0,0.1501177798,0.28,0.27,120282001,122013001,https://www.sec.gov/Archives/edgar/data/1408198/000119312511130956/0001193125-11-130956-index.htm,https://www.sec.gov/Archives/edgar/data/1408198/000119312511130956/d10q.htm,1.856453984333034,0.2786867504806475,-0.215144408846341,-0.2470278159073858,1.4782012148268135,9.561056437695944,-10.39758226170514,9.561056437695944,9.446134837746838,4428783276.82,5420756276.82,33.02991614823544,19.83351072029306,-171.14086393152485,-149.0520404139602,3.8510388721095135,3.8510388721095135,24.27588369273348,72.23726065510854,-209.47354033619288,-182.43719169454445,0.0075688959934993,-0.0067090661571804,0.9735570505981184,0.3846827537962758,13.21908023613758,1.18768732623136,4.54747693977211,-0.7719936756063364,0.0,0.0,0.2302662809339985,0.0,0.8248336015590534,-0.1481953783136254,0.0171743589284274,0.1759012934593156,0.0378597210902023,7.742877008588607,0.0186405283717426,0.0657507860632891,-11.999920919173933,70949000.0,-1250642000.0,-1311495000.0,2504679000.0,166688000.0,1316500.0,0.0,74.85181237628639,0.6036913611894386,0.0,1.202375695962609,149.0828025477707,0.0,0.0291481126899201,0.0318834070610448,2011-05-05,0.38,bmo,197333116.0,2025-04-25,2011-03-31,0.131578947368421,35.99225806451613,834813.4032258064
2010-11-30,MSCI,USD,1408198,2011-01-31,2011-01-28 20:13:12,2010,Q4,213318000.0,69131000.0,144187000.0,0.6759251446,0,0.0,0.0,49300000.0,22224000.0,71524000.0,140655000.0,128000.0,17495000.0,22224000.0,49199000.0,0.2306368895,70720000.0,0.3315238283,-19641000.0,51079000.0,0.239450023,20813000.0,30266000.0,0.1418820728,0.26,0.26,118339000,118339000,https://www.sec.gov/Archives/edgar/data/1408198/000119312511017728/0001193125-11-017728-index.htm,https://www.sec.gov/Archives/edgar/data/1408198/000119312511017728/d10k.htm,1.802601002205528,0.2557567665773751,0.5248988076627317,0.4733942318255182,2.539027708532267,9.12731221321796,-11.347096054555134,9.12731221321796,10.818850928265409,4030626340.000001,5066848340.0,33.29335178087623,18.89491904105608,64.88869759804237,71.9484896735153,3.731657163066594,3.731657163066594,23.75255880891439,102.98681558568263,81.5707440916994,90.44551757376698,0.007509006652301,0.0138988324082653,1.1691298257503586,0.4177068014128235,21.06185085062705,1.1485445168806916,4.042297799371249,2.0523359545364435,0.0,0.0,0.0,0.0,0.8014515246599095,0.0981228668941979,0.0285723661388162,0.2742530597552196,0.0437890848404729,7.247300658306046,0.016048030530328,0.0504227440461811,-12.944477306720524,69359000.0,-1342804000.0,-1406766000.0,2526648000.0,131094500.0,1812000.0,0.0,62.29938401822631,2.814656232370427,0.0,1.4446370765667538,31.975485661424607,0.0,0.028021038461574,0.0515045758372134,2011-01-28,,bmo,,2025-04-25,2010-11-30,,36.3915625,502215.8125
2010-08-31,MSCI,USD,1408198,2010-10-01,2010-10-01 17:25:41,2010,Q3,202733000.0,69741000.0,132992000.0,0.6559958172,0,0.0,0.0,63306000.0,21284000.0,84590000.0,154331000.0,114000.0,20415000.0,21284000.0,45973000.0,0.2267662393,41449000.0,0.2044511747,-20825000.0,20624000.0,0.1017298614,10305000.0,10319000.0,0.0508994589,0.0872,0.0857,118339001,120341001,https://www.sec.gov/Archives/edgar/data/1408198/000119312510222237/0001193125-10-222237-index.htm,https://www.sec.gov/Archives/edgar/data/1408198/000119312510222237/d10q.htm,1.7131545668532389,0.0871986404549756,0.5588521065848782,0.5385798381042611,2.0308435762441497,8.7392997343285,-11.849178953268332,8.7392997343285,10.868149884077525,3538336129.9,4606312129.9,85.72381359385598,17.453182905101784,53.50252714035141,55.51637451792578,3.421326754883001,3.421326754883001,22.72107713051156,100.19603092902356,69.65119499652221,72.27288193143484,0.0029163424901329,0.0180127036155271,1.2238551537420228,0.4292794022632192,23.23050486154917,1.0889344382445203,2.030320842517757,6.408954356042252,0.0,0.0,0.0,0.0,0.8263378616936666,0.0362748359391538,0.0118332979830614,0.112713775606089,0.0614502818978656,4.140801703250764,0.0081302403179125,0.0201529192340367,-13.41934388984744,36403000.0,-1402220000.0,-1468528000.0,2508435000.0,103528500.0,998000.0,0.0,50.84238875762703,1.886695057426765,0.0,1.7701764649383989,47.70246238030096,0.0,0.009977760587894,0.0202722684806169,2011-01-13,0.36,bmo,213318000.0,2025-04-25,2010-08-31,0.0,32.0159375,546013.390625
2010-05-31,MSCI,USD,1408198,2010-07-02,2010-07-01 17:54:10,2010,Q2,125170000.0,30463000.0,94707000.0,0.7566269873,0,0.0,0.0,40177000.0,7833000.0,48010000.0,78473000.0,343000.0,8991000.0,7833000.0,50498000.0,0.403435328,46697000.0,0.3730686267,-8746000.0,37951000.0,0.3031956539,13884000.0,24067000.0,0.1922745067,0.23,0.23,105345001,106003001,https://www.sec.gov/Archives/edgar/data/1408198/000095010310001952/0000950103-10-001952-index.htm,https://www.sec.gov/Archives/edgar/data/1408198/000095010310001952/dp18350_10q.htm,1.1881911700774486,0.2284588710573936,0.6632018542578969,0.6498077682869831,2.027120394635527,5.471868570203915,0.2200104397929617,5.471868570203915,0.7552422919432124,3099249929.42,3017671929.42,32.19397857460423,24.76032539282576,44.36055148386173,45.27492811844451,5.376591126512316,5.376591126512316,24.108587756011826,59.75824645372094,43.1928995837687,44.083208131299855,0.0077654272963084,0.022087279683446,0.1224251171860091,0.074446346833261,-1.6154699196007762,1.4543491696565451,5.193749304860416,2.902937632442764,0.0,0.0,0.0,0.0,0.5836469110093456,0.0201960924640377,0.0112726691699288,0.1801353249074428,0.0428696972117919,5.303506445058068,0.041885824849713,0.0609794412603819,-0.8405951792624692,113212000.0,23177000.0,-9111000.0,691856000.0,103215500.0,470000.0,0.0,66.53111767995526,1.5776515773233104,0.0,1.352750459310494,57.046816479400746,0.0,0.0417515274949083,0.0133940859709137,2010-07-01,0.31,bmo,110864857.0,2025-04-25,2010-05-31,0.129032258064516,32.53793650793651,987918.1111111112
2010-02-28,MSCI,USD,1408198,2010-04-08,2010-04-08 15:56:28,2010,Q1,121680000.0,29291000.0,92389000.0,0.7592784352,0,0.0,0.0,37461000.0,7671000.0,45132000.0,74423000.0,408000.0,4436000.0,7671000.0,51666000.0,0.4246055227,47257000.0,0.3883711374,-3420000.0,43837000.0,0.3602646285,16319000.0,27518000.0,0.2261505588,0.26,0.26,105235001,105844001,https://www.sec.gov/Archives/edgar/data/1408198/000095010310001038/0000950103-10-001038-index.htm,https://www.sec.gov/Archives/edgar/data/1408198/000095010310001038/dp17151_10q.htm,1.156269291050798,0.261490946343983,-0.1402670200953388,-0.171482870038648,4.204817748802036,5.1851664827750605,-0.1128236792623777,5.1851664827750605,3.550368189762263,3008668678.59,3293506678.59,27.33364233038375,24.72607395290927,-203.8255320499966,-166.72219209741772,5.513805601994645,5.513805601994645,27.06695166494083,63.74611308384625,-223.12219216787483,-182.50618855092543,0.0091462380672956,-0.005998001750215,0.6765867452502561,0.3087173063382931,5.5130646847056095,2.293540642506002,10.653065825067628,-0.5364125299803765,0.0,0.0,0.0,0.0,0.4662146681004855,-0.2225458979743919,0.0269970414201183,0.4282362143136488,0.042077580539119,5.523329343518176,0.0304082736773409,0.0431086881599147,-1.1620967248339742,339438000.0,-11873000.0,-48365000.0,924228000.0,95540500.0,1142000.0,0.0,84.24630177514793,1.2474821617561709,0.0,1.0682961519214054,72.14532019704434,0.0,0.0504305786926315,0.0312158499433092,2010-04-08,0.3,bmo,117754838.0,2025-04-25,2010-02-28,0.0333333333333333,31.99934426229508,987801.6229508196
2009-11-30,MSCI,USD,1408198,2010-01-29,2010-01-29 16:25:09,2009,Q4,118790000.0,32214000.0,86576000.0,0.7288155569,0,0.0,0.0,33487000.0,9333000.0,42820000.0,75034000.0,339000.0,4513000.0,9333000.0,27945000.0,0.2352470747,43756000.0,0.368347504,-4103000.0,39653000.0,0.3338075596,15118000.0,24535000.0,0.2065409546,0.24,0.24,100402000,100402000,https://www.sec.gov/Archives/edgar/data/1408198/000119312510017074/0001193125-10-017074-index.htm,https://www.sec.gov/Archives/edgar/data/1408198/000119312510017074/d10k.htm,1.1831437620764529,0.244367642078843,0.1005756857433118,0.0784247325750483,4.694408477918767,5.050257962988785,-0.5453676221589211,5.050257962988785,3.826846078763371,3059248940.0,3262934940.0,31.172294069696356,25.753421500126272,302.95592592592595,388.5253924307849,6.033355171815342,6.033355171815342,27.468094452394983,116.76274610842728,323.1268508615568,414.3935661671323,0.008019942306493,0.0025738343477206,0.74885219778486,0.3163540839595124,7.288817319735194,2.059774358974359,9.695546199867051,0.4115753005909924,0.0,0.0,0.0,0.0,0.4680717405848189,0.2202416320063379,0.0187221146561158,0.2382942247937426,0.0849650643993602,5.269505829000769,0.0285029229188355,0.0384285864200721,-1.6334335969403,309984000.0,-54756000.0,-90729000.0,901177000.0,76845500.0,17912000.0,0.0,58.47461907567977,5.246787111193891,0.0,1.5391293081109096,17.15335463258786,0.0,0.0483871603925404,0.0221509531682635,2010-01-07,0.29,bmo,107653437.0,2025-04-25,2009-11-30,0.103448275862069,30.49609375,1140807.28125
2009-08-31,MSCI,USD,1408198,2009-10-01,2009-10-01 17:24:17,2009,Q3,108868000.0,28247000.0,80621000.0,0.7405390014,0,0.0,0.0,33525000.0,9298000.0,42823000.0,71070000.0,373000.0,4628000.0,9298000.0,41208000.0,0.3785134291,37798000.0,0.3471910938,-4087000.0,33711000.0,0.3096502186,12787000.0,20924000.0,0.1921960539,0.21,0.21,100402001,100833001,https://www.sec.gov/Archives/edgar/data/1408198/000095010309002518/0000950103-09-002518-index.htm,https://www.sec.gov/Archives/edgar/data/1408198/000095010309002518/dp15053_10q.htm,1.0843210186617696,0.2084022209876076,0.5148004968546394,0.4981773221830509,3.603135359822162,3.676022353379192,-1.982042170653551,3.676022353379192,3.882980380042426,2953826869.42,3227356869.42,35.29233021195756,27.13218640390197,57.14835199218373,59.05527748850414,8.00321575111087,8.00321575111087,29.644678596281736,78.31869708357601,62.44039834813396,64.52390878123876,0.0070836920797963,0.0169332876336863,1.0437601603988296,0.3558502260834222,6.637788778877888,1.538523930585433,8.16724286949006,2.470225578283311,0.0,0.0,0.0,0.0,0.5247546336709574,0.0322905179252036,0.0153304919719293,0.1795009679500968,0.0767351287798067,4.151752944720712,0.0290453236909399,0.0406698750592827,-2.931612388880576,167978000.0,-199001000.0,-233584000.0,763959000.0,85942500.0,36276000.0,0.0,63.25081750376603,108.15803448153784,0.0,1.4229065101750076,0.8321157131915395,0.0,0.0566923160290451,0.0166231746715884,2009-10-01,0.29,bmo,112756142.0,2025-04-25,2009-08-31,-0.0344827586206894,27.7728125,670113.984375
2009-05-31,MSCI,USD,1408198,2009-07-02,2009-07-02 15:14:11,2009,Q2,109375000.0,29269000.0,80106000.0,0.7323977143,0,0.0,0.0,34052000.0,9400000.0,43452000.0,72721000.0,220000.0,4904000.0,9400000.0,46276000.0,0.4230948571,36654000.0,0.3351222857,-4682000.0,31972000.0,0.2923154286,12354000.0,19618000.0,0.1793645714,0.2,0.2,100359001,100371001,https://www.sec.gov/Archives/edgar/data/1408198/000095010309001589/0000950103-09-001589-index.htm,https://www.sec.gov/Archives/edgar/data/1408198/000095010309001589/dp13994_10q.htm,1.0898374725750808,0.1954782311952268,0.465179999151247,0.430444699225334,3.165107233381089,3.392191996809534,-2.33235681570804,3.392191996809534,3.9424067204495192,2255066752.47,2573049752.47,28.737215216510343,20.61775316544,48.303882456249326,52.20182764577884,6.624035438186801,6.624035438186801,23.52502630829714,55.602250680050126,55.11512803834208,59.56271562929697,0.0086995207474511,0.0191564174110073,1.1477953336446978,0.3672961035323223,6.871445241593915,1.4678419437124623,7.474306688417618,2.379702314201244,0.0,0.0,0.0,0.0,0.5400235557088755,0.0746706650958552,0.031872,0.3708510638297872,0.0820845714285714,3.8626083229789137,0.0285625581970851,0.0400898332689623,-3.3305084413903243,144340000.0,-234073000.0,-270561000.0,748703000.0,99617500.0,19559500.0,0.0,78.47917714285714,118.71058116095529,0.0,1.146801014951664,0.7581464021136611,0.0,0.0576259337263575,0.0347352999259129,2009-07-02,0.24,bmo,93749999.0,2025-04-25,2009-05-31,0.1666666666666668,21.995555555555555,1419877.365079365
2009-02-28,MSCI,USD,1408198,2009-02-28,2009-02-27 19:00:00,2009,Q1,105915000.0,28935000.0,76980000.0,0.7268092338,0,0.0,0.0,34716000.0,9480000.0,44196000.0,73131000.0,121000.0,5638000.0,9480000.0,42385000.0,0.4001793891,32784000.0,0.3095312279,-6399000.0,26385000.0,0.2491148563,9661000.0,16724000.0,0.157900203,0.17,0.17,100286001,100286001,,,1.056129459185435,0.1667630559922316,0.2240791314432809,0.1639211837751911,2.760913759040008,3.122848621713413,-2.671579256610302,3.122848621713413,4.007658057877888,1580507375.76,1699900375.76,23.626336040420952,14.922413027049991,70.33229689213243,96.14376639454954,5.046674337788733,5.046674337788733,16.0496660129349,40.106178500884745,75.64526414026344,103.40655610195267,0.0105814121822482,0.0104010903410654,1.26533153669798,0.3847103755322515,2.8168691754158317,1.4159082566919032,5.814827953174885,1.3436976799808658,0.0,0.0,0.0,0.0,0.564142990006388,0.2684674261302955,0.0569607704291176,0.6363924050632911,0.0730397016475475,3.4230768381758963,0.0271408361375585,0.0372507005109609,-3.610705845175739,121241000.0,-267922000.0,-304130000.0,732107000.0,95674500.0,706500.0,0.0,88.25463815323609,1.5956454121306376,0.0,1.0197764319619491,56.40350877192982,0.0,0.053400941317717,0.0601579476680897,2009-04-02,0.21,bmo,92675625.0,2025-04-25,2009-02-28,0.1428571428571428,16.314098360655738,735313.9508196721
2008-11-30,MSCI,USD,1408198,2009-01-29,2009-01-29 17:27:01,2008,Q4,107416000.0,35449000.0,71967000.0,0.6699839875,0,34640000.0,0.0,34640000.0,7125000.0,41765000.0,77214000.0,0.0,26932000.0,9697000.0,39899000.0,0.3714437328,30202000.0,0.281168541,-9826000.0,20376000.0,0.1896924108,7551000.0,12825000.0,0.1193956208,0.13,0.13,100088001,100286000,https://www.sec.gov/Archives/edgar/data/1408198/000119312509014341/0001193125-09-014341-index.htm,https://www.sec.gov/Archives/edgar/data/1408198/000119312509014341/d10k.htm,1.073215559575418,0.1281372379492323,0.4347873827553015,0.3702541726255478,2.6784129698024444,2.861302025604448,-3.0088321975778096,2.861302025604448,4.283500476745459,1470292734.69,1604010734.69,28.660677089473683,13.687837330472185,33.78662901142082,39.67544753332614,5.134026351830771,5.134026351830771,14.932698431239295,40.20177785633725,36.85940516786543,43.28379121080469,0.0087227527535216,0.025204504603509,1.4030036803989077,0.3958384234046074,3.351412316098148,1.3475200450713516,1.1214169018268232,3.393138401559454,0.0,0.0,0.3224845460639011,0.0,0.5788199178758049,0.1484247535445917,0.0601307067848365,0.6660822934928329,0.2824346466075817,2.872174283750673,0.0254807397191446,0.0299987368952886,-3.946257254153772,101161000.0,-301148000.0,-336411000.0,717138000.0,89145000.0,1480000.0,0.0,73.3030461011395,2.28497277779345,0.0,1.2277798098024872,39.38777777777778,0.0,0.0447828424970843,0.0645332101297537,2009-01-09,0.24,bmo,107416000.0,2025-04-25,2008-11-30,0.0,16.38484375,710030.578125
2008-08-31,MSCI,USD,1408198,2008-10-06,2008-10-03 20:24:49,2008,Q3,110399000.0,28131000.0,82268000.0,0.7451879093,0,37624000.0,0.0,37624000.0,7125000.0,44749000.0,72880000.0,0.0,5991000.0,8517000.0,37519000.0,0.3398490928,37519000.0,0.3398490928,-7372000.0,30147000.0,0.2730731257,11269000.0,18878000.0,0.1709979257,0.19,0.19,100052001,101698001,https://www.sec.gov/Archives/edgar/data/1408198/000095010308002494/0000950103-08-002494-index.htm,https://www.sec.gov/Archives/edgar/data/1408198/000095010308002494/dp11503_10q.htm,1.1034162125353195,0.1886818835337436,0.3081097798333888,0.1754087856773599,2.463239091040268,2.732149255065873,-3.211310086641846,2.732149255065873,4.130931874116141,2986552229.85,3147417229.85,39.55069697332874,27.052348570639225,96.8810532925682,170.17391623076924,10.925464611661674,10.925464611661674,28.509472276469896,83.8886225605693,102.09936840594284,179.3400130968661,0.0063210011234084,0.0058763412287222,1.4900551293729445,0.409998802164961,4.287560969108985,1.2969910052030462,6.262560507427809,1.6329589998940566,0.0,0.0,0.3408001884075037,0.0,0.5985702479921164,0.4306938722548415,0.1202637705051676,1.558882235528942,0.0,3.4057171079929303,0.0320527344587174,0.0473365362433676,-4.053377203320501,83965000.0,-321298000.0,-353418000.0,700597000.0,99485500.0,29153500.0,0.0,74.02404007282675,6.590594006611922,0.0,1.215821237417678,13.655825242718446,0.0,0.0690598740840732,0.1327009941560289,2008-10-02,0.26,bmo,110399000.0,2025-04-25,2008-08-31,0.0,29.35265625,820964.140625
2008-05-31,MSCI,USD,1408198,2008-07-07,2008-07-07 07:33:12,2008,Q2,108195000.0,30011000.0,78184000.0,0.7226211932,0,37611000.0,0.0,37611000.0,7125000.0,44736000.0,74747000.0,0.0,0.0,7647000.0,33448000.0,0.3091455243,33448000.0,0.3091455243,-3063000.0,30385000.0,0.2808355284,11754000.0,18631000.0,0.1721983456,0.19,0.18,100026001,101282001,https://www.sec.gov/Archives/edgar/data/1408198/000119312508146972/0001193125-08-146972-index.htm,https://www.sec.gov/Archives/edgar/data/1408198/000119312508146972/d10q.htm,1.0816687553069326,0.1862615701291507,0.5998040449502725,0.5512266755520897,0.3228560541973481,2.507957905864896,-3.5082778126859235,2.507957905864896,4.137674163340789,3555924335.55,3937505335.55,47.715156668321605,32.86588414945238,59.26935688295885,64.49252472114914,14.17487905872176,14.17487905872176,36.39267374231711,117.72020256966036,65.62946422344822,71.41312250485154,0.0052394253200886,0.0155056730113105,1.64981802671599,0.4127288519780569,11.408185840707963,1.2528486483654653,0.0,3.2202243572540388,0.0,0.0,0.347622348537363,0.0,0.6001134848525644,0.0809887325821721,0.0449096538657054,0.6354125800967699,0.0,3.241999998564895,0.0309164730009149,0.0464616942271388,-6.38329278004426,77222000.0,-350919000.0,-369286000.0,694369000.0,118797500.0,45856000.0,0.0,89.978372383197,168.67915097797473,0.0,1.0002403646146307,0.5335573452806371,0.0,0.0742682202494608,0.0485773693981827,2008-07-02,0.25,bmo,100180555.0,2025-04-25,2008-05-31,0.08,32.8753125,443601.640625
2008-02-29,MSCI,USD,1408198,2008-04-11,2008-04-10 21:50:36,2008,Q1,104951000.0,31586000.0,73365000.0,0.6990405046,0,31550000.0,0.0,31550000.0,7125000.0,38675000.0,70261000.0,0.0,0.0,7609000.0,34690000.0,0.3305352021,34690000.0,0.3305352021,-5955000.0,28735000.0,0.2737944374,10801000.0,17934000.0,0.1708797439,0.18,0.18,100011001,100728001,https://www.sec.gov/Archives/edgar/data/1408198/000095010308000965/0000950103-08-000965-index.htm,https://www.sec.gov/Archives/edgar/data/1408198/000095010308000965/dp09410_10q.htm,1.049394556104883,0.1793202729767698,0.2073871853357412,0.1977782424155518,0.2192658785606995,2.22144561876748,-3.866934598524817,2.22144561876748,4.1939186270118425,2973327059.73,3370836059.73,41.448185844345936,28.330621525569075,143.35504844173377,150.31987157381192,13.383177039686004,13.383177039686004,32.11818905708378,97.1702525145575,162.5204213745721,170.4163832017189,0.0060316270762452,0.0066524804041557,1.8879231575962443,0.4358857114352996,11.458893052752956,1.1983718358105977,0.0,1.1565183450429353,0.0,0.0,0.3006164781660013,0.0,0.6327824115161504,0.046333349404561,0.0091566540576078,0.1262978052306479,0.0464502482110699,2.993806988118933,0.0327734748605979,0.050752629746916,-6.2103018046984655,57215000.0,-386736000.0,-394459000.0,670843000.0,104900500.0,17767500.0,0.0,110.98836599937113,101.0526815677832,0.0,0.8108958014618391,0.890624559424785,0.0,0.0807223329987532,0.0096089429201893,2008-04-09,0.25,bmo,104951000.0,2025-04-25,2008-02-29,0.0,30.595245901639345,207516.3934426229
2007-11-30,MSCI,USD,1408198,2008-02-28,2008-02-28 06:16:08,2007,Q4,101658000.0,29678000.0,71980000.0,0.7080603592,0,24593000.0,0.0,24593000.0,7125000.0,31718000.0,61396000.0,0.0,9586000.0,7070000.0,47250000.0,0.4647937201,40262000.0,0.3960534341,-6161000.0,34101000.0,0.3354482677,15862000.0,18239000.0,0.1794152944,0.22,0.22,83900000,83900000,https://www.sec.gov/Archives/edgar/data/1408198/000119312508040715/0001193125-08-040715-index.htm,https://www.sec.gov/Archives/edgar/data/1408198/000119312508040715/d10k.htm,1.2116567342073898,0.2173897497020262,0.4990345649582837,0.5039332538736592,0.4030750893921335,2.38404052443385,-4.9583909415971394,2.38404052443385,5.179809296781883,2319835000.0,2711017000.0,31.79772739733538,22.819994491333688,55.40698368721488,54.86837748344371,11.597957214492478,11.597957214492478,26.66801432253241,57.37602116402116,64.7499820869856,64.12055345316935,0.0078621970959141,0.0182254341364795,2.124776898425665,0.4697798887782296,8.278984126984128,1.1489072432644296,4.200083455038598,2.2955754153188224,0.0,0.0,0.2419189832575891,0.0,0.6809376585507124,0.0098163318923308,0.0040429675972377,0.0581329561527581,0.0,3.414818353871644,0.0315752030513805,0.0631874699028924,-7.2772199046483905,36472000.0,-416009000.0,-423255000.0,656748000.0,81674000.0,25584000.0,0.0,71.15770524700467,0.2122784554215243,0.0,1.264796267496112,423.9714285714286,0.0,0.0911854255303193,0.0048986889153754,2008-02-28,,bmo,,2025-04-25,2007-11-30,,29.39322580645161,628419.3870967742
2007-08-31,MSCI,USD,1408198,2007-08-31,2007-08-30 20:00:00,2007,Q3,92407000.0,29426000.0,62981000.0,0.6815609207,0,23431000.0,0.0,23431000.0,6697000.0,30128000.0,59554000.0,0.0,0.0,7138000.0,39991000.0,0.4327702447,32853000.0,0.3555250143,66000.0,32919000.0,0.3562392459,11540000.0,21379000.0,0.2313569318,0.25,0.25,83900001,83900001,,,1.101394504155012,0.2548152532203188,0.276722285140378,0.2697020230071272,0.2574374224381713,-1.0241001069833122,-8.451454011305673,-1.0241001069833122,7.460083343741557,2094983024.97,2699285024.97,24.498140990808736,22.671258941097538,90.23487207520353,92.5836585190914,-24.382381985638133,-24.382381985638133,29.210828454229656,67.4973125195669,116.26329952060988,119.28959806301926,0.0102048559559599,0.0108010421708901,-7.284525499871977,0.7874533555096485,15.110949963741842,0.1999751606339883,0.0,1.085972215725712,0.0,0.0,0.2535630417609055,0.0,0.7839985808500306,0.025369341430848,0.0063739759974893,0.0825161109554497,0.0,,0.0389084278993367,0.124523114737866,-9.498632187143835,-657042000.0,-709077000.0,-716529000.0,-29435000.0,90709500.0,25549000.0,0.0,80.81173504171761,156.28423842860056,0.0,1.1136996372313883,0.5758738111080669,0.0,-0.2488186960266288,0.0070202621332507,2008-01-10,0.2,bmo,94351331.0,2025-04-25,2007-08-31,0.7499999999999998,,
2007-05-31,MSCI,USD,1408198,2007-05-31,2007-05-30 20:00:00,2007,Q2,87911000.0,31304000.0,56607000.0,0.6439125934,0,22227000.0,0.0,22227000.0,6265000.0,28492000.0,59796000.0,0.0,0.0,6266000.0,32922000.0,0.3744923843,28115000.0,0.3198120827,3590000.0,33136000.0,0.3769266645,12390000.0,20747000.0,0.2360000455,0.25,0.25,83900001,83900001,,,1.0478069005028976,0.2472824761944877,,,0.3569845011086472,10.307103572024989,2.799928452920996,10.307103572024989,0.0,2094983024.97,2065032024.97,25.24440913107919,23.830726814278076,0.0,0.0,2.4226010562048,2.4226010562048,23.490029973154662,62.72498708978798,0.0,0.0,0.0099031828672201,,0.0,0.0,-0.909756393900735,2.357621644964748,0.0,0.0,,,0.2528352538362662,0.0,0.5527155680399172,0.0,,0.0,,7.572795858061688,0.0189984037345696,0.0407037768757344,-2.0382300114632894,289225000.0,234914000.0,227470000.0,923521000.0,,,,100.78533971857902,0.0,0.0,0.8929870182638198,0.0,0.0,0.0239914612739168,,2007-05-30,,bmo,,2025-04-25,2007-05-31,,,
2007-02-28,MSCI,USD,1408198,2007-02-28,2007-02-27 19:00:00,2007,Q1,87911000.0,0.0,87911000.0,1.0,0,0.0,0.0,0.0,57000000.0,57000000.0,57000000.0,0.0,0.0,0.0,87911000.0,1.0,87911000.0,1.0,-87911000.0,0.0,0.0,-20747000.0,20747000.0,0.2360000455,0.71,0.71,29323000,29323000,,,2.9980220304880127,0.7075333356068615,,,,,,,,732195310.0,,8.822905841808454,8.328824720455916,0.0,0.0,0.0,0.0,,,0.0,0.0,0.0283353358272671,,0.0,0.0,,0.0,0.0,0.0,,,0.0,0.0,0.0,0.0,,0.0,,,0.0,0.0,,,,,,,,,,0.0,0.0,0.0,0.0,0.0,0.0,,2007-02-27,,bmo,,2025-04-25,2007-02-28,,,
2006-11-30,MSCI,USD,1408198,2006-11-30,2006-11-29 19:00:00,2006,Q4,77674000.0,0.0,77674000.0,1.0,0,0.0,0.0,0.0,-227402000.0,-227402000.0,-227402000.0,0.0,0.0,0.0,-149728000.0,-1.9276463167,-149728000.0,-1.9276463167,149728000.0,0.0,0.0,-17861000.0,17861000.0,0.2299482452,0.21,0.21,83900000,83900000,,,0.925792610250298,0.2128843861740167,,,0.2903694874851013,9.841620977353992,2.1850893921334924,9.841620977353992,0.0,2094983000.0,2070621000.0,29.32342813952186,26.971483379251744,0.0,0.0,2.537183666944407,2.537183666944407,26.65783917398357,-13.829216980123958,0.0,0.0,0.0085256061743699,,0.0,0.0,0.1627083778585167,2.0916002208324658,0.0,0.0,,,0.0,0.0,0.5772802228662578,0.0,,0.0,,6.865884314218376,,0.03797045868127,-2.235634684147795,241224000.0,183329000.0,175143000.0,888793000.0,,,,116.0716584700157,0.0,0.0,0.7753830796106813,0.0,0.0,0.0216310287364117,,2006-11-29,,bmo,,2025-04-25,2006-11-30,,,
2006-08-31,MSCI,USD,1408198,2006-08-31,2006-08-30 20:00:00,2006,Q3,77675000.0,0.0,77675000.0,1.0,0,0.0,0.0,0.0,0.0,0.0,0.0,0.0,0.0,0.0,77675000.0,1.0,77675000.0,1.0,-77675000.0,0.0,0.0,-17861000.0,17861000.0,0.2299452848,0.21,0.21,83900001,83900001,,,0.9258045181668114,0.2128843836366581,,,,,,,,2094983024.97,,29.32342848902637,26.971136465658187,0.0,0.0,0.0,0.0,,,0.0,0.0,0.0085256060727536,,0.0,0.0,,0.0,0.0,0.0,,,0.0,0.0,0.0,0.0,,0.0,,,0.0,0.0,,,,,,,,,,0.0,0.0,0.0,0.0,0.0,0.0,,2006-08-30,,bmo,,2025-04-25,2006-08-31,,,
2006-05-31,MSCI,USD,1408198,2006-05-31,2006-05-30 20:00:00,2006,Q2,77675000.0,0.0,77675000.0,1.0,0,0.0,0.0,0.0,0.0,0.0,0.0,0.0,0.0,0.0,77675000.0,1.0,77675000.0,1.0,-77675000.0,0.0,0.0,-17861000.0,17861000.0,0.2299452848,0.21,0.21,83900001,83900001,,,0.9258045181668114,0.2128843836366581,,,,,,,,2094983024.97,,29.32342848902637,26.971136465658187,0.0,0.0,0.0,0.0,,,0.0,0.0,0.0085256060727536,,0.0,0.0,,0.0,0.0,0.0,,,0.0,0.0,0.0,0.0,,0.0,,,0.0,0.0,,,,,,,,,,0.0,0.0,0.0,0.0,0.0,0.0,,2006-05-30,,bmo,,2025-04-25,2006-05-31,,,
2006-02-28,MSCI,USD,1408198,2006-02-28,2006-02-27 19:00:00,2006,Q1,77675000.0,0.0,77675000.0,1.0,0,0.0,0.0,0.0,0.0,0.0,0.0,0.0,0.0,0.0,77675000.0,1.0,77675000.0,1.0,-77675000.0,0.0,0.0,-17861000.0,17861000.0,0.2299452848,0.21,0.21,83900001,83900001,,,0.9258045181668114,0.2128843836366581,,,,,,,,2094983024.97,,29.32342848902637,26.971136465658187,0.0,0.0,0.0,0.0,,,0.0,0.0,0.0085256060727536,,0.0,0.0,,0.0,0.0,0.0,,,0.0,0.0,0.0,0.0,,0.0,,,0.0,0.0,,,,,,,,,,0.0,0.0,0.0,0.0,0.0,0.0,,2006-02-27,,bmo,,2025-04-25,2006-02-28,,,
2005-11-30,MSCI,USD,1408198,2005-11-30,2005-11-29 19:00:00,2005,Q4,69618000.0,0.0,69618000.0,1.0,0,0.0,0.0,0.0,-204849000.0,-204849000.0,-204849000.0,0.0,0.0,0.0,-135231000.0,-1.9424717745,-135231000.0,-1.9424717745,135231000.0,0.0,0.0,-13638000.0,13638000.0,0.1958976127,0.16,0.16,83900000,83900000,,,0.8297735399284863,0.1625506555423122,,,0.2790345649582836,9.02523241954708,1.0569487485101312,9.02523241954708,0.0,2094983000.0,2071572000.0,38.40341325707582,30.09254790427763,0.0,0.0,2.7666877526521456,2.7666877526521456,29.756269930190467,-15.31876566763538,0.0,0.0,0.0065098380273252,,0.0,0.0,0.1731185896724863,1.7211622623237797,0.0,0.0,,,0.0,0.0,0.6382118128644922,0.0,,0.0,,5.745327887939026,,0.0359860678663781,-2.3876787842669844,154897000.0,88678000.0,79383000.0,829686000.0,,,,114.7371369473412,0.0,0.0,0.7844016540285962,0.0,0.0,0.01801068914195,,2005-11-29,,bmo,,2025-04-25,2005-11-30,,,
2005-08-31,MSCI,USD,1408198,2005-08-31,2005-08-30 20:00:00,2005,Q3,69619000.0,0.0,69619000.0,1.0,0,0.0,0.0,0.0,0.0,0.0,0.0,0.0,0.0,0.0,69619000.0,1.0,69619000.0,1.0,-69619000.0,0.0,0.0,-13638000.0,13638000.0,0.1958947988,0.16,0.16,83900001,83900001,,,0.8297854489894464,0.1625506536048789,,,,,,,,2094983024.97,,38.40341371480422,30.0921160167483,0.0,0.0,0.0,0.0,,,0.0,0.0,0.0065098379497348,,0.0,0.0,,0.0,0.0,0.0,,,0.0,0.0,0.0,0.0,,0.0,,,0.0,0.0,,,,,,,,,,0.0,0.0,0.0,0.0,0.0,0.0,,2005-08-30,,bmo,,2025-04-25,2005-08-31,,,
2005-05-31,MSCI,USD,1408198,2005-05-31,2005-05-30 20:00:00,2005,Q2,69619000.0,0.0,69619000.0,1.0,0,0.0,0.0,0.0,0.0,0.0,0.0,0.0,0.0,0.0,69619000.0,1.0,69619000.0,1.0,-69619000.0,0.0,0.0,-13638000.0,13638000.0,0.1958947988,0.16,0.16,83900001,83900001,,,0.8297854489894464,0.1625506536048789,,,,,,,,2094983024.97,,38.40341371480422,30.0921160167483,0.0,0.0,0.0,0.0,,,0.0,0.0,0.0065098379497348,,0.0,0.0,,0.0,0.0,0.0,,,0.0,0.0,0.0,0.0,,0.0,,,0.0,0.0,,,,,,,,,,0.0,0.0,0.0,0.0,0.0,0.0,,2005-05-30,,bmo,,2025-04-25,2005-05-31,,,
2005-02-28,MSCI,USD,1408198,2005-02-28,2005-02-27 19:00:00,2005,Q1,69619000.0,0.0,69619000.0,1.0,0,0.0,0.0,0.0,0.0,0.0,0.0,0.0,0.0,0.0,69619000.0,1.0,69619000.0,1.0,-69619000.0,0.0,0.0,-13638000.0,13638000.0,0.1958947988,0.16,0.16,83900001,83900001,,,0.8297854489894464,0.1625506536048789,,,,,,,,2094983024.97,,38.40341371480422,30.0921160167483,0.0,0.0,0.0,0.0,,,0.0,0.0,0.0065098379497348,,0.0,0.0,,0.0,0.0,0.0,,,0.0,0.0,0.0,0.0,,0.0,,,0.0,0.0,,,,,,,,,,0.0,0.0,0.0,0.0,0.0,0.0,,2005-02-27,,bmo,,2025-04-25,2005-02-28,,,
