date,symbol,reportedCurrency,cik,fillingDate,acceptedDate,calendarYear,period,revenue,costOfRevenue,grossProfit,grossProfitRatio,researchAndDevelopmentExpenses,generalAndAdministrativeExpenses,sellingAndMarketingExpenses,sellingGeneralAndAdministrativeExpenses,otherExpenses,operatingExpenses,costAndExpenses,interestIncome,interestExpense,depreciationAndAmortization,ebitda,ebitdaratio,operatingIncome,operatingIncomeRatio,totalOtherIncomeExpensesNet,incomeBeforeTax,incomeBeforeTaxRatio,incomeTaxExpense,netIncome,netIncomeRatio,eps,epsdiluted,weightedAverageShsOut,weightedAverageShsOutDil,link,finalLink,revenuePerShare,netIncomePerShare,operatingCashFlowPerShare,freeCashFlowPerShare,cashPerShare,bookValuePerShare,tangibleBookValuePerShare,shareholdersEquityPerShare,interestDebtPerShare,marketCap,enterpriseValue,peRatio,priceToSalesRatio,pocfratio,pfcfRatio,pbRatio,ptbRatio,evToSales,enterpriseValueOverEBITDA,evToOperatingCashFlow,evToFreeCashFlow,earningsYield,freeCashFlowYield,debtToEquity,debtToAssets,netDebtToEBITDA,currentRatio,interestCoverage,incomeQuality,dividendYield,payoutRatio,salesGeneralAndAdministrativeToRevenue,researchAndDdevelopementToRevenue,intangiblesToTotalAssets,capexToOperatingCashFlow,capexToRevenue,capexToDepreciation,stockBasedCompensationToRevenue,grahamNumber,roic,returnOnTangibleAssets,grahamNetNet,workingCapital,tangibleAssetValue,netCurrentAssetValue,investedCapital,averageReceivables,averagePayables,averageInventory,daysSalesOutstanding,daysPayablesOutstanding,daysOfInventoryOnHand,receivablesTurnover,payablesTurnover,inventoryTurnover,roe,capexPerShare,report_date,epsEstimated,time,revenueEstimated,updatedFromDate,fiscalDateEnding,surprise(%),QuarterAvgPrice,QuarterAvgVolume
2025-03-31,MSFT,USD,789019,2025-04-30,2025-04-30 16:08:52,2025,Q3,70066000000.0,21919000000.0,48147000000.0,0.687166386,8198000000,1737000000.0,6212000000.0,7949000000.0,0.0,16147000000.0,38066000000.0,597000000.0,594000000.0,8740000000.0,40711000000.0,0.5810378786,32000000000.0,0.4567122427,-623000000.0,31377000000.0,0.4478206263,5553000000.0,25824000000.0,0.3685667799,3.47,3.46,7434000000,7461000000,https://www.sec.gov/Archives/edgar/data/789019/000095017025061046/0000950170-25-061046-index.htm,https://www.sec.gov/Archives/edgar/data/789019/000095017025061046/msft-20250331.htm,9.425073984396018,3.4737691686844228,4.983050847457627,2.730562281409739,10.709174065106268,43.2998385794996,24.023944040893195,43.2998385794996,8.227199354317998,2790649260000.0,2822388260000.0,27.0160437964684,39.82886507007679,75.33336734693877,137.47717917138775,8.669547331239455,8.669547331239455,40.28185225358947,69.32741175603645,76.19015927005722,139.04075373171094,0.0092537605388647,0.0072739345251864,0.1881599671938637,0.1076509356159708,0.7796173024489695,1.3715916852004273,53.87205387205388,1.4344795539033457,0.0022105966838699,0.2388863073110285,0.0247909114263694,0.1170039676876088,0.2546940763280628,0.452030018356549,0.2389889532726286,1.915903890160183,0.0425313276054006,58.1747969140912,0.058342382928688,0.0615843959487464,-16.400591875168146,42438000000.0,178594000000.0,-84089000000.0,394149000000.0,49944000000.0,24429000000.0,878500000.0,66.40881454628493,107.78320178840276,3.4819106711072587,1.3552417794970986,0.8350095238095238,25.847877358490567,0.0802259149836435,2.252488566047888,2025-04-30,3.22,amc,68439856878.0,2025-05-11,2025-03-31,0.0745341614906831,,
2024-12-31,MSFT,USD,789019,2025-01-29,2025-01-29 16:11:54,2025,Q2,69632000000.0,21799000000.0,47833000000.0,0.6869399127,7917000000,1823000000.0,6440000000.0,8263000000.0,0.0,16180000000.0,37979000000.0,600000000.0,594000000.0,6827000000.0,36786000000.0,0.5282915901,31653000000.0,0.4545754825,-2288000000.0,29365000000.0,0.4217170267,5257000000.0,24108000000.0,0.3462201287,3.24,3.23,7435000000,7468000000,https://www.sec.gov/Archives/edgar/data/789019/000095017025010491/0000950170-25-010491-index.htm,https://www.sec.gov/Archives/edgar/data/789019/000095017025010491/msft-20241231.htm,9.365433759246804,3.242501681237391,2.998117014122394,0.8724949562878278,9.623537323470076,40.71217215870881,21.26684599865501,40.71217215870881,8.448957632817754,3133852500000.0,3178594500000.0,32.4980556246889,45.00592400045956,140.58824189134629,483.09734854324034,10.353169031533392,10.353169031533392,45.64847340303309,86.40772304681128,142.59541967610247,489.9945275165716,0.0076927679270163,0.0020699761715013,0.2055666595087464,0.1165466062806004,1.2162779318218888,1.3508201539281055,53.28787878787879,0.9246308279409324,0.0019688227190016,0.2559316409490625,0.0261804917279411,0.1136977251838235,0.27079329759617,0.7089856892916424,0.2269646139705882,2.31492602900249,0.0443617876838235,54.4996233941794,0.0603963989223724,0.0619230354308259,-16.55097511768662,38198000000.0,158119000000.0,-84123000000.0,372492000000.0,46168000000.0,22688000000.0,1267500000.0,62.28343290441177,93.34006147070968,3.752924446075508,1.4450070556985142,0.9642162066525124,23.98129812981298,0.0796445266687589,2.1256220578345664,2025-01-29,3.15,amc,68865707131.0,2025-04-29,2024-12-31,0.0253968253968254,392.25964285714286,26709506.89285714
2024-09-30,MSFT,USD,789019,2024-10-30,2024-10-30 16:07:17,2025,Q1,65585000000.0,20099000000.0,45486000000.0,0.6935427308,7544000000,1673000000.0,5717000000.0,7390000000.0,0.0,14934000000.0,35033000000.0,681000000.0,582000000.0,7383000000.0,38234000000.0,0.5829686666,30552000000.0,0.4658382252,-283000000.0,30269000000.0,0.4615232141,5602000000.0,24667000000.0,0.3761073416,3.32,3.3,7433000000,7470000000,https://www.sec.gov/Archives/edgar/data/789019/000095017024118967/0000950170-24-118967-index.htm,https://www.sec.gov/Archives/edgar/data/789019/000095017024118967/msft-20240930.htm,8.823489842593839,3.31857930848917,4.5984124848647925,2.5907439795506524,10.551459706713306,38.70886586842459,19.049912552132383,38.70886586842459,8.349253329745729,3198419900000.0,3239057900000.0,32.415979851623625,48.767552031714565,93.57577238150964,166.09128628550656,11.11631638763672,11.11631638763672,49.38717542120912,84.71668933410054,94.7647132826214,168.20158383964272,0.0077122456623034,0.0060207854509659,0.2136707875282824,0.1175458353807649,1.0628759742637444,1.3014409722222222,52.49484536082474,1.3856569505817489,0.0017427355301284,0.2259699193254145,0.0255088816040253,0.115026301745826,0.2793907608415087,0.4366003510825044,0.2275367843256842,2.0212650684003792,0.0431806053213387,53.76164924772883,0.0607167308940322,0.0654491520027169,-16.539351540427823,34726000000.0,141598000000.0,-85364000000.0,354242000000.0,50536000000.0,22382000000.0,1436000000.0,60.58275520317146,101.9513408627295,7.280959251704065,1.4855712603062423,0.8827740688685874,12.3610086100861,0.0857317628413439,2.00766850531414,2024-10-30,3.1,amc,64562402034.0,2025-04-24,2024-09-30,0.0645161290322579,407.6998333333333,22952417.7
2024-06-30,MSFT,USD,789019,2024-07-30,2024-07-30 16:06:22,2024,Q4,64727000000.0,19684000000.0,45043000000.0,0.6958919771,8056000000,2246000000.0,6816000000.0,9062000000.0,-527000000.0,17118000000.0,36802000000.0,638000000.0,701000000.0,6380000000.0,34331000000.0,0.5303968977,27925000000.0,0.4314273796,-675000000.0,27250000000.0,0.4209989649,5214000000.0,22036000000.0,0.3404452547,2.96,2.95,7433000000,7472000000,https://www.sec.gov/Archives/edgar/data/789019/000095017024087843/0000950170-24-087843-index.htm,https://www.sec.gov/Archives/edgar/data/789019/000095017024087843/msft-20240630.htm,8.708058657338894,2.9646172474101977,5.004036055428495,3.137629490111664,10.161576752320732,36.11960177586439,16.367550114354902,36.11960177586439,9.12525225346428,3394874090000.0,3443686090000.0,38.51508996641859,52.44911845134179,91.2723239682753,145.56530700626018,12.644934538154107,12.644934538154107,53.203239606346656,100.30835367452156,92.58465089393736,147.65826644370122,0.0064909623791084,0.0068697687695392,0.2500288665323286,0.1310656958819751,1.4218053654131837,1.2749549031815206,39.83594864479315,1.6879197676529316,0.0016418871075127,0.2529497186422218,0.0346995844083612,0.1244611985724658,0.2866606920062558,0.372980239279473,0.2143309592596598,2.1744514106583077,0.0416518608926723,49.084802881055765,0.0570509396253328,0.0603154270198661,-16.795237454594375,34448000000.0,121660000000.0,-83952000000.0,335817000000.0,50476500000.0,20041500000.0,1275000000.0,79.15027731858422,100.57102214996952,5.69701280227596,1.1370775068512402,0.894889979996363,15.797752808988765,0.0820777943734472,1.8664065653168305,2024-07-30,2.93,amc,64382224966.0,2025-04-24,2024-06-30,0.0068259385665529,425.94765625,20671826.796875
2024-03-31,MSFT,USD,789019,2024-04-25,2024-04-25 16:06:24,2024,Q3,61858000000.0,18505000000.0,43353000000.0,0.7008471014,7653000000,1912000000.0,6207000000.0,8119000000.0,-486000000.0,15772000000.0,34277000000.0,619000000.0,800000000.0,6027000000.0,33554000000.0,0.5424359016,27581000000.0,0.4458760387,-854000000.0,26727000000.0,0.4320702254,4788000000.0,21939000000.0,0.3546671409,2.95,2.94,7431000000,7472000000,https://www.sec.gov/Archives/edgar/data/789019/000095017024048288/0000950170-24-048288-index.htm,https://www.sec.gov/Archives/edgar/data/789019/000095017024048288/msft-20240331.htm,8.324317050195129,2.952361727896649,4.2951150585385545,2.821289193917373,10.767460637868387,34.06701655228098,14.151661956668011,34.06701655228098,10.861391468173869,3154979670000.0,3215256670000.0,35.95172603582661,51.00358353002037,98.84950559263088,150.4879403768185,12.4627878507774,12.4627878507774,51.97802499272528,95.82334952613698,100.73806028135476,153.36306558549964,0.006953769055507,0.0066450507429101,0.3156641069397042,0.1650116153012235,1.7964177147284974,1.2417633410672857,34.47625,1.4548065089566526,0.0017660969587166,0.2539769360499567,0.0309095024087426,0.1237188399236962,0.3055928965980073,0.3431400194253846,0.1770506644249733,1.8171561307449808,0.0436968540851627,47.571088979368135,0.0582703455524665,0.0652394999464738,-15.803559413268738,28655000000.0,105161000000.0,-83943000000.0,315392000000.0,43430000000.0,17891000000.0,1459500000.0,64.05978208154158,87.96703593623346,6.342069710888949,1.4049376547275658,1.023110521368939,14.1909509202454,0.0866633485020857,1.4738258646211817,2024-04-25,2.82,amc,60861823613.0,2025-04-24,2024-03-31,0.0425531914893617,427.465625,19833730.546875
2023-12-31,MSFT,USD,789019,2024-01-30,2024-01-30 16:05:46,2024,Q2,62020000000.0,19623000000.0,42397000000.0,0.6836020639,7142000000,1977000000.0,6246000000.0,8223000000.0,-169000000.0,15365000000.0,34988000000.0,734000000.0,909000000.0,5959000000.0,33394000000.0,0.5384392132,27032000000.0,0.4358594002,-506000000.0,26526000000.0,0.4277007417,4656000000.0,21870000000.0,0.3526281845,2.94,2.93,7432000000,7468000000,https://www.sec.gov/Archives/edgar/data/789019/000095017024008814/0000950170-24-008814-index.htm,https://www.sec.gov/Archives/edgar/data/789019/000095017024008814/msft-20231231.htm,8.344994617868675,2.942680301399354,2.5367330462863293,1.2268568353067817,10.896393972012918,32.05974165769645,12.034580193756728,32.05974165769645,12.01332077502691,2794729280000.0,2865798280000.0,31.94706538637403,45.06174266365689,148.23790802524798,306.50683044527307,11.729352158074102,11.729352158074102,46.20764721057724,85.81776007666048,152.00754680952633,314.3011932441325,0.0078254449032,0.0032625700332591,0.3709016737455302,0.1878068165879657,2.128196682038689,1.2179629139948436,29.73817381738174,0.8620484682213078,0.0019944686735453,0.2548696844993141,0.03187681393099,0.1151564011609158,0.3162776958419578,0.5163634434837957,0.1569654950016124,1.6336633663366336,0.0455981941309255,46.07260933017851,0.0588311575154391,0.06797604209728,-15.928047631862215,26377000000.0,89441000000.0,-84897000000.0,303910000000.0,39892000000.0,18501000000.0,2307500000.0,62.153982586262494,81.1573153951995,7.407124292921571,1.4480166234736522,1.1089573325798248,12.15046439628483,0.0917873990632397,1.309876210979548,2024-01-30,2.78,amc,56239300000.0,2025-04-24,2023-12-31,0.0539568345323742,422.31952380952384,19004452.968253966
2023-09-30,MSFT,USD,789019,2023-10-24,2023-10-24 16:07:40,2024,Q1,56517000000.0,16302000000.0,40215000000.0,0.7115558151,6659000000,1474000000.0,5187000000.0,6661000000.0,-137000000.0,13320000000.0,29622000000.0,1166000000.0,525000000.0,3921000000.0,31730000000.0,0.5614239963,26895000000.0,0.4758745156,389000000.0,27284000000.0,0.4827574004,4993000000.0,22291000000.0,0.3944123007,3.0,2.99,7429000000,7462000000,https://www.sec.gov/Archives/edgar/data/789019/000095017023054855/0000950170-23-054855-index.htm,https://www.sec.gov/Archives/edgar/data/789019/000095017023054855/msft-20230930.htm,7.607618791223583,3.000538430475165,4.116704805491991,2.7818010499394266,19.37609368690268,29.70978597388612,19.387400726881143,29.70978597388612,11.510835913312691,2345706750000.0,2350243750000.0,26.30777836346508,41.50444556505122,76.699694274597,113.50560098712862,10.627811330500103,10.627811330500103,41.58472229594635,74.07008351717617,76.84804466533696,113.72514032710733,0.0095028928914494,0.0088101379253821,0.3850639288853448,0.1906502013302376,0.1429877087929404,1.663455990768639,51.22857142857143,1.371988694989009,0.0021532955899112,0.2265936925216455,0.0260806483005113,0.1178229559247659,0.1720223874737822,0.3242651146061537,0.1754693278128704,2.5292017342514663,0.0443583346603676,44.78582898592299,0.0626822138965118,0.0603928474668111,-6.987649750975905,82794000000.0,144029000000.0,-17485000000.0,277416000000.0,42820500000.0,18701000000.0,2750000000.0,58.84548012102554,106.58998895841,16.562384983437614,1.5294292750250318,0.8443569689749831,5.434,0.1009949527442753,1.3349037555525642,2023-10-24,2.65,amc,54489000000.0,2025-04-24,2023-09-30,0.1283018867924529,404.8216393442623,22936728.83606557
2023-06-30,MSFT,USD,789019,2023-07-27,2023-07-27 16:01:56,2023,Q4,56189000000.0,16795000000.0,39394000000.0,0.7010980797,6739000000,2197000000.0,6204000000.0,8401000000.0,-61000000.0,15140000000.0,31935000000.0,905000000.0,482000000.0,3874000000.0,29083000000.0,0.5175924113,24254000000.0,0.431650323,473000000.0,24727000000.0,0.4400683408,4646000000.0,20081000000.0,0.3573831177,2.7,2.69,7434000000,7467000000,https://www.sec.gov/Archives/edgar/data/789019/000095017023035122/0000950170-23-035122-index.htm,https://www.sec.gov/Archives/edgar/data/789019/000095017023035122/msft-20230630.htm,7.558380414312618,2.7012375571697604,3.870056497175141,2.667070217917676,14.965832660747916,27.74051654560129,17.34880279795534,27.74051654560129,8.131154156577885,2531574360000.0,2556835360000.0,31.517035506199893,45.05462563847016,87.99354744525547,127.68317748524738,12.275906955092305,12.275906955092305,45.504197618751,87.91511742254926,88.87158011817866,128.9572481969032,0.0079322181158447,0.0078318852937031,0.2907774593522546,0.145554595413325,0.8685830210088368,1.76916725076573,50.3195020746888,1.432697574821971,0.0019963861539504,0.2516806931925701,0.0391001797504849,0.1199345067539909,0.1875157776181136,0.310844629822732,0.1591592660485148,2.308466701084151,0.0429977397711295,41.06103768581617,0.0629144317672409,0.0599927104121604,-7.631288673661555,80108000000.0,128971000000.0,-21496000000.0,267347000000.0,43054000000.0,16700000000.0,2688500000.0,77.98537080211429,96.96635903542722,13.396844298898484,1.1540626026947092,0.9281569494335452,6.718,0.0973751715376073,1.2029862792574657,2023-07-25,2.55,amc,55470200000.0,2025-04-24,2023-06-30,0.0549019607843137,355.9301587301587,25828747.634920634
2023-03-31,MSFT,USD,789019,2023-04-25,2023-04-25 16:07:43,2023,Q3,52857000000.0,16128000000.0,36729000000.0,0.694874851,6984000000,1643000000.0,5750000000.0,7393000000.0,-93000000.0,14377000000.0,30505000000.0,748000000.0,496000000.0,3549000000.0,26718000000.0,0.5054770418,22352000000.0,0.4228768186,321000000.0,22673000000.0,0.428949808,4374000000.0,18299000000.0,0.346198233,2.46,2.45,7441000000,7464000000,https://www.sec.gov/Archives/edgar/data/789019/000095017023014423/0000950170-23-014423-index.htm,https://www.sec.gov/Archives/edgar/data/789019/000095017023014423/msft-20230331.htm,7.103480714957667,2.4592124714420103,3.284639161403037,2.396720870850692,14.032925682031983,26.163553285848675,15.705415938717914,26.163553285848675,8.200241902970031,2145240300000.0,2179200300000.0,29.30816301437237,40.585736988478345,87.77219835522278,120.28935179993272,11.01914548265642,11.01914548265642,41.22822521141949,81.56300247024478,89.16166687124095,122.19357967926432,0.0085300467271661,0.0083132877934467,0.310874601274893,0.1592315463787333,1.2710532225465978,1.9125579115659752,45.064516129032256,1.335646756653369,0.0023582439692187,0.2764631947100934,0.0310838677942372,0.1321300868380725,0.2047394287638652,0.2703244548095413,0.1249976351287436,1.861651169343477,0.0466352611763815,38.04850945964144,0.0600046775097926,0.0605387916061521,-6.918760919231286,78198000000.0,116864000000.0,-21516000000.0,258028000000.0,36626500000.0,15329500000.0,2928500000.0,63.71530733866848,85.40736607142857,16.0546875,1.4125334045964724,1.0537732767069583,5.605839416058394,0.0939938258605014,0.8879182905523452,2023-04-25,2.23,amc,51017600000.0,2025-04-24,2023-03-31,0.0986547085201794,330.4428571428572,24815799.01587301
2022-12-31,MSFT,USD,789019,2023-01-24,2023-01-24 16:34:20,2023,Q2,52747000000.0,17488000000.0,35259000000.0,0.668455078,6844000000,2337000000.0,5679000000.0,8016000000.0,0.0,14860000000.0,32348000000.0,700000000.0,490000000.0,3648000000.0,24477000000.0,0.4640453486,20399000000.0,0.3867328948,-60000000.0,20339000000.0,0.3855953893,3914000000.0,16425000000.0,0.3113921171,2.2,2.2,7451000000,7473000000,https://www.sec.gov/Archives/edgar/data/789019/000156459023000733/0001564590-23-000733-index.htm,https://www.sec.gov/Archives/edgar/data/789019/000156459023000733/msft-10q_20221231.htm,7.079184002147363,2.2044020936787008,1.4995302643940411,0.6574956381693733,13.353241175681116,24.578714266541404,14.075426117299692,24.578714266541404,8.1336733324386,1786898820000.0,1831366820000.0,27.197851141552512,33.87678578876524,159.93008323637338,364.74766687078994,9.757223156561244,9.757223156561244,34.719828995013934,74.81990521714262,163.91003490557594,373.8246213512962,0.0091919026506492,0.0027416213750703,0.3282478595142408,0.164898286115561,1.816725905952527,1.9313125627156809,41.63061224489796,0.6802435312024353,0.0028350793807116,0.3084322678843226,0.0443058372988037,0.1297514550590555,0.2146744497355658,0.5615322652823772,0.1189451532788594,1.7198464912280702,0.048116480558136,34.91533770071005,0.057432412386421,0.0573714948374387,-7.187793584753725,76105000000.0,104876000000.0,-23593000000.0,250744000000.0,33556000000.0,15981500000.0,3624000000.0,61.14034921417332,79.0176120768527,15.33623055809698,1.4720229955627495,1.1389865833007686,5.868456375838926,0.0896874453957714,0.8420346262246678,2023-01-24,2.29,amc,52986736747.0,2025-04-24,2022-12-31,0.0131004366812226,313.408064516129,27421389.032258064
2022-09-30,MSFT,USD,789019,2022-10-25,2022-10-25 16:08:55,2023,Q1,50122000000.0,15452000000.0,34670000000.0,0.6917122222,6628000000,1398000000.0,5126000000.0,6524000000.0,-31000000.0,13152000000.0,28604000000.0,641000000.0,500000000.0,2790000000.0,24862000000.0,0.4960296876,21518000000.0,0.4293124776,54000000.0,21572000000.0,0.4303898488,4016000000.0,17556000000.0,0.3502653525,2.35,2.35,7457000000,7485000000,https://www.sec.gov/Archives/edgar/data/789019/000156459022035087/0001564590-22-035087-index.htm,https://www.sec.gov/Archives/edgar/data/789019/000156459022035087/msft-10q_20220930.htm,6.721469759957087,2.354297975056993,3.110902507710876,2.268338473917125,14.381654820973582,23.27557999195387,12.779804210808637,23.27557999195387,8.150999061284699,1736735300000.0,1774133300000.0,24.731363921166555,34.650159610550254,74.86573411500991,102.67427135678392,10.006195337796573,10.006195337796573,35.39629903036591,71.35923497707344,76.47785584964221,104.88520839491576,0.0101086216189651,0.0097395383165183,0.3473145662168858,0.1675505303181909,1.504223312686027,1.840185835745917,43.036,1.321371610845295,0.0026607393769217,0.2632148553201184,0.0278919436574757,0.1322373408882327,0.2175388566473217,0.2708423139925855,0.1253541359083835,2.2519713261648744,0.0437332907705199,35.11334709159775,0.0635316443069759,0.0623621308837476,-7.158475258146708,73423000000.0,95299000000.0,-25406000000.0,242074000000.0,37770000000.0,17804500000.0,4005000000.0,56.16515701687881,96.73893347139528,24.85891793942532,1.602416957063845,0.9303389728460472,3.620431115276476,0.1011488425152391,0.8425640337937509,2022-10-25,2.3,amc,49609203885.0,2025-04-24,2022-09-30,0.0217391304347827,255.07983870967743,32733250.04838709
2022-06-30,MSFT,USD,789019,2022-07-28,2022-07-28 16:06:19,2022,Q4,51865000000.0,16429000000.0,35436000000.0,0.6832353225,6849000000,1749000000.0,6304000000.0,8053000000.0,-23000000.0,14902000000.0,31331000000.0,552000000.0,496000000.0,3979000000.0,24962000000.0,0.4812879591,20534000000.0,0.3959124651,-47000000.0,20487000000.0,0.3950062663,3747000000.0,16740000000.0,0.3227610142,2.24,2.23,7474000000,7506000000,https://www.sec.gov/Archives/edgar/data/789019/000156459022026876/0001564590-22-026876-index.htm,https://www.sec.gov/Archives/edgar/data/789019/000156459022026876/msft-10k_20220630.htm,6.93938988493444,2.23976451699224,3.2952903398447955,2.375970029435376,14.015119079475514,22.28284720363928,11.736687182231735,22.28284720363928,8.264115600749264,1919547420000.0,1966886420000.0,28.66707616487455,37.010458305215465,77.93850420236306,108.09479783759431,11.525905897611413,11.525905897611413,37.92319329027282,78.7952255428251,79.8605879248041,110.76058227277846,0.0087208056574085,0.0092511390002545,0.3678951855988279,0.1679366297555092,1.8964425927409665,1.7846069708251824,41.399193548387096,1.4712664277180407,0.0024130688055625,0.2767025089605734,0.0337221633085896,0.1320543719271184,0.2160453897598947,0.2789800641520159,0.1324785500819435,1.726815782860015,0.0385038079629808,33.510258673219724,0.0615705426497893,0.0585277849645826,-7.8247591651057,74602000000.0,87720000000.0,-28614000000.0,240970000000.0,38437000000.0,17542500000.0,3519000000.0,76.80497445290658,104.08424128066224,20.49911741432832,1.1717991007885045,0.8646842105263158,4.390432923570283,0.1005151853586482,0.9193203104094192,2022-07-26,2.29,amc,52384293387.0,2025-04-24,2022-06-30,-0.0262008733624454,239.98555555555555,29810508.85714286
2022-03-31,MSFT,USD,789019,2022-04-26,2022-04-26 16:08:55,2022,Q3,49360000000.0,15615000000.0,33745000000.0,0.6836507293,6306000000,1480000000.0,5595000000.0,7075000000.0,-11000000.0,13381000000.0,28996000000.0,519000000.0,503000000.0,3773000000.0,24466000000.0,0.4956645057,20364000000.0,0.412560778,-174000000.0,20190000000.0,0.4090356564,3462000000.0,16728000000.0,0.338897893,2.23,2.22,7493000000,7534000000,https://www.sec.gov/Archives/edgar/data/789019/000156459022015675/0001564590-22-015675-index.htm,https://www.sec.gov/Archives/edgar/data/789019/000156459022015675/msft-10q_20220331.htm,6.58748164953957,2.2324836514079807,3.3879620979580944,2.6752969438142267,13.967703189643668,21.74349392766582,11.237821967169358,21.74349392766582,8.245829440811423,2310166830000.0,2358951830000.0,34.52544879842181,46.80240741491086,91.00160836681636,115.24328195151152,14.179413898504825,14.179413898504825,47.79075830632091,96.4175521131366,92.9233368785945,117.67693455053376,0.0072410354883331,0.0086772953968869,0.3761447055068621,0.1778344607045126,1.9939916618981444,1.987654799261354,40.48508946322068,1.5175753228120517,0.0020106772981412,0.2776781444285031,0.0299837925445705,0.1277552674230145,0.2284312274562037,0.2103521626093122,0.1081847649918962,1.415319374503048,0.0386142625607779,33.04837183818682,0.0627411582071968,0.0629137080274401,-6.795042039236621,76483000000.0,84205000000.0,-27761000000.0,238416000000.0,33066500000.0,15699500000.0,3157500000.0,59.464546191247976,92.70893371757926,18.9971181556196,1.5135068837580106,0.9707802300279764,4.737560679611651,0.1026736392428371,0.7126651541438677,2022-04-26,2.19,amc,49022594536.0,2025-04-24,2022-03-31,0.0136986301369864,264.049375,24808725.484375
2021-12-31,MSFT,USD,789019,2022-01-25,2022-01-25 16:09:04,2022,Q2,51728000000.0,16960000000.0,34768000000.0,0.6721311475,5758000000,1384000000.0,5379000000.0,6763000000.0,-4000000.0,12521000000.0,29481000000.0,503000000.0,525000000.0,3496000000.0,26536000000.0,0.51299103,22247000000.0,0.4300765543,268000000.0,22515000000.0,0.4352575008,3750000000.0,18765000000.0,0.3627629137,2.5,2.48,7505000000,7555000000,https://www.sec.gov/Archives/edgar/data/789019/000156459022002324/0001564590-22-002324-index.htm,https://www.sec.gov/Archives/edgar/data/789019/000156459022002324/msft-10q_20211231.htm,6.892471685542971,2.5003331112591605,1.9293804130579613,1.1479013990672884,16.70193204530313,21.320453031312457,13.541239173884078,21.320453031312457,8.601865423051299,2524081600000.0,2567509600000.0,33.62751931787903,48.79526755335602,174.3150276243094,292.9868369123621,15.774524092244237,15.774524092244237,49.63481286730591,96.75571299366898,177.31419889502763,298.0278119558909,0.0074343872242482,0.0034131226185397,0.4001749890631835,0.1881141870036928,1.6365691890262286,2.247297122951877,42.375238095238096,0.7716493471889155,0.0018430465956409,0.2479083399946709,0.0267553356016084,0.1113130219610269,0.171518468575659,0.4050414364640884,0.1133815341787813,1.6776315789473684,0.0366725951128982,34.63286415931862,0.0692169798404772,0.066541137422608,-3.781678880746169,96678000000.0,101627000000.0,-6191000000.0,234629000000.0,30434500000.0,15073000000.0,3215000000.0,58.32044540674296,81.26533018867924,16.02063679245283,1.543198090692124,1.107483348569936,5.617754223252732,0.1172739203799762,0.7814790139906729,2022-01-25,2.31,amc,50738946323.0,2025-04-24,2021-12-31,0.0735930735930735,271.4032258064516,32125704.951612905
2021-09-30,MSFT,USD,789019,2021-10-26,2021-10-26 16:11:30,2022,Q1,45317000000.0,13646000000.0,31671000000.0,0.6988768012,5599000000,1287000000.0,4547000000.0,5834000000.0,6000000.0,11433000000.0,25079000000.0,520000000.0,539000000.0,3212000000.0,24275000000.0,0.5356709403,20238000000.0,0.4465873734,286000000.0,20524000000.0,0.4528984708,19000000.0,20505000000.0,0.4524792021,2.73,2.71,7513000000,7567000000,https://www.sec.gov/Archives/edgar/data/789019/000156459021051992/0001564590-21-051992-index.htm,https://www.sec.gov/Archives/edgar/data/789019/000156459021051992/msft-10q_20210930.htm,6.031811526687076,2.729269266604552,3.266338346865433,2.493012112338613,17.381072807134302,20.228670304805004,12.475575668840676,20.228670304805004,8.502196193265007,2118064960000.0,2162237960000.0,25.823762009266037,46.73886091312311,86.31071556642216,113.08408756006406,13.93665504217716,13.93665504217716,47.713616523600415,89.0726245108136,88.11075631621841,115.4424965296316,0.0096810061953907,0.0088429771294644,0.4167576886128255,0.1888330381792271,1.8196910401647783,2.1647874031392806,37.54730983302411,1.196781272860278,0.0019857747894568,0.2051207022677395,0.0283999382130326,0.123551867952424,0.1736609245776911,0.2367563162184189,0.1282079572787254,1.8088418430884183,0.0375576494472273,35.245049067373415,0.0783270438143947,0.073980134863567,-4.078097963529881,93798000000.0,93729000000.0,-9114000000.0,227394000000.0,32696000000.0,14997500000.0,3023500000.0,54.31537833484123,97.82207240216914,22.49670233035322,1.656989286628396,0.9200377562028048,4.000586338317209,0.1349208438063404,0.7733262345268201,2021-10-26,2.07,amc,44002200000.0,2025-04-24,2021-09-30,0.0966183574879228,300.8538709677419,38382400.048387095
2021-06-30,MSFT,USD,789019,2021-07-29,2021-07-29 16:21:55,2021,Q4,46152000000.0,13991000000.0,32161000000.0,0.6968495406,5687000000,1522000000.0,5857000000.0,7379000000.0,22000000.0,13066000000.0,27057000000.0,497000000.0,553000000.0,3344000000.0,23302000000.0,0.5048968625,19095000000.0,0.4137415497,310000000.0,19405000000.0,0.420458485,2947000000.0,16458000000.0,0.3566042642,2.19,2.17,7527000000,7581000000,https://www.sec.gov/Archives/edgar/data/789019/000156459021039151/0001564590-21-039151-index.htm,https://www.sec.gov/Archives/edgar/data/789019/000156459021039151/msft-10k_20210630.htm,6.1315265045835,2.186528497409326,3.017138302112395,2.159957486382357,17.305168061644746,18.86382356848678,11.223196492626544,18.86382356848678,9.077720207253886,2039064300000.0,2092615300000.0,30.97375592417061,44.18149375975038,89.78706737120211,125.41913519498092,14.360821337014396,14.360821337014396,45.34181183914023,89.80410694360998,92.14510347864376,128.71295977364989,0.0080713491967859,0.0079732649921829,0.4773290700622588,0.2030535174471731,2.2981289159728777,2.0799936835218875,34.52983725135624,1.3798760481224936,0.0020666341909865,0.2560456920646494,0.0329779857860981,0.1232232622638238,0.1723026313818424,0.2841039189784236,0.1397989252903449,1.9294258373205744,0.0340396949211301,30.463773166803485,0.0639631235468608,0.0595725889353815,-4.209479208183871,95749000000.0,84477000000.0,-7385000000.0,224063000000.0,32182500000.0,14287500000.0,2440500000.0,74.1868174726989,97.5391322993353,16.95661496676435,1.2131535367873196,0.9227065884059884,5.307663125948407,0.1159112037636983,0.8571808157300386,2021-07-27,1.92,amc,43962700000.0,2025-04-24,2021-06-30,0.1302083333333333,324.21015625,25818458.125
2021-03-31,MSFT,USD,789019,2021-04-27,2021-04-27 16:09:38,2021,Q3,41706000000.0,13045000000.0,28661000000.0,0.6872152688,5204000000,1327000000.0,5082000000.0,6409000000.0,6000000.0,11613000000.0,24658000000.0,519000000.0,633000000.0,2936000000.0,20805000000.0,0.4988490865,17048000000.0,0.4087661248,188000000.0,17236000000.0,0.4132738695,1779000000.0,15457000000.0,0.3706181365,2.05,2.03,7539000000,7597000000,https://www.sec.gov/Archives/edgar/data/789019/000156459021020891/0001564590-21-020891-index.htm,https://www.sec.gov/Archives/edgar/data/789019/000156459021020891/msft-10q_20210331.htm,5.532033426183844,2.0502719193526997,2.941902109033028,2.266878896405359,16.634434275102798,17.841225626740947,10.171110226820533,17.841225626740947,9.01485608170845,1777470030000.0,1831098030000.0,28.74862570356473,42.61904833836858,80.1420275936697,104.00643826799298,13.214899297423887,13.214899297423887,43.90490648827507,88.0124023071377,82.55999053158394,107.14441369221768,0.0086960678600021,0.0096147893981649,0.5005761867588565,0.217981798697872,2.5776496034607064,2.29404512902913,26.93206951026856,1.4348838713851328,0.002374723583947,0.2730801578572815,0.031817963842133,0.1247782093703543,0.1872092307991155,0.2294512827449389,0.1220208123531386,1.7333106267029972,0.0365654821848175,28.688598570864546,0.0624687083282555,0.0615684275096194,-3.727682716540656,93421000000.0,76680000000.0,-8760000000.0,216864000000.0,26817000000.0,13091000000.0,2084500000.0,56.80189900733708,92.5320045994634,15.488692985818322,1.584454068839754,0.9726364449746496,5.810690423162583,0.1149176610534924,0.6750232126276694,2021-04-27,1.78,amc,41032800000.0,2025-04-24,2021-03-31,0.095505617977528,290.9503125,22921054.25
2020-12-31,MSFT,USD,789019,2021-01-26,2021-01-26 16:09:34,2021,Q2,43076000000.0,14194000000.0,28882000000.0,0.6704893676,4899000000,1139000000.0,4947000000.0,6086000000.0,70000000.0,10985000000.0,25179000000.0,545000000.0,571000000.0,2761000000.0,21669000000.0,0.5030411366,17897000000.0,0.4154749745,440000000.0,18337000000.0,0.4256894791,2874000000.0,15463000000.0,0.3589701922,2.05,2.03,7555000000,7616000000,https://www.sec.gov/Archives/edgar/data/789019/000156459021002316/0001564590-21-002316-index.htm,https://www.sec.gov/Archives/edgar/data/789019/000156459021002316/msft-10q_20201231.htm,5.701654533421575,2.046724023825281,1.656651224354732,1.1041694242223692,17.46763732627399,17.238385175380543,10.517802779616147,17.238385175380543,9.261283917935142,1680383100000.0,1735349100000.0,27.16780540645412,39.00972931562819,134.25879674017256,201.43647806281467,12.902600663411038,12.902600663411038,40.28575308756616,80.08441090959435,138.65045541706615,208.0255454327499,0.0092020682664566,0.0049643441427136,0.5328634171811174,0.2281800635897638,2.536619133324104,2.5779124559167825,31.34325744308231,0.8094160253508375,0.0025172831124045,0.2735562310030395,0.0264416380351007,0.1137292227690593,0.1669445019843031,0.3334931287951422,0.0968985049679636,1.511771097428468,0.0363543504503667,28.17534177404262,0.0623536891213713,0.0610310108421513,-2.711714096624752,106487000000.0,79462000000.0,72000000.0,219296000000.0,25081500000.0,12639500000.0,2314500000.0,57.063794224161946,80.97083274623081,12.199520924334228,1.5771821909783246,1.1115113547376665,7.377338877338877,0.1187306121195368,0.5524818001323627,2021-01-26,1.64,amc,40189600000.0,2025-04-24,2020-12-31,0.2378048780487804,254.18238095238092,24958107.777777776
2020-09-30,MSFT,USD,789019,2020-10-27,2020-10-27 16:21:58,2021,Q1,37154000000.0,11002000000.0,26152000000.0,0.7038811433,4926000000,1119000000.0,4231000000.0,5350000000.0,0.0,10276000000.0,21278000000.0,570000000.0,589000000.0,2645000000.0,19358000000.0,0.5210206169,15876000000.0,0.4273025785,248000000.0,16124000000.0,0.4339774991,2231000000.0,13893000000.0,0.3739301287,1.84,1.82,7566000000,7637000000,https://www.sec.gov/Archives/edgar/data/789019/000156459020047996/0001564590-20-047996-index.htm,https://www.sec.gov/Archives/edgar/data/789019/000156459020047996/msft-10q_20200930.htm,4.9106529209622,1.83624107850912,2.555511498810468,1.906952154374835,18.23645255088554,16.30874966957441,9.59278350515464,16.30874966957441,9.502246893999471,1591356780000.0,1645456780000.0,28.63594580004319,42.831371588523446,82.30446237393329,110.29642223454394,12.896758136670126,12.896758136670126,44.28747321957259,85.00138340737679,85.10249702611844,114.0460756861658,0.0087302861147202,0.0090664772232911,0.577873768153527,0.2368929006880376,2.7947101973344357,2.527649309124129,26.954159592529717,1.3917080544158928,0.0024230895600922,0.2775498452458072,0.0301178877106098,0.1325833019324971,0.168813392646536,0.2537884665115076,0.1320719168864725,1.8551984877126653,0.0391882435269419,25.95771391809913,0.0576111832032386,0.0555302412585735,-2.794243986254296,107021000000.0,72579000000.0,-532000000.0,214808000000.0,27431000000.0,12519500000.0,2300000000.0,55.35312483178124,102.32775858934738,22.127794946373385,1.6259244672005602,0.8795267407466624,4.06728280961183,0.1125923884854771,0.6485593444356331,2020-10-27,1.54,amc,31438000000.0,2025-04-24,2020-09-30,0.1818181818181818,232.02147540983609,30558956.147540983
2020-06-30,MSFT,USD,789019,2020-07-30,2020-07-30 20:44:46,2020,Q4,38033000000.0,12339000000.0,25694000000.0,0.6755712145,5214000000,1656000000.0,5417000000.0,7073000000.0,15000000.0,12287000000.0,24626000000.0,595000000.0,686000000.0,3504000000.0,17612000000.0,0.4630715431,13407000000.0,0.3525096627,15000000.0,13422000000.0,0.352904057,2220000000.0,11202000000.0,0.2945336944,1.48,1.46,7580000000,7650000000,https://www.sec.gov/Archives/edgar/data/789019/000156459020034944/0001564590-20-034944-index.htm,https://www.sec.gov/Archives/edgar/data/789019/000156459020034944/msft-10k_20200630.htm,5.01754617414248,1.4778364116094986,2.4634564643799477,1.837598944591029,18.011477572559368,15.607387862796834,8.95976253298153,15.607387862796834,9.456992084432718,1542605800000.0,1600027800000.0,34.42701749687556,40.55966660531644,82.61156750388261,110.74777801708666,13.039337638625913,13.039337638625913,42.06946073147004,90.8487281399046,85.68670272586087,114.87025629980616,0.0072617385465554,0.009029526532313,0.6001318636732486,0.2356302956081922,3.260390642743584,2.515765454294012,19.543731778425656,1.666934475986431,0.0025055007572252,0.345027673629709,0.0435411353298451,0.1370914731943312,0.1672325271895151,0.2540566593477213,0.1247337838193148,1.3538812785388128,0.0354691978019088,22.78083046465711,0.0480751063430336,0.0446433553056328,-2.8396108179419524,109605000000.0,67915000000.0,-1092000000.0,212898000000.0,27355000000.0,10888000000.0,1769500000.0,75.74974364367786,91.3931436907367,13.822027716994894,1.1881228327762332,0.984756584197925,6.511345646437995,0.094688260751961,0.6258575197889182,2020-07-22,1.34,amc,34907000000.0,2025-04-24,2020-06-30,0.08955223880597,215.024375,28124794.015625
2020-03-31,MSFT,USD,789019,2020-04-29,2020-04-29 16:11:11,2020,Q3,35021000000.0,10975000000.0,24046000000.0,0.6866166015,4887000000,1273000000.0,4911000000.0,6184000000.0,-3000000.0,11071000000.0,22046000000.0,673000000.0,614000000.0,3118000000.0,16575000000.0,0.4732874561,12975000000.0,0.3704919905,-132000000.0,12843000000.0,0.3667228234,2091000000.0,10752000000.0,0.3070157905,1.41,1.4,7602000000,7675000000,https://www.sec.gov/Archives/edgar/data/789019/000156459020019706/0001564590-20-019706-index.htm,https://www.sec.gov/Archives/edgar/data/789019/000156459020019706/msft-10q_20200331.htm,4.606813996316759,1.4143646408839778,2.302551960010524,1.8070244672454616,18.10392002104709,15.061957379636938,8.626940278873981,15.061957379636938,9.796369376479872,1198911420000.0,1261059420000.0,27.876474609375,34.23407155706576,68.49356832723949,87.27607337846692,10.470750648465952,10.470750648465952,36.00866394449045,76.08201628959276,72.04407106946984,91.80020528499672,0.008968135444068,0.011457894028568,0.6450424013764072,0.2587432431012195,3.749502262443439,2.904338494557719,21.13192182410424,1.6279761904761905,0.0032329327549486,0.3604910714285714,0.0363496188001484,0.1395448445218583,0.1713756222652733,0.2152079524680073,0.1075640330087661,1.208146247594612,0.0382056480397475,21.89337225408296,0.0471278960459698,0.0454572358686001,-2.035747171796896,111798000000.0,65582000000.0,-443000000.0,210386000000.0,23112000000.0,9028500000.0,1733500000.0,58.33385682875989,75.82141230068336,13.481548974943053,1.5428432970615449,1.1869997836902444,6.675790754257908,0.0939031100165064,0.4955274927650618,2020-04-29,1.26,amc,31518900000.0,2025-04-24,2020-03-31,0.111111111111111,210.0334375,34867877.140625
2019-12-31,MSFT,USD,789019,2020-01-29,2020-01-29 16:08:43,2020,Q2,36906000000.0,12358000000.0,24548000000.0,0.6651492982,4603000000,1121000000.0,4933000000.0,6054000000.0,-19000000.0,10657000000.0,23015000000.0,688000000.0,654000000.0,3203000000.0,17942000000.0,0.4861540129,13891000000.0,0.3763886631,194000000.0,14085000000.0,0.3816452609,2436000000.0,11649000000.0,0.3156397334,1.53,1.51,7621000000,7691000000,https://www.sec.gov/Archives/edgar/data/789019/000156459020002450/0001564590-20-002450-index.htm,https://www.sec.gov/Archives/edgar/data/789019/000156459020002450/msft-10q_20191231.htm,4.842671565411363,1.5285395617373048,1.401390893583519,0.9362288413594017,17.616192100774178,14.448103923369636,7.969426584437738,14.448103923369636,10.160608843983727,1201831700000.0,1269747700000.0,25.79259378487424,32.56466970140357,112.53105805243445,168.4417238962859,10.914927026855208,10.914927026855208,34.4049124803555,70.7695741834801,118.890234082397,177.96043447792573,0.0096927048937051,0.0059367713466036,0.6973090301428584,0.271505053148228,3.7853082153606064,2.8013749161636485,21.24006116207951,0.9168168941540046,0.0032333978210093,0.3335908661687699,0.0303744648566628,0.1247222673819975,0.1745935203717193,0.3319288389513108,0.096054842031106,1.1067748985326256,0.0363084593291063,22.291281140317064,0.0500806547908241,0.0499057492931197,-2.6081550977562,107434000000.0,60735000000.0,-5611000000.0,205769000000.0,21306000000.0,8692500000.0,2222500000.0,57.36872053324662,64.16815018611426,13.27642013270756,1.568799149840595,1.4025649755986835,6.778935820076796,0.1057951666076342,0.4651620522241175,2020-01-29,1.32,amc,32262198675.0,2025-04-24,2019-12-31,0.1439393939393939,181.52492063492065,38710846.3968254
2019-09-30,MSFT,USD,789019,2019-10-23,2019-10-23 16:09:48,2020,Q1,33055000000.0,10406000000.0,22649000000.0,0.6851913478,4565000000,1061000000.0,4337000000.0,5398000000.0,-18000000.0,9963000000.0,20369000000.0,724000000.0,637000000.0,2971000000.0,16294000000.0,0.4929360157,12686000000.0,0.3837846014,0.0,12686000000.0,0.3837846014,2008000000.0,10678000000.0,0.323037362,1.4,1.38,7634000000,7710000000,https://www.sec.gov/Archives/edgar/data/789019/000156459019037549/0001564590-19-037549-index.htm,https://www.sec.gov/Archives/edgar/data/789019/000156459019037549/msft-10q_20190930.htm,4.329971181556196,1.398742467906733,1.810060256746136,1.366649200943149,17.898349489127586,13.89324076499869,7.39324076499869,13.89324076499869,10.059077809798271,1061355020000.0,1124392020000.0,24.84910610601236,32.10875873544093,76.80959762628456,101.7305683887664,10.007024448194906,10.007024448194906,34.01579246710029,69.00650668957898,81.37154580981328,107.77264641042844,0.01006072407327,0.0098298870815158,0.7180207616371711,0.2729974368625764,3.868724683932736,2.8544684951305963,19.915227629513343,1.2940625585315602,0.0033070932288048,0.3287132421801835,0.0320980184540916,0.1381031613976705,0.1778817371977559,0.2449703285569547,0.1024050824383603,1.1393470212049814,0.0381787929208894,20.910379771402425,0.0477007335138081,0.0465609111601419,-2.7026133088813205,107778000000.0,56440000000.0,-6998000000.0,203698000000.0,24305500000.0,8978000000.0,2342500000.0,51.96883981243382,74.15529502210264,22.67730155679416,1.7318069890501389,1.2136692325635643,3.9687261632341726,0.1006779117677563,0.4434110558029866,2019-10-23,1.25,amc,29941123188.0,2025-04-24,2019-09-30,0.1039999999999999,164.4490322580645,49356518.161290325
2019-06-30,MSFT,USD,789019,2019-08-01,2019-08-01 16:09:55,2019,Q4,33717000000.0,10412000000.0,23305000000.0,0.691194353,4513000000,1425000000.0,4962000000.0,6387000000.0,-121000000.0,10900000000.0,21312000000.0,709000000.0,669000000.0,2924000000.0,16189000000.0,0.4801435478,12405000000.0,0.367915295,191000000.0,12596000000.0,0.3735800931,-591000000.0,13187000000.0,0.391108343,1.72,1.71,7655000000,7730000000,https://www.sec.gov/Archives/edgar/data/789019/000156459019027952/0001564590-19-027952-index.htm,https://www.sec.gov/Archives/edgar/data/789019/000156459019027952/msft-10k_20190630.htm,4.404572175048988,1.7226649248856956,2.104245591116917,1.5750489875898106,17.481254082299152,13.36773350751143,6.865316786414108,13.36773350751143,10.32462442847812,1038630400000.0,1105640400000.0,19.690422385682872,30.804353886763355,64.47916563198412,86.14335240938874,10.149813348969024,10.149813348969024,32.79177862799182,68.29578108592254,68.63921033027067,91.7011196815128,0.0126965280430844,0.0116085568071182,0.7658164761067136,0.2734753416435182,4.139230341589968,2.5288389513108616,18.542600896860986,1.221506028664594,0.0033900413467581,0.267005384090392,0.0422635465788771,0.1338493934810333,0.1737042672287441,0.2514899428855227,0.1201471068007236,1.3854309165526677,0.0352937687220096,22.762531205222025,0.0583288645307767,0.055693048399358,-3.557478772044415,106132000000.0,52554000000.0,-8674000000.0,199764000000.0,24396500000.0,8463000000.0,2007000000.0,78.807723107038,81.09681137149443,17.83230887437572,1.1420200514835388,1.1097846940950755,5.047018904507998,0.1288673898172579,0.5291966035271065,2019-07-18,1.21,amc,29779248175.0,2025-04-24,2019-06-30,0.1322314049586778,146.90546875,22016338.71875
2019-03-31,MSFT,USD,789019,2019-04-24,2019-04-24 16:10:10,2019,Q3,30571000000.0,10170000000.0,20401000000.0,0.667331785,4316000000,1179000000.0,4565000000.0,5744000000.0,16000000.0,10060000000.0,20230000000.0,668000000.0,671000000.0,2926000000.0,14083000000.0,0.4606653364,10341000000.0,0.3382617513,145000000.0,10486000000.0,0.3430048085,1677000000.0,8809000000.0,0.2881488993,1.15,1.14,7672000000,7744000000,https://www.sec.gov/Archives/edgar/data/789019/000156459019012709/0001564590-19-012709-index.htm,https://www.sec.gov/Archives/edgar/data/789019/000156459019012709/msft-10q_20190331.htm,3.9847497393117832,1.1482012513034412,1.762252346193952,1.427919708029197,17.15563086548488,12.364963503649635,5.85245046923879,12.364963503649635,10.39403023983316,913121440000.0,980981440000.0,25.91444658871608,29.86887704033234,67.53856804733728,83.35202555910543,9.625584415584417,9.625584415584417,32.088627784501654,69.65713555350422,72.55779881656805,89.54645732542218,0.0096471286447944,0.0119973089231154,0.833530106257379,0.3003331041738674,4.818575587587872,2.9685115389614007,15.411326378539494,1.534793960721989,0.0038614798049205,0.4002724486320808,0.0385659612050636,0.1411795492460174,0.1897744235246751,0.1897189349112426,0.0839030453697949,0.8766233766233766,0.0383369860325144,17.872968353417615,0.0402305762880013,0.0412953491751712,-2.7856816996871743,106026000000.0,44900000000.0,-8530000000.0,196759000000.0,19474500000.0,7553500000.0,1956000000.0,56.72729056949396,66.76106194690266,17.265486725663717,1.5865379625304894,1.3480911983032873,5.21271143003588,0.0928592511384719,0.3343326381647549,2019-04-24,1.0,amc,26816666666.0,2025-04-24,2019-03-31,0.1399999999999999,137.51328125,24184014.84375
2018-12-31,MSFT,USD,789019,2019-01-30,2019-01-30 16:09:56,2019,Q2,32471000000.0,12423000000.0,20048000000.0,0.6174124603,4070000000,1132000000.0,4588000000.0,5720000000.0,34000000.0,9790000000.0,22213000000.0,704000000.0,672000000.0,2995000000.0,14052000000.0,0.4327553817,10258000000.0,0.3159126605,127000000.0,10385000000.0,0.3198238428,1965000000.0,8420000000.0,0.2593083059,1.09,1.08,7692000000,7768000000,https://www.sec.gov/Archives/edgar/data/789019/000156459019001392/0001564590-19-001392-index.htm,https://www.sec.gov/Archives/edgar/data/789019/000156459019001392/msft-10q_20181231.htm,4.221398855954238,1.09464378575143,1.157046281851274,0.6751170046801872,16.596723868954758,11.977119084763393,5.469188767550702,11.977119084763393,10.338533541341654,781276440000.0,853490440000.0,23.19704394299287,24.060744664469837,87.78386966292133,150.44799537839398,8.480336488364014,8.480336488364014,26.284698346216626,60.73800455451181,95.897802247191,164.35402272289622,0.0107772352638715,0.0066468150505088,0.8558961444946162,0.3046137086212958,5.139054938798748,3.1176517349656185,15.264880952380953,1.0570071258907363,0.0045361664816105,0.4209026128266033,0.0348618767515629,0.1253426134088879,0.1933832704290753,0.4165168539325842,0.1141634073480952,1.237729549248748,0.0364325090080379,17.175280987226227,0.0392207299556719,0.0403256704980842,-3.032826313052522,106556000000.0,42069000000.0,-9857000000.0,196138000000.0,18535000000.0,8037000000.0,2787500000.0,54.5471343660497,54.79111325766723,14.206713354262254,1.64994918699187,1.64260214200714,6.335033146353901,0.091394581451893,0.4819292771710868,2019-01-30,1.09,amc,32175809090.0,2025-04-24,2018-12-31,0.0091743119266055,126.95539682539682,23630186.19047619
2018-09-30,MSFT,USD,789019,2018-10-24,2018-10-24 16:13:07,2019,Q1,29084000000.0,9905000000.0,19179000000.0,0.6594347408,3977000000,1149000000.0,4098000000.0,5247000000.0,14000000.0,9224000000.0,19129000000.0,681000000.0,674000000.0,2837000000.0,13732000000.0,0.4721496355,9955000000.0,0.3422844175,266000000.0,10221000000.0,0.3514303397,1397000000.0,8824000000.0,0.3033970568,1.15,1.14,7673000000,7766000000,https://www.sec.gov/Archives/edgar/data/789019/000156459018024893/0001564590-18-024893-index.htm,https://www.sec.gov/Archives/edgar/data/789019/000156459018024893/msft-10q_20180930.htm,3.790433989313176,1.1500065163560538,1.7798774925061904,1.310439202398019,17.708849211520917,11.203831617359572,5.543203440635996,11.203831617359572,10.759285807376514,887075530000.0,953820530000.0,25.132466285131457,30.500465204236008,64.953908618291,88.22233018398806,10.318791280375027,10.318791280375027,32.795369619034524,69.45969487328867,69.84114593248883,94.8603212332173,0.0099472927632216,0.0113349987232766,0.952481766259146,0.3178414635566476,4.86054471307894,2.91762176377561,14.770029673590503,1.5477107887579329,0.0036299051107857,0.3649138712601995,0.0395062577362123,0.1367418511896575,0.1685978130495033,0.2637475287398403,0.1238481639389355,1.2696510398308072,0.0380621647641314,17.026473087010377,0.041351029963404,0.0411980297406447,-2.7267691906685783,107918000000.0,42533000000.0,-7457000000.0,189516000000.0,21935500000.0,8564000000.0,3138000000.0,53.813093109613526,77.3336698637052,32.837960625946494,1.672455434157562,1.1637880390083422,2.7407304925290537,0.102644037828469,0.4694382901081715,2018-10-24,0.96,amc,24491789473.0,2025-04-24,2018-09-30,0.1874999999999999,109.10295081967212,29055825.81967213
2018-06-30,MSFT,USD,789019,2018-08-03,2018-08-03 11:03:33,2018,Q4,30085000000.0,9742000000.0,20343000000.0,0.6761841449,3933000000,1271000000.0,4760000000.0,6031000000.0,-61000000.0,9964000000.0,19706000000.0,0.0,672000000.0,2516000000.0,13868000000.0,0.4609606116,10379000000.0,0.3449891973,301000000.0,10680000000.0,0.3549941831,1807000000.0,8873000000.0,0.2949310288,1.15,1.14,7683000000,7775000000,https://www.sec.gov/Archives/edgar/data/789019/000156459018019062/0001564590-18-019062-index.htm,https://www.sec.gov/Archives/edgar/data/789019/000156459018019062/msft-10k_20180630.htm,3.9157881036053626,1.1548874137706624,1.4861382272549786,0.9681114148119224,17.41090719770923,10.76636730443837,5.073799297149551,10.76636730443837,10.735389821684238,757620630000.0,827482630000.0,21.34623661670236,25.182670101379426,66.35318181818181,101.8581110513579,9.159078193379916,9.159078193379916,27.504823998670435,59.66849077011826,72.47176650902084,111.25068970153266,0.0117116662992664,0.0098175784891179,0.9889987668947507,0.3160464828779824,5.037640611479666,2.900800164136233,15.444940476190476,1.2868252000450806,0.004258067787832,0.3635748901160825,0.04224696692704,0.1307295994681735,0.1689640252194338,0.348572429497285,0.1322918397872694,1.5818759936406994,0.0336380255941499,16.726138139701483,0.0421952046003721,0.0412482799657852,-2.7554666146036704,111174000000.0,38982000000.0,-6468000000.0,191056000000.0,21844500000.0,8120000000.0,2373000000.0,79.2185474488948,79.60685690823239,24.59248614247588,1.1360975793965484,1.130555877915748,3.6596543951915854,0.1072680674097536,0.5180268124430562,2018-07-19,1.08,amc,28753805309.0,2025-04-24,2018-06-30,0.0462962962962961,107.11920634920637,41144315.26984127
2018-03-31,MSFT,USD,789019,2018-04-26,2018-04-26 16:10:21,2018,Q3,26819000000.0,9269000000.0,17550000000.0,0.6543868153,3715000000,1208000000.0,4335000000.0,5543000000.0,7000000.0,9258000000.0,18527000000.0,575000000.0,691000000.0,2710000000.0,12042000000.0,0.4490100302,8292000000.0,0.3091837876,349000000.0,8641000000.0,0.3221969499,1217000000.0,7424000000.0,0.2768186733,0.96,0.95,7698000000,7794000000,https://www.sec.gov/Archives/edgar/data/789019/000156459018009307/0001564590-18-009307-index.htm,https://www.sec.gov/Archives/edgar/data/789019/000156459018009307/msft-10q_20180331.htm,3.4838919199792158,0.9644063393089114,1.5784619381657574,1.1973239802546116,17.182385035074045,10.293452844894778,4.56131462717589,10.293452844894778,10.859833723044948,702596460000.0,776283460000.0,23.65963294719828,26.19771281554122,57.82211011439387,76.22832374959314,8.86680119638057,8.86680119638057,28.945279838920168,64.46466201627636,63.88638465969879,84.22300748616686,0.0105665206454356,0.013118483403688,1.0463029568772952,0.3377149211599327,6.119166251453247,3.395812108468992,12.0,1.63671875,0.0046000801085732,0.4353448275862069,0.0450426936127372,0.1385211976583765,0.1797415039694986,0.2414616080980989,0.1094000522017972,1.0826568265682657,0.0361311010850516,14.945203293443758,0.0350872642619303,0.0368672748310332,-2.6032735775526112,110526000000.0,35113000000.0,-9599000000.0,189440000000.0,17818000000.0,7736500000.0,2043500000.0,57.74711957940266,74.01769338655734,20.235192577408565,1.5585192933519294,1.2159254886527613,4.447696737044146,0.0936912379005287,0.3811379579111457,2018-04-26,0.85,amc,23995947368.0,2025-04-24,2018-03-31,0.1176470588235293,108.40746031746032,23910926.36507937
2017-12-31,MSFT,USD,789019,2018-01-31,2018-01-31 16:10:10,2018,Q2,28918000000.0,11064000000.0,17854000000.0,0.6174009268,3504000000,1109000000.0,4562000000.0,5671000000.0,34000000.0,9175000000.0,20239000000.0,530000000.0,698000000.0,2536000000.0,12403000000.0,0.4289024137,8679000000.0,0.3001244899,490000000.0,9169000000.0,0.3170689536,15471000000.0,-6302000000.0,-0.2179265509,-0.82,-0.82,7710000000,7710000000,https://www.sec.gov/Archives/edgar/data/789019/000156459018001129/0001564590-18-001129-index.htm,https://www.sec.gov/Archives/edgar/data/789019/000156459018001129/msft-10q_20171231.htm,3.750713359273671,-0.8173800259403372,1.0214007782101169,0.6859922178988327,18.51880674448768,10.163424124513618,4.4060959792477306,10.163424124513618,12.399221789883269,659513400000.0,741554400000.0,-26.16286099650905,22.80632823846739,83.74773333333334,124.69529211571184,8.41645482388974,8.41645482388974,25.643350162528527,59.7883092800129,94.1656380952381,140.2069200226886,-0.00955552988006,0.0080195489583683,1.21107708014293,0.3706987808736616,6.614609368701121,2.8852992306235907,12.434097421203438,-1.2496033005395113,0.004909680379504,-0.513805141225008,0.0383498167231482,0.1211702054083961,0.1733924993066487,0.3283809523809524,0.0894252714572238,1.0197160883280758,0.034096410540148,,-0.0278988250719784,-0.0297806383320574,-2.599286640726329,109534000000.0,33971000000.0,-10010000000.0,186976000000.0,16494500000.0,7358000000.0,2607000000.0,57.35251400511792,63.85574837310195,16.29338394793926,1.5692424571304535,1.4094267515923566,5.523714428357464,-0.080423685553854,0.335408560311284,2018-01-31,0.86,amc,26206937500.0,2025-04-24,2017-12-31,0.1162790697674418,96.9203125,27816601.4375
2017-09-30,MSFT,USD,789019,2017-10-26,2017-10-26 16:08:58,2018,Q1,24538000000.0,8278000000.0,16260000000.0,0.6626456924,3574000000,1166000000.0,3812000000.0,4978000000.0,-39000000.0,8552000000.0,16830000000.0,473000000.0,672000000.0,2499000000.0,11155000000.0,0.454601027,7708000000.0,0.3141250306,276000000.0,7984000000.0,0.325372891,1408000000.0,6576000000.0,0.2679925014,0.85,0.84,7708000000,7799000000,https://www.sec.gov/Archives/edgar/data/789019/000156459017020171/0001564590-17-020171-index.htm,https://www.sec.gov/Archives/edgar/data/789019/000156459017020171/msft-10q_20170930.htm,3.183445770627919,0.8531395952257395,1.6139076284379863,1.3373118837571354,17.9645822522055,11.630384016606124,5.793980280228334,11.630384016606124,11.924623767514271,574168920000.0,658527920000.0,21.82819799270073,23.3991735267748,46.15505787781351,55.70129220023283,6.404775619931509,6.404775619931509,26.83706577553183,59.034327207530254,52.93632797427653,63.88512999611952,0.0114530755165222,0.0179529048698769,1.0178031612881635,0.3662950577485879,7.562438368444644,3.119848881139204,11.470238095238097,1.891727493917275,0.0052301681533023,0.4566605839416058,0.047518135137338,0.1456516423506398,0.1806003283861307,0.1713826366559485,0.0868856467519765,0.8531412565026011,0.039652783437933,14.94164231353312,0.0307141360349362,0.0322179217088824,-1.0966203943954334,109416000000.0,44660000000.0,1581000000.0,186056000000.0,18496000000.0,7128000000.0,2696000000.0,53.406553101312255,74.64846581299831,34.91060642667311,1.6851864569741088,1.2056510340809787,2.578013080037372,0.0733543788414559,0.2765957446808511,2017-10-26,0.72,amc,21032571428.0,2025-04-24,2017-09-30,0.1666666666666666,91.45,33617662.40983607
2017-06-30,MSFT,USD,789019,2017-08-02,2017-08-02 16:15:01,2017,Q4,23317000000.0,8456000000.0,14861000000.0,0.6373461423,3514000000,1355000000.0,4356000000.0,5711000000.0,-23000000.0,9225000000.0,17681000000.0,0.0,655000000.0,2343000000.0,8543000000.0,0.366385041,5330000000.0,0.2285885834,215000000.0,5545000000.0,0.2378093237,-968000000.0,6513000000.0,0.2793240983,0.84,0.83,7715000000,7806000000,https://www.sec.gov/Archives/edgar/data/789019/000156459017014900/0001564590-17-014900-index.htm,https://www.sec.gov/Archives/edgar/data/789019/000156459017014900/msft-10k_20170630.htm,3.022294232015554,0.8441996111471161,1.4264419961114712,1.1305249513933897,17.236681788723267,11.368891769280625,5.506545690213869,11.368891769280625,11.95346727154893,531794950000.00006,615697950000.0,20.41282627053585,22.80717716687396,48.32303044070878,60.9716750745242,6.063035993204958,6.063035993204958,26.40553887721405,72.07046119630107,55.94711040436165,70.5913723916533,0.0122472016704934,0.0164010583402493,1.043951157779526,0.3658074722746013,9.821257169612547,2.918575657009597,8.13740458015267,1.6896975280208812,0.0056581958892238,0.4619990787655458,0.058112107046361,0.1507054938456919,0.1806865032439515,0.2074511585642889,0.0979113951194407,0.9743918053777209,0.0391559806150019,14.69511195067965,0.0305854133484434,0.0317577187883989,-1.5173363577446533,106951000000.0,42483000000.0,95000000.0,182468000000.0,17656500000.0,6803500000.0,2080000000.0,86.58017755285843,78.65421002838222,23.21310312204352,1.03949890776158,1.1442489851150204,3.877120586886749,0.0742552245442418,0.2959170447180816,2017-07-20,0.71,amc,16892928571.0,2025-04-24,2017-06-30,0.3802816901408451,82.03031746031746,21239366.01587301
2017-03-31,MSFT,USD,789019,2017-04-27,2017-04-27 16:16:04,2017,Q3,23212000000.0,8060000000.0,15152000000.0,0.6527658108,3355000000,1202000000.0,3872000000.0,5074000000.0,-40000000.0,8429000000.0,16489000000.0,0.0,609000000.0,2453000000.0,10156000000.0,0.4375323109,6723000000.0,0.2896346717,371000000.0,7094000000.0,0.3056177839,1608000000.0,5486000000.0,0.2363432707,0.71,0.7,7725000000,7813000000,https://www.sec.gov/Archives/edgar/data/789019/000156459017007547/0001564590-17-007547-index.htm,https://www.sec.gov/Archives/edgar/data/789019/000156459017007547/msft-10q_20170331.htm,3.004789644012945,0.7101618122977347,1.3799352750809062,1.160517799352751,16.313009708737866,9.02640776699029,3.1733333333333333,9.02640776699029,10.953656957928803,508768500000.0,586063500000.0,23.184856908494343,21.918339651904187,47.72687617260788,56.7505298382599,7.296368799208365,7.296368799208365,25.24829829398587,57.706134304844426,54.97781425891182,65.37239263803681,0.0107829002778277,0.0176209808586813,1.2047784996199573,0.37334068092633,7.610771957463569,2.813441015286992,11.039408866995077,1.943127962085308,0.0059201778411988,0.5490339044841415,0.0517835602274685,0.1445373082888161,0.2009403733940102,0.1590056285178236,0.0730225745304153,0.6909906237260497,0.0380406686196794,12.009568152633296,0.0287563730126389,0.030511340252055,-2.410226537216829,94308000000.0,24514000000.0,-8975000000.0,161485000000.0,13612500000.0,6398500000.0,1970000000.0,49.94744097880407,69.42059553349876,22.09801488833747,1.8018941158205248,1.2964452308187229,4.072764022233451,0.0786760171521174,0.2194174757281553,2017-04-27,0.7,amc,21182191780.0,2025-04-24,2017-03-31,0.0428571428571429,73.04587301587303,20485595.80952381
2016-12-31,MSFT,USD,789019,2017-01-26,2017-01-26 16:13:28,2017,Q2,25826000000.0,9901000000.0,15925000000.0,0.6166266553,3062000000,879000000.0,4079000000.0,4958000000.0,-172000000.0,8020000000.0,17921000000.0,0.0,521000000.0,2166000000.0,10709000000.0,0.4146596453,7905000000.0,0.3060868892,117000000.0,8022000000.0,0.3106172075,1755000000.0,6267000000.0,0.2426624332,0.81,0.8,7755000000,7830000000,https://www.sec.gov/Archives/edgar/data/789019/000156459017000654/0001564590-17-000654-index.htm,https://www.sec.gov/Archives/edgar/data/789019/000156459017000654/msft-10q_20161231.htm,3.3302385557704706,0.8081237911025145,0.8114764667956157,0.5551257253384912,15.83249516441006,8.872856221792391,3.0024500322372663,8.872856221792391,11.023984526112184,481895700000.0,558397700000.0,19.22353997127812,18.65932393711763,76.57646591450819,111.938606271777,7.003381825051956,7.003381825051956,21.621532564082703,52.14284246895135,88.73314794215796,129.70910569105692,0.0130048888172274,0.0089334683833036,1.2348675318635645,0.3783001647299764,7.143710897376039,2.0476782460056224,15.17274472168906,1.0041487154938566,0.0062752168155889,0.4825275251316419,0.0340354681328893,0.1185626887632618,0.2026846533992253,0.3159065628476084,0.0769766901572059,0.917820867959372,0.0296987531944552,12.70170223540546,0.0344069291072176,0.0349945556579278,-2.744326241134752,74162000000.0,23284000000.0,-10852000000.0,141066000000.0,12736000000.0,6438000000.0,2541500000.0,49.98335011228993,59.81214018785982,17.825472174527828,1.8005995956215577,1.5047112462006078,5.048954614992351,0.0910782019793922,0.2563507414571244,2017-01-26,0.79,amc,22929036144.0,2025-04-24,2016-12-31,0.0632911392405062,68.64825396825397,25082541.888888888
2016-09-30,MSFT,USD,789019,2016-10-20,2016-10-20 16:10:25,2017,Q1,21928000000.0,7844000000.0,14084000000.0,0.642283838,3106000000,1045000000.0,3218000000.0,4263000000.0,-15000000.0,7369000000.0,15213000000.0,0.0,437000000.0,1816000000.0,9080000000.0,0.4140824517,6715000000.0,0.3062294783,112000000.0,6827000000.0,0.3113371032,1160000000.0,5667000000.0,0.2584367019,0.73,0.72,7789000000,7876000000,https://www.sec.gov/Archives/edgar/data/789019/000119312516742796/0001193125-16-742796-index.htm,https://www.sec.gov/Archives/edgar/data/789019/000119312516742796/d245252d10q.htm,2.815252278854796,0.7275645140582874,1.482732058030556,1.2050327384773398,17.580177172936192,9.03479265631018,6.283605084092952,9.03479265631018,9.645268969058929,448646400000.0,509408400000.0,19.79205929062996,20.459978110178767,38.84720755043727,47.79953121670573,6.375353833911215,6.375353833911215,23.23095585552718,56.102246696035245,44.1084422893757,54.273215427232046,0.0126313283690674,0.0209207072652315,1.0613596316716876,0.351442660593627,6.6918502202643175,2.685070566230233,15.366132723112129,2.037938944767955,0.00624099513559,0.4940885830245279,0.047655964976286,0.1416453848960233,0.1008309649733677,0.1872889427656074,0.0986410069317767,1.191079295154185,0.0320594673476833,12.161471000402388,0.0331294521294806,0.02965540699652,0.6018423417640262,99099000000.0,48943000000.0,15757000000.0,139752000000.0,14703000000.0,6597000000.0,2686500000.0,45.67721634439985,72.23865374808771,35.82100968893422,1.970347740138377,1.2458703939008895,2.5124919923126203,0.0805291877451259,0.2776993195532161,2016-10-20,0.68,amc,18300052631.0,2025-04-24,2016-09-30,0.1176470588235293,64.08629032258064,22973447.387096774
2016-06-30,MSFT,USD,789019,2016-07-28,2016-07-28 16:12:18,2016,Q4,20614000000.0,7979000000.0,12635000000.0,0.6129329582,3146000000,1301000000.0,3998000000.0,5299000000.0,-39000000.0,8445000000.0,16424000000.0,0.0,345000000.0,1910000000.0,5602000000.0,0.2717570583,3080000000.0,0.1494130203,267000000.0,3347000000.0,0.1623653827,225000000.0,3122000000.0,0.1514504706,0.4,0.39,7842000000,7929000000,https://www.sec.gov/Archives/edgar/data/789019/000119312516662209/0001193125-16-662209-index.htm,https://www.sec.gov/Archives/edgar/data/789019/000119312516662209/d187868d10k.htm,2.628666156592706,0.3981127263453201,1.0793165008926295,0.740754909461872,14.440193828105077,9.180948737566949,6.425911757204795,9.180948737566949,6.861259882682989,401275140000.0,448226140000.0,32.13285874439462,19.466146308334142,47.40963374291115,69.07817868824239,5.573498062419268,5.573498062419268,21.743773163869218,80.0118064976794,52.95677457466919,77.16063694267515,0.0077801978961368,0.0144763515626709,0.742544828256733,0.2763299356999607,8.381113887897179,2.3528817157201343,8.927536231884059,2.7110826393337604,0.0070300891303657,0.9035874439461884,0.063112447850975,0.1526147278548559,0.1116722145264333,0.3136814744801512,0.1287959639080236,1.3900523560209423,0.0322111186572232,9.068554569382131,0.0195418760634708,0.0181656319277564,0.8419089517980107,80303000000.0,50392000000.0,18189000000.0,120264000000.0,15262000000.0,6828500000.0,2350500000.0,79.79674007955758,77.80674269958642,25.39039979947362,1.1278656234611808,1.156712090461003,3.5446468236339403,0.0433629178993569,0.3385615914307575,2016-07-19,0.58,amc,17327710144.0,2025-04-24,2016-06-30,0.1896551724137931,60.14698412698413,27642522.95238095
2016-03-31,MSFT,USD,789019,2016-04-21,2016-04-21 16:10:33,2016,Q3,20531000000.0,7722000000.0,12809000000.0,0.6238858312,2980000000,1140000000.0,3406000000.0,4546000000.0,-49000000.0,7526000000.0,15248000000.0,0.0,340000000.0,1707000000.0,7083000000.0,0.3449905022,5283000000.0,0.2573182017,-247000000.0,5036000000.0,0.2452876139,1280000000.0,3756000000.0,0.1829428669,0.48,0.47,7895000000,7985000000,https://www.sec.gov/Archives/edgar/data/789019/000119312516550254/0001193125-16-550254-index.htm,https://www.sec.gov/Archives/edgar/data/789019/000119312516550254/d256147d10q.htm,2.6005066497783407,0.4757441418619379,1.3131095630145662,1.0207726409119695,13.369474350854972,9.475110829639013,6.6369854338188725,9.475110829639013,5.919442685243825,436040850000.0,475264850000.0,29.022953274760383,21.23816911012615,42.06046590141795,54.106073954584936,5.828955565061626,5.828955565061626,23.14864595002679,67.09937173514048,45.84400983891193,58.97317905447326,0.008613871842512,0.0184822133063909,0.620190893778574,0.2550957007516399,5.5377664831286175,2.8953645668936288,15.538235294117648,2.7601171458998937,0.006517737959643,0.7566560170394037,0.0555257902683746,0.1451463640348741,0.1232040644639823,0.2226294974438121,0.1124153718766743,1.3520796719390744,0.0327309921581997,10.070942884884252,0.0275514814449429,0.0235542010008654,1.1272007599746676,84067000000.0,52399000000.0,21358000000.0,123305000000.0,13377000000.0,6847500000.0,2576000000.0,53.68613316448298,78.77622377622377,28.55477855477855,1.676410549522332,1.1424766977363516,3.1518367346938776,0.0502098762131379,0.2923369221025966,2016-04-21,0.64,amc,21193290322.0,2025-04-24,2016-03-31,-0.03125,56.4471875,25648788.890625
2015-12-31,MSFT,USD,789019,2016-01-28,2016-01-28 16:11:24,2016,Q2,23796000000.0,9872000000.0,13924000000.0,0.5851403597,2900000000,1038000000.0,3960000000.0,4998000000.0,-14000000.0,7898000000.0,17770000000.0,0.0,309000000.0,1544000000.0,7708000000.0,0.3239199866,6026000000.0,0.253235838,-171000000.0,5855000000.0,0.2460497563,837000000.0,5018000000.0,0.2108757774,0.63,0.62,7964000000,8051000000,https://www.sec.gov/Archives/edgar/data/789019/000119312516441821/0001193125-16-441821-index.htm,https://www.sec.gov/Archives/edgar/data/789019/000119312516441821/d15167d10q.htm,2.987945755901557,0.6300853842290306,0.7054244098442993,0.4512807634354596,12.887995981918634,9.640883977900552,6.871546961325967,9.640883977900552,5.617528879959819,441842720000.0,479086720000.0,22.012889597449185,18.567940830391663,78.64768956924172,122.93898720089037,5.754659025787966,5.754659025787966,20.13307782820642,62.15447846393358,85.2770950516198,133.3018141346689,0.0113569824122031,0.0081341161397883,0.5786532951289398,0.2466934668902486,4.831862999481059,2.9972562905986915,19.501618122977348,1.1195695496213631,0.0064909975205656,0.5715424471901156,0.0436207766011094,0.1218692217179358,0.1224611045097669,0.3602705589177643,0.0850563119852075,1.310880829015544,0.027651706169104,11.690938881213388,0.0365748715664378,0.0317508526160601,1.450684329482672,85169000000.0,54725000000.0,24494000000.0,123013000000.0,12975500000.0,6783000000.0,3259000000.0,54.867624810892586,63.23338735818477,24.63330632090761,1.6403115737230305,1.4232987312572087,3.6535899333826793,0.0653555613441,0.2541436464088398,2016-01-28,0.71,amc,21660461538.0,2025-04-24,2015-12-31,0.0985915492957747,51.9646875,32091925.390625
2015-09-30,MSFT,USD,789019,2015-10-22,2015-10-22 16:10:04,2016,Q1,20379000000.0,7207000000.0,13172000000.0,0.6463516365,2962000000,1084000000.0,3333000000.0,4417000000.0,-93000000.0,7379000000.0,14586000000.0,0.0,249000000.0,1461000000.0,7223000000.0,0.3544334855,5793000000.0,0.2842632121,-280000000.0,5513000000.0,0.2705235782,611000000.0,4902000000.0,0.2405417341,0.61,0.61,7996000000,8084000000,https://www.sec.gov/Archives/edgar/data/789019/000119312515350718/0001193125-15-350718-index.htm,https://www.sec.gov/Archives/edgar/data/789019/000119312515350718/d83804d10q.htm,2.548649324662331,0.613056528264132,1.1100550275137568,0.9404702351175588,12.425587793896948,9.685467733866933,6.948224112056028,9.685467733866933,4.854427213606804,353902960000.0,387038960000.0,18.04890656874745,17.36606114137102,39.87189725101397,47.06156382978723,4.569732842662535,4.569732842662535,18.99204867756023,53.58423923577461,43.60511041009464,51.46794680851064,0.0138512545925018,0.021248762655164,0.497992123442443,0.2230647325559874,4.587567492731552,2.462721917447721,23.26506024096385,1.810689514483884,0.0069934424962142,0.5048959608323134,0.0531920113842681,0.1453456990038765,0.1265905515454377,0.152771518702118,0.0665390843515383,0.9281314168377824,0.0330732616909563,11.558509096316076,0.038369904980212,0.0324616413591242,1.8002751375687844,72257000000.0,55558000000.0,26205000000.0,109190000000.0,14676000000.0,6610500000.0,3359000000.0,50.54026203444722,82.79450534202859,47.65367004301374,1.7807584760573223,1.0870286576168928,1.888626834381551,0.0632965330234359,0.1695847923961981,2015-10-22,0.59,amc,17945686567.0,2025-04-24,2015-09-30,0.1355932203389832,52.42180327868852,39078986.09836066
2015-06-30,MSFT,USD,789019,2015-07-31,2015-07-31 15:07:52,2015,Q4,22180000000.0,7468000000.0,14712000000.0,0.6633002705,3094000000,1272000000.0,3961000000.0,5233000000.0,4000000.0,8327000000.0,15795000000.0,0.0,247000000.0,1493000000.0,-16000000.0,-0.0007213706,-2053000000.0,-0.0925608656,297000000.0,-1756000000.0,-0.0791704238,1439000000.0,-3195000000.0,-0.1440486925,-0.4,-0.4,8061000000,8061000000,https://www.sec.gov/Archives/edgar/data/789019/000119312515272806/0001193125-15-272806-index.htm,https://www.sec.gov/Archives/edgar/data/789019/000119312515272806/d918813d10k.htm,2.751519662572882,-0.3963528098250837,0.8455526609601787,0.6246123309763056,11.97444485795807,9.934623495844187,7.233469792829673,9.934623495844187,4.408758218583302,355893150000.0,385590150000.0,-27.847664319248825,16.045678539224525,52.21437059859154,70.68384309831181,4.444053669318083,4.444053669318083,17.384587466185753,-24099.384375,56.57132482394366,76.58195630585898,-0.0089774135860721,0.0141475046653749,0.440692781239464,0.202278875693521,-1856.0625,2.4734022196708763,-8.31174089068826,-2.1333333333333333,0.0070133409423586,-0.7812206572769953,0.0573489630297565,0.1394950405770965,0.1247993947452886,0.2612969483568075,0.080297565374211,1.1929002009377092,0.0294860234445446,,-0.0282322774441296,-0.0209236532240107,2.1112765165612206,73150000000.0,58309000000.0,28408000000.0,109655000000.0,15167500000.0,6640500000.0,2685500000.0,72.66546438232642,79.4309051955008,34.97321906802357,1.238552602188966,1.1330602336519495,2.573397656788422,-0.0398961077881697,0.2209403299838729,2015-07-21,0.31,amc,20701333333.0,2025-04-24,2015-06-30,1.0,52.62234375,36141064.359375
2015-03-31,MSFT,USD,789019,2015-04-23,2015-04-23 16:09:01,2015,Q3,21729000000.0,7161000000.0,14568000000.0,0.6704404252,2984000000,1091000000.0,3709000000.0,4800000000.0,-27000000.0,7784000000.0,14945000000.0,0.0,211000000.0,1515000000.0,8243000000.0,0.3793547793,6594000000.0,0.3034654149,-77000000.0,6517000000.0,0.2999217635,1532000000.0,4985000000.0,0.2294169083,0.61,0.61,8167000000,8237000000,https://www.sec.gov/Archives/edgar/data/789019/000119312515144151/0001193125-15-144151-index.htm,https://www.sec.gov/Archives/edgar/data/789019/000119312515144151/d860721d10q.htm,2.660585282233378,0.6103832496632791,1.175584670013469,1.0052650912207666,11.685808742500306,11.036120974654096,7.523080690584058,11.036120974654096,3.927880494673687,332070220000.0,356524220000.0,16.653471414242727,15.282351695890284,34.5870450994688,40.44704263093788,3.6842655216793134,3.6842655216793134,16.40776013622348,43.25175542884872,37.13407145089053,43.42560535931791,0.0150118851368243,0.0247236864540277,0.3535703190875605,0.1803682301070278,2.966638359820453,2.9056149995091785,31.251184834123222,1.9259779338014045,0.0076248933132275,0.5079237713139418,0.0502093975792719,0.137327994845598,0.1623868736663968,0.1448807415894177,0.0640158313774218,0.918151815181518,0.029499746882047,12.31121140035354,0.0359869793113359,0.0336842532028758,2.3805252846822578,77650000000.0,61441000000.0,31847000000.0,120716000000.0,14306500000.0,6811000000.0,2261000000.0,51.47176584288278,84.08043569333891,31.03058232090489,1.7485314235133178,1.070403587443946,2.9003645200486026,0.0553077708250122,0.1703195787927023,2015-04-23,0.51,amc,18166868852.0,2025-04-24,2015-03-31,0.1960784313725489,44.90453125,33984939.296875
2014-12-31,MSFT,USD,789019,2015-01-26,2015-01-26 16:13:49,2015,Q2,26470000000.0,10136000000.0,16334000000.0,0.617075935,2903000000,1097000000.0,4315000000.0,5412000000.0,-209000000.0,8315000000.0,18451000000.0,0.0,162000000.0,1521000000.0,9533000000.0,0.3601435587,7776000000.0,0.2937665281,74000000.0,7850000000.0,0.2965621458,1987000000.0,5863000000.0,0.2214960332,0.71,0.71,8228000000,8297000000,https://www.sec.gov/Archives/edgar/data/789019/000119312515020351/0001193125-15-020351-index.htm,https://www.sec.gov/Archives/edgar/data/789019/000119312515020351/d827041d10q.htm,3.217063684978124,0.7125668449197861,0.527467185221196,0.3463782207097715,10.968522119591638,11.166626154594068,7.623359261059796,11.166626154594068,3.460136120563928,382190600000.0,404072600000.0,16.296716697936212,14.438632414053645,88.06235023041475,134.1019649122807,4.159716583767782,4.159716583767782,15.265304117869286,42.38671981537816,93.10428571428572,141.7798596491228,0.0153405133459587,0.0074570122865397,0.3081008717987788,0.1619006222547584,2.2953949438791565,2.45411789518085,48.0,0.7402353743817158,0.0066642141381813,0.4344192392972881,0.0414431431809595,0.1096713260294673,0.1667391105417276,0.3433179723502304,0.056290139780884,0.9796186719263642,0.02391386475255,13.380275418166915,0.0422438806483369,0.040241876810301,2.4849295089936803,68947000000.0,62725000000.0,33393000000.0,111708000000.0,14536500000.0,6850500000.0,2597000000.0,55.033622969399325,61.55090765588003,18.229084451460142,1.6353638947238354,1.462204270051933,4.937165124208476,0.0638121877686957,0.1810889645114244,2015-01-26,0.71,amc,26470000000.0,2025-04-24,2014-12-31,0.0563380281690141,45.62873015873016,34483525.46031746
2014-09-30,MSFT,USD,789019,2014-10-23,2014-10-23 16:16:17,2015,Q1,23201000000.0,8273000000.0,14928000000.0,0.6434205422,3065000000,1151000000.0,3728000000.0,4879000000.0,-35000000.0,7944000000.0,16217000000.0,0.0,161000000.0,1428000000.0,7485000000.0,0.3226154045,5844000000.0,0.2518856946,52000000.0,5896000000.0,0.2541269773,1356000000.0,4540000000.0,0.1956812206,0.55,0.54,8249000000,8351000000,https://www.sec.gov/Archives/edgar/data/789019/000119312514380252/0001193125-14-380252-index.htm,https://www.sec.gov/Archives/edgar/data/789019/000119312514380252/d770268d10q.htm,2.812583343435568,0.5503697417868832,1.0127288156140135,0.8573160383076737,10.812583343435568,10.931021942053585,7.68529518729543,10.931021942053585,2.895017577888229,382423640000.0,399841640000.0,21.05857048458149,16.48306710917633,45.777309073497726,54.07574095022625,4.241140512365531,4.241140512365531,17.233810611611567,53.41905678022712,47.86229830021546,56.53869343891402,0.0118716510307783,0.0184925806364899,0.2630586669624044,0.1398123261187343,2.3270541082164327,2.5157515550185705,36.298136645962735,1.8400881057268723,0.0060325768563888,0.5081497797356829,0.0496099306064393,0.1321063747252273,0.1578134578205309,0.1534594206368207,0.0552562389552174,0.8977591036414566,0.0278436274298521,11.634531953782355,0.0345592450229391,0.0317744712420038,2.538822887622742,67745000000.0,63396000000.0,32953000000.0,107748000000.0,16215500000.0,7100500000.0,2900500000.0,49.99051765010129,73.63834159313429,34.170192191466214,1.8003414293474045,1.22218939282021,2.633874562241324,0.0503493401352999,0.1554127773063401,2014-10-23,0.49,amc,21052759259.0,2025-04-24,2014-09-30,0.1020408163265307,43.5355737704918,39341190.885245904
2014-06-30,MSFT,USD,789019,2014-07-31,2014-07-31 17:16:52,2014,Q4,23382000000.0,7595000000.0,15787000000.0,0.675177487,3123000000,1373000000.0,4682000000.0,6055000000.0,-66000000.0,9178000000.0,16773000000.0,0.0,169000000.0,1742000000.0,8488000000.0,0.3630142845,6482000000.0,0.2772217945,95000000.0,6577000000.0,0.281284749,1965000000.0,4612000000.0,0.1972457446,0.56,0.55,8246000000,8345000000,https://www.sec.gov/Archives/edgar/data/789019/000119312514289961/0001193125-14-289961-index.htm,https://www.sec.gov/Archives/edgar/data/789019/000119312514289961/d722626d10k.htm,2.835556633519282,0.5593014795052147,1.153771525588164,0.9924812030075189,10.39400921658986,10.88818821246665,7.600776133883095,10.88818821246665,2.7666747513946155,343858200000.0,357834200000.0,18.63932133564614,14.706107261996408,36.14233760773597,42.01590909090909,3.829838278535151,3.829838278535151,15.303832007527156,42.15765786993403,37.61133067059071,43.723631476050834,0.0134125055037221,0.0238005084654081,0.2522164305444177,0.131363699647299,1.6465598491988689,2.504021917808219,38.35502958579882,2.062879444926279,0.0067149772784246,0.5006504770164788,0.0587203832007527,0.1335642802155504,0.1572535734174865,0.1397939878074416,0.0568813617312462,0.7634902411021814,0.0264305876315114,11.70555615800404,0.0353014779655667,0.0317464687904402,2.315910744603444,68621000000.0,62676000000.0,31646000000.0,108740000000.0,16520500000.0,6007500000.0,2290000000.0,75.22709776751347,88.06846609611586,31.520737327188936,1.196377404830127,1.0219321851453176,2.8552631578947367,0.0513677269892185,0.1612903225806451,2014-07-22,0.6,amc,25507636363.0,2025-04-24,2014-06-30,-0.0833333333333332,46.9384375,31298698.3125
2014-03-31,MSFT,USD,789019,2014-04-24,2014-04-24 16:06:04,2014,Q3,20403000000.0,5978000000.0,14425000000.0,0.707003872,2743000000,1166000000.0,3542000000.0,4708000000.0,-72000000.0,7451000000.0,13429000000.0,0.0,175000000.0,1255000000.0,8387000000.0,0.411067,6974000000.0,0.3418124786,-17000000.0,6957000000.0,0.3409792678,1297000000.0,5660000000.0,0.2774101848,0.68,0.68,8284000000,8367000000,https://www.sec.gov/Archives/edgar/data/789019/000119312514157088/0001193125-14-157088-index.htm,https://www.sec.gov/Archives/edgar/data/789019/000119312514157088/d695543d10q.htm,2.4629406084017385,0.6832448092708836,1.219097054563013,1.0752052148720426,10.674191211974891,10.553355866731048,8.422501207146306,10.553355866731048,2.758812168034766,339561160000.0,350668160000.0,14.99828445229682,16.642707444983582,33.62324586592732,38.12295497922982,3.8840725658857984,3.8840725658857984,17.187088173307846,41.81091689519494,34.723057728487966,39.36995172336365,0.0166685730488139,0.0262309152201035,0.2594138909224012,0.145267392181605,1.3243114343627045,3.215231690410878,39.85142857142857,1.7842756183745585,0.0068382379186123,0.4102473498233215,0.0571484585600156,0.1344410135764348,0.1130675958723794,0.1180314882661649,0.0584227809635837,0.949800796812749,0.0295054648826153,12.737222082050677,0.0456771323673371,0.0408761654401409,3.719549734427813,75103000000.0,69772000000.0,40311000000.0,104526000000.0,14741500000.0,4990500000.0,1757000000.0,59.53683281870313,68.99799263967883,28.90598862495818,1.511669259835519,1.3043857735108009,3.113541666666667,0.0647419472913616,0.1438918396909705,2014-04-24,0.63,amc,18902779411.0,2025-04-24,2014-03-31,0.0793650793650794,44.606875,32913114.4375
2013-12-31,MSFT,USD,789019,2014-01-23,2014-01-23 16:08:44,2014,Q2,24519000000.0,8322000000.0,16197000000.0,0.6605897467,2748000000,1197000000.0,4283000000.0,5480000000.0,-111000000.0,8228000000.0,16550000000.0,0.0,135000000.0,1261000000.0,9274000000.0,0.3782372854,7969000000.0,0.325013255,-91000000.0,7878000000.0,0.3213018475,1320000000.0,6558000000.0,0.2674660467,0.79,0.78,8326000000,8395000000,https://www.sec.gov/Archives/edgar/data/789019/000119312514018634/0001193125-14-018634-index.htm,https://www.sec.gov/Archives/edgar/data/789019/000119312514018634/d635047d10q.htm,2.9448714869084798,0.7876531347585876,0.5300264232524622,0.3220033629594043,10.082152294018735,10.220994475138122,8.104131635839538,10.220994475138122,2.7757626711506127,311475660000.0,324392660000.0,11.873881518755717,12.703440597087972,70.58138681169272,116.1789108541589,3.660113513513513,3.660113513513513,13.230256535747788,34.97872115591978,73.50842057557217,120.99688922044014,0.0210546146687673,0.0086074141395189,0.2699882491186839,0.1496388633802908,1.3928186327366832,3.167269278643827,59.02962962962963,0.6729185727355901,0.0074869413552249,0.3555962183592558,0.0488192830050165,0.1120763489538725,0.1147886911158437,0.392476773170179,0.0706390962111015,1.373513084853291,0.0241037562706472,13.45876898607695,0.0543300421392742,0.0482496799540899,3.397489791016094,73128000000.0,67475000000.0,38427000000.0,102320000000.0,13496500000.0,5119500000.0,2103500000.0,58.67857579836046,58.37779379956741,17.23864455659697,1.5337795571124735,1.541682104483142,5.220828105395232,0.0770622796709753,0.2080230602930579,2014-01-23,0.68,amc,21375538461.0,2025-04-24,2013-12-31,0.1470588235294117,40.47206349206349,29783505.793650795
2013-09-30,MSFT,USD,789019,2013-10-24,2013-10-24 16:08:05,2014,Q1,18529000000.0,5145000000.0,13384000000.0,0.7223271628,2767000000,979000000.0,3304000000.0,4283000000.0,80000000.0,7050000000.0,12195000000.0,0.0,118000000.0,954000000.0,7480000000.0,0.4036915106,6334000000.0,0.3418425171,74000000.0,6408000000.0,0.3458362567,1164000000.0,5244000000.0,0.283015813,0.63,0.62,8339000000,8434000000,https://www.sec.gov/Archives/edgar/data/789019/000119312513409855/0001193125-13-409855-index.htm,https://www.sec.gov/Archives/edgar/data/789019/000119312513409855/d594455d10q.htm,2.221969061038494,0.6288523803813407,0.9839309269696608,0.8363113083103489,9.6740616380861,9.790262621417437,7.673821801175201,9.790262621417437,1.9246912099772155,277521920000.0,289430920000.0,13.230450038138825,14.9777062982352,33.82351249238269,39.793794092342985,3.399295941989932,3.399295941989932,15.620428517459118,38.69397326203209,35.274944546008534,41.501422426154285,0.0188958046989585,0.0251295465237484,0.1951470462145245,0.1119228931913339,1.5921122994652406,2.872368079022615,53.67796610169491,1.5646453089244852,0.0069039591539291,0.3653699466056445,0.0528360947703599,0.1493334772518754,0.1239848821198752,0.1500304692260816,0.0664363969992984,1.290356394129979,0.0342706028387932,11.769629304520532,0.0466871600771496,0.0420532642603388,3.5408022544669624,64827000000.0,63992000000.0,38743000000.0,93250000000.0,14246500000.0,4834500000.0,2275500000.0,53.46375951211614,84.68221574344024,45.70845481049563,1.6833833015353863,1.0627969427804174,1.969001148105625,0.0642324322338041,0.1476196186593116,2013-10-24,0.54,amc,16138161290.0,2025-04-24,2013-09-30,0.148148148148148,37.53508196721311,39817548.704918034
2013-06-30,MSFT,USD,789019,2013-07-30,2013-07-30 16:14:49,2013,Q4,19896000000.0,5602000000.0,14294000000.0,0.7184358665,2783000000,1210000000.0,4228000000.0,5438000000.0,105000000.0,8221000000.0,13823000000.0,0.0,120000000.0,983000000.0,7248000000.0,0.3642943305,6073000000.0,0.3052372336,72000000.0,6145000000.0,0.3088560515,1180000000.0,4965000000.0,0.2495476478,0.59,0.59,8345000000,8442000000,https://www.sec.gov/Archives/edgar/data/789019/000119312513310206/0001193125-13-310206-index.htm,https://www.sec.gov/Archives/edgar/data/789019/000119312513310206/d527745d10k.htm,2.384182144997004,0.5949670461354104,0.7073696824445775,0.49239065308568,9.229718394248051,9.46003594967046,7.334451767525464,9.46003594967046,1.883762732174955,286734200000.0,298530200000.0,14.437774420946626,14.411650583031763,48.57431814331696,69.78199075200779,3.632121503850831,3.632121503850831,15.004533574587857,41.18794150110375,50.572624089446045,72.65276222925286,0.0173156881878757,0.0143303449675692,0.1976084312930685,0.1095267182003917,1.6274834437086092,2.711762033300372,50.60833333333333,1.188922457200403,0.0066995844932345,0.3869083585095669,0.0608162444712505,0.1398773622838761,0.1245374953486249,0.3039132644418092,0.0901688781664656,1.825025432349949,0.0302070767993566,11.253409128769828,0.0454281047160515,0.039817792498376,3.3095865787896943,64049000000.0,61206000000.0,37979000000.0,91778000000.0,14738500000.0,4680000000.0,2035500000.0,79.09831121833535,77.56515530167796,31.135308818279185,1.1378245453505662,1.160314830157415,2.890608875128999,0.0628926834211593,0.2149790293588975,2013-07-18,0.75,amc,22609090909.0,2025-04-24,2013-06-30,-0.1199999999999999,36.32203125,40507260.375
2013-03-31,MSFT,USD,789019,2013-04-18,2013-04-18 16:07:37,2013,Q3,20489000000.0,4787000000.0,15702000000.0,0.7663624384,2640000000,1656000000.0,3794000000.0,5450000000.0,-80000000.0,8090000000.0,12877000000.0,0.0,109000000.0,1053000000.0,8765000000.0,0.4277905217,7612000000.0,0.3715164234,-9000000.0,7603000000.0,0.3710771634,1548000000.0,6055000000.0,0.2955244277,0.72,0.72,8364000000,8429000000,https://www.sec.gov/Archives/edgar/data/789019/000119312513160748/0001193125-13-160748-index.htm,https://www.sec.gov/Archives/edgar/data/789019/000119312513160748/d497226d10q.htm,2.449665231946437,0.7239359158297465,1.1556671449067433,1.0444763271162123,8.905188904830224,9.168818747011,7.026064084170254,9.168818747011,1.7101865136298422,239294040000.0,248249040000.0,9.880018166804296,11.67914685929035,24.756263190564862,27.391717032967037,3.1203583350719803,3.1203583350719803,12.116210649616868,28.322765544780378,25.682706393544382,28.41678571428572,0.025303597197824,0.036507386477323,0.1851006676403087,0.1058498937399798,1.0216771249286936,2.92912399386138,69.8348623853211,1.5963666391412057,0.0080444962189614,0.3179190751445087,0.080823856703597,0.1288496266289228,0.133641549532083,0.0962135319677219,0.0453902093806432,0.8831908831908832,0.0292351993752745,12.220754351742082,0.0580545054244766,0.052116058287357,3.2431551889048302,61595000000.0,58766000000.0,36107000000.0,88721000000.0,13154000000.0,4444000000.0,1897000000.0,52.67167748548002,85.20576561520785,40.10236055984959,1.7086981903093987,1.0562665489849956,2.244256915142991,0.0789562904235343,0.1111908177905308,2013-04-18,0.68,amc,19350722222.0,2025-04-24,2013-03-31,0.0588235294117645,32.89796875,53245034.375
2012-12-31,MSFT,USD,789019,2013-01-24,2013-01-24 16:10:59,2013,Q2,21456000000.0,5692000000.0,15764000000.0,0.7347129008,2528000000,1156000000.0,4309000000.0,5465000000.0,-33000000.0,7993000000.0,13685000000.0,0.0,105000000.0,1009000000.0,8884000000.0,0.4140566741,7771000000.0,0.3621830723,-1000000.0,7770000000.0,0.3621364653,1393000000.0,6377000000.0,0.2972129008,0.76,0.76,8393000000,8444000000,https://www.sec.gov/Archives/edgar/data/789019/000119312513022207/0001193125-13-022207-index.htm,https://www.sec.gov/Archives/edgar/data/789019/000119312513022207/d453668d10q.htm,2.556416061003217,0.7597998331943286,0.5695222208983677,0.4587155963302752,8.139163588704873,8.64720600500417,6.494459668771595,8.64720600500417,1.7029667580126295,224177030000.0,232348030000.0,8.78849890230516,10.44822101043997,46.89896025104603,58.2278,3.088858989197531,3.088858989197531,10.829046886651753,26.15353782080144,48.60837447698745,60.35013766233767,0.0284462685583799,0.0171739272306355,0.1954916225749559,0.1102554338956971,0.919743358847366,2.807082419304294,74.00952380952381,0.7495687627411008,0.0086226496978749,0.303120589618943,0.0538777032065622,0.1178225205070842,0.1404070467738551,0.1945606694560669,0.0433445190156599,0.9217046580773044,0.0281040268456375,12.158465273400308,0.0644133225677249,0.0576504090765266,2.832509233885381,57664000000.0,54508000000.0,33467000000.0,84430000000.0,12094000000.0,3993500000.0,1642500000.0,60.05453020134228,68.8756148981026,26.263176387912857,1.4986379828176295,1.3067033976124884,3.4268512944009637,0.087866512345679,0.1108066245680924,2013-01-24,0.75,amc,21173684210.0,2025-04-24,2012-12-31,0.0133333333333333,32.761562500000004,54421749.75
2012-09-30,MSFT,USD,789019,2012-10-18,2012-10-18 16:04:23,2013,Q1,16008000000.0,4168000000.0,11840000000.0,0.7396301849,2460000000,1127000000.0,2945000000.0,4072000000.0,202000000.0,6532000000.0,10700000000.0,0.0,95000000.0,710000000.0,6339000000.0,0.3959895052,5308000000.0,0.3315842079,226000000.0,5534000000.0,0.3457021489,1068000000.0,4466000000.0,0.2789855072,0.53,0.53,8396000000,8494000000,https://www.sec.gov/Archives/edgar/data/789019/000119312512427209/0001193125-12-427209-index.htm,https://www.sec.gov/Archives/edgar/data/789019/000119312512427209/d406056d10q.htm,1.9066222010481184,0.5319199618866127,1.0104811815150072,0.9386612672701288,7.937589328251549,8.198666031443544,6.068008575512149,8.198666031443544,1.434611719866603,247598040000.0,254512040000.0,13.86016793551276,15.467143928035982,29.18411598302687,31.4170841263799,3.596926608170143,3.596926608170143,15.899052973513244,40.15018772677078,29.99906176331919,32.29438396142621,0.018037299487508,0.0318298157772169,0.1736010227206694,0.0980504775345433,1.090708313614135,2.6766129545888795,55.87368421052632,1.899686520376176,0.006769035813046,0.3752798925212718,0.0704022988505747,0.1536731634182908,0.1467803341100791,0.071074964639321,0.0376686656671664,0.8492957746478873,0.0376686656671664,9.90571894244666,0.0462044597995459,0.0429476761518266,2.598767270128633,52649000000.0,50947000000.0,31011000000.0,78867000000.0,12825500000.0,3903000000.0,1380500000.0,55.49662668665668,78.40451055662189,35.06717850287908,1.621720190456894,1.1478931423850178,2.5665024630541877,0.0648788424661514,0.0718199142448785,2012-10-18,0.56,amc,16914113207.0,2025-04-24,2012-09-30,-0.0535714285714286,27.68583333333333,46180055.4
2012-06-30,MSFT,USD,789019,2012-07-26,2012-07-26 16:12:48,2012,Q4,18059000000.0,4163000000.0,13896000000.0,0.7694778227,2594000000,1136000000.0,3781000000.0,4917000000.0,167000000.0,7511000000.0,11674000000.0,0.0,0.0,797000000.0,1873000000.0,0.1037155989,192000000.0,0.0106318179,167000000.0,359000000.0,0.0198792846,851000000.0,-492000000.0,-0.0272440334,-0.0587,-0.0587,8388000000,8388000000,https://www.sec.gov/Archives/edgar/data/789019/000119312512316848/0001193125-12-316848-index.htm,https://www.sec.gov/Archives/edgar/data/789019/000119312512316848/d347676d10k.htm,2.152956604673343,-0.0586552217453505,0.915236051502146,0.8410824988078207,7.515498330948975,7.911659513590844,5.93001907486886,7.911659513590844,1.423938960419647,256588920000.0,261594920000.0,-130.3805487804878,14.20836812669583,33.4230715123095,36.36979730687456,3.8664454590660458,3.8664454590660458,14.485570629602968,139.6662680192205,34.07514914680213,37.07936498936924,-0.0019174639341402,0.0274953415759339,0.1799798080255564,0.0984901584055545,2.672717565403097,2.602912383749388,0.0,-15.603658536585366,0.0065396432550555,-3.410569105691057,0.0629049227531978,0.143640290160031,0.1370649207147628,0.0810212322521818,0.0344426601694446,0.7804265997490589,0.0287945068940694,,-0.0029297316589847,-0.0047014304962302,2.4481998092513115,52396000000.0,49741000000.0,30176000000.0,77287000000.0,13370500000.0,3982500000.0,1274500000.0,78.64222825184119,90.25942829690128,24.58083113139563,1.1444233206590622,0.997125748502994,3.6613896218117854,-0.0074137697210795,0.0741535526943252,2012-07-19,0.62,amc,16711313432.0,2025-04-24,2012-06-30,0.0806451612903226,27.96370967741936,54249518.25806452
2012-03-31,MSFT,USD,789019,2012-04-19,2012-04-19 16:06:08,2012,Q3,17407000000.0,3952000000.0,13455000000.0,0.7729648992,2517000000,1150000000.0,3414000000.0,4564000000.0,-20000000.0,7081000000.0,11033000000.0,0.0,95000000.0,766000000.0,7224000000.0,0.4150054576,6374000000.0,0.3661745275,-11000000.0,6363000000.0,0.3655425978,1255000000.0,5108000000.0,0.2934451657,0.61,0.6,8401000000,8498000000,https://www.sec.gov/Archives/edgar/data/789019/000119312512170665/0001193125-12-170665-index.htm,https://www.sec.gov/Archives/edgar/data/789019/000119312512170665/d313493d10q.htm,2.0720152362813957,0.6080228544220926,1.1420069039400071,1.052850851089156,7.085942149744078,8.17271753362695,5.4999404832758,8.17271753362695,1.4323294845851684,271016260000.0,276566260000.0,13.264304032889584,15.569383581317858,28.24851573900354,30.64061729790842,3.9472794535312192,3.9472794535312192,15.888220830700291,38.28436600221484,28.827002293099856,31.26809044657999,0.0188475776324269,0.0326364181986719,0.1738737820242065,0.1011609185662232,0.7682724252491694,2.9369507069163165,67.09473684210526,1.8782302270947533,0.0062099595057506,0.3294831636648395,0.0660653759981616,0.1445970012064112,0.1902720108465384,0.0780696268501146,0.0430286666283679,0.9778067885117492,0.0339518584477509,10.573881901722762,0.0557146170067479,0.0534555653229519,2.274104273300797,50690000000.0,46205000000.0,27509000000.0,81369000000.0,12302000000.0,3837000000.0,1381500000.0,56.67202849428391,86.31072874493927,32.15587044534413,1.5880850287382535,1.0427440633245382,2.798866855524079,0.0743966559373133,0.089156052850851,2012-04-19,0.57,amc,16536650000.0,2025-04-24,2012-03-31,0.0526315789473684,30.284920634920635,38279763.93650793
2011-12-31,MSFT,USD,789019,2012-01-19,2012-01-19 16:09:07,2012,Q2,20885000000.0,5638000000.0,15247000000.0,0.7300454872,2371000000,1120000000.0,3762000000.0,4882000000.0,50000000.0,7253000000.0,12891000000.0,182000000.0,95000000.0,678000000.0,9012000000.0,0.4315058655,7994000000.0,0.3827627484,245000000.0,8239000000.0,0.3944936557,1615000000.0,6624000000.0,0.3171654297,0.79,0.78,8402000000,8465000000,https://www.sec.gov/Archives/edgar/data/789019/000119312512017029/0001193125-12-017029-index.htm,https://www.sec.gov/Archives/edgar/data/789019/000119312512017029/d266753d10q.htm,2.485717686265175,0.7883837181623423,0.6976910259462032,0.6384194239466794,6.15758152820757,7.631635324922637,4.983337300642704,7.631635324922637,1.4314448940728397,218115920000.0,219437920000.0,8.232032004830918,10.443663873593488,37.20844762879564,40.66292319164803,3.401630043199576,3.401630043199576,10.50696289202777,24.34952507767421,37.43396792903446,40.90938105891126,0.0303691725024014,0.0245924277329229,0.1860856817579264,0.1063050702493696,0.146693297825122,2.857880424072833,84.14736842105263,0.884963768115942,0.0077160805135177,0.2540760869565217,0.0536270050275317,0.1135264543931051,0.1982395338684817,0.0849539406345957,0.023844864735456,0.7345132743362832,0.0275317213310988,11.635066963504578,0.0739843978233278,0.0736065428038047,1.7283682456557965,47140000000.0,41870000000.0,24391000000.0,77401000000.0,11898000000.0,3801500000.0,1810500000.0,58.79195594924588,62.00070947144377,21.56615821213196,1.5308216667888297,1.4515962924819774,4.17320503330866,0.1033046895712793,0.0592716019995239,2012-01-19,0.76,amc,20349487179.0,2025-04-24,2011-12-31,0.0263157894736842,30.450317460317457,46482521.015873015
2011-09-30,MSFT,USD,789019,2011-10-20,2011-10-20 16:08:23,2012,Q1,17372000000.0,3777000000.0,13595000000.0,0.7825811651,2329000000,1163000000.0,2900000000.0,4063000000.0,-4000000.0,6392000000.0,10169000000.0,211000000.0,94000000.0,726000000.0,8126000000.0,0.4677642183,7203000000.0,0.4146327423,103000000.0,7306000000.0,0.4205618236,1568000000.0,5738000000.0,0.3303016348,0.68,0.68,8392000000,8490000000,https://www.sec.gov/Archives/edgar/data/789019/000119312511276022/0001193125-11-276022-index.htm,https://www.sec.gov/Archives/edgar/data/789019/000119312511276022/d230161d10q.htm,2.0700667302192564,0.6837464251668256,1.012035271687321,0.9600810295519544,6.840204957102002,7.077097235462345,5.46091515729266,7.077097235462345,1.43243565300286,208876880000.0,207922880000.0,9.100596026490066,12.023766981349295,24.59400447427293,25.92489512225394,3.5169786668013674,3.5169786668013674,11.968851024637347,25.58735909426532,24.481676674908748,25.80648876753133,0.0274707282108005,0.0385729622158278,0.200821673317506,0.1110366336172787,-0.1174009352695052,2.946834749246369,76.62765957446808,1.4801324503311255,0.0064200499356367,0.2337051237364935,0.0669468109601657,0.134066313608105,0.1262672811059907,0.05133639467797,0.0250978586230716,0.6005509641873278,0.0321206539258577,10.434373414075786,0.0690969521518396,0.0611388143033712,2.1602418970448047,49728000000.0,45828000000.0,27247000000.0,71324000000.0,12570000000.0,3958000000.0,1821000000.0,52.60016117890859,88.61795075456712,54.09054805401112,1.711021372993204,1.0155955902124227,1.6638766519823789,0.096613965078884,0.051954242135367,2011-10-20,0.68,amc,17372000000.0,2025-04-24,2011-09-30,0.0,30.566290322580645,52931150.51612903
2011-06-30,MSFT,USD,789019,2011-07-28,2011-07-28 14:59:09,2011,Q4,17367000000.0,3708000000.0,13659000000.0,0.786491622,2393000000,1179000000.0,3916000000.0,5095000000.0,0.0,7488000000.0,11196000000.0,269000000.0,94000000.0,689000000.0,7102000000.0,0.4089364887,6171000000.0,0.3553290724,148000000.0,6319000000.0,0.3638509817,445000000.0,5874000000.0,0.3382276732,0.7,0.68,8427000000,8545000000,https://www.sec.gov/Archives/edgar/data/789019/000119312511200680/0001193125-11-200680-index.htm,https://www.sec.gov/Archives/edgar/data/789019/000119312511200680/d10k.htm,2.060875756496974,0.6970452118191527,0.7051145128752818,0.6289308176100629,6.262252284324196,6.7738222380443815,5.192595229619082,6.7738222380443815,1.4257742969028124,219102000000.0,221413000000.0,9.325076608784476,12.615995854206254,36.8734432850892,41.34,3.838305625142336,3.838305625142336,12.749064317383544,31.17614756406646,37.2623695725345,41.77603773584906,0.0268094312238135,0.0241896468311562,0.2088362559781371,0.1096647777450691,0.3254012954097437,2.603669979842914,65.64893617021276,0.0,0.0061615138154832,0.229826353421859,0.067887372603213,0.1377900616111015,0.1225805858110097,0.1080444294850218,0.0369666609086197,0.9317851959361392,0.0313237749755283,10.307150820023738,0.071768078759055,0.0615858836850879,1.5518274593568293,46144000000.0,43758000000.0,23297000000.0,67631000000.0,12510000000.0,4013000000.0,1214000000.0,77.66626360338573,101.86893203883496,33.300970873786405,1.1588042970574497,0.8834882058613295,2.7026239067055395,0.1029027906732302,0.0761836952652189,2011-07-21,0.58,amc,14598347826.0,2025-04-24,2011-06-30,0.1896551724137931,26.08142857142857,51930386.603174604
2011-03-31,MSFT,USD,789019,2011-04-28,2011-04-28 16:09:30,2011,Q3,16428000000.0,3897000000.0,12531000000.0,0.7627830533,2269000000,1160000000.0,3393000000.0,4553000000.0,0.0,6822000000.0,10719000000.0,216000000.0,84000000.0,720000000.0,6429000000.0,0.3913440467,5709000000.0,0.3475164354,316000000.0,6025000000.0,0.366751887,793000000.0,5232000000.0,0.3184806428,0.62,0.61,8420000000,8510000000,https://www.sec.gov/Archives/edgar/data/789019/000119312511115186/0001193125-11-115186-index.htm,https://www.sec.gov/Archives/edgar/data/789019/000119312511115186/d10q.htm,1.9510688836104515,0.6213776722090262,1.0299287410926363,0.9517814726840856,5.9560570071258905,6.348218527315915,4.757482185273159,6.348218527315915,1.4250593824228028,213783800000.0,218677800000.0,10.215204510703364,13.013379595812028,24.65219095940959,26.676291489892687,3.999547257352391,3.999547257352391,13.31128560993426,34.014279048063464,25.216535977859778,27.286972797604196,0.0244733230487997,0.0374864699757418,0.2229102746389283,0.1194761699439469,0.7612381396795769,2.7561350969137344,67.96428571428571,0.0,0.006310113301382,0.2578363914373088,0.0706111516922327,0.138117847577307,0.1343066571740852,0.0758763837638376,0.0400535670805941,0.9138888888888888,0.0329315802288775,9.420956859656028,0.065502957908365,0.0606025505889984,1.4165973871733968,42221000000.0,40058000000.0,19988000000.0,63584000000.0,11453500000.0,3846000000.0,958500000.0,54.96530314097881,88.42956120092379,24.387990762124712,1.6373965912488786,1.0177592060590233,3.690340909090909,0.0978822120781261,0.078147268408551,2011-04-28,0.56,amc,15081442622.0,2025-04-24,2011-03-31,0.0892857142857141,26.07515625,66543455.125
2010-12-31,MSFT,USD,789019,2011-01-27,2011-01-27 16:00:33,2011,Q2,19953000000.0,4833000000.0,15120000000.0,0.7577807848,2185000000,945000000.0,3825000000.0,4770000000.0,0.0,6955000000.0,11788000000.0,205000000.0,72000000.0,663000000.0,9232000000.0,0.4626873152,8165000000.0,0.4092116474,332000000.0,8497000000.0,0.4258507493,1863000000.0,6634000000.0,0.3324813311,0.78,0.77,8497000000,8570000000,https://www.sec.gov/Archives/edgar/data/789019/000119312511015947/0001193125-11-015947-index.htm,https://www.sec.gov/Archives/edgar/data/789019/000119312511015947/d10q.htm,2.348240555490173,0.7807461456984818,0.4926444627515594,0.4348593621278098,4.854889961162764,5.7056608214664,4.117570907379075,5.7056608214664,1.1466399905849125,237151270000.0,242799270000.0,8.936963747362075,11.885494411867889,56.65343287147635,64.1816698240866,4.891633217136611,4.891633217136611,12.168559615095475,26.2997476169844,58.00269230769231,65.71022192151557,0.0279737064026686,0.0155807725592192,0.1994802087415688,0.1047710874699369,0.6117850953206239,2.4549193813754524,113.40277777777776,0.6309918601145613,0.0057473864677174,0.2054567380162797,0.047361299052774,0.1095073422542976,0.1461876801074686,0.1172957477305303,0.0246078283967323,0.7405731523378583,0.0277151305568085,10.011500169205975,0.0937552178078669,0.0841749987311576,0.8841944215605508,35372000000.0,34987000000.0,15859000000.0,56665000000.0,11260000000.0,3758500000.0,1051500000.0,58.06946323861074,71.93668528864059,16.033519553072626,1.5498679509088085,1.2511001812063165,5.613240418118467,0.136837111445721,0.0577851006237495,2011-01-27,0.68,amc,17620831168.0,2025-04-24,2010-12-31,0.1323529411764705,25.077142857142857,63110697.20634921
2010-09-30,MSFT,USD,789019,2010-10-28,2010-10-28 16:36:15,2011,Q1,16195000000.0,3139000000.0,13056000000.0,0.8061747453,2196000000,938000000.0,2806000000.0,3744000000.0,0.0,5940000000.0,9079000000.0,210000000.0,45000000.0,694000000.0,7969000000.0,0.4920654523,7116000000.0,0.439394875,114000000.0,7230000000.0,0.4464340846,1820000000.0,5410000000.0,0.3340537203,0.63,0.62,8614000000,8695000000,https://www.sec.gov/Archives/edgar/data/789019/000119312510239825/0001193125-10-239825-index.htm,https://www.sec.gov/Archives/edgar/data/789019/000119312510239825/d10q.htm,1.8800789412584165,0.62804736475505,0.9512421639192014,0.885767355467843,5.12804736475505,5.4495008126306015,3.8767123287671232,5.4495008126306015,1.2433248200603668,210956860000.0,213460860000.0,9.748468576709795,13.026048780487804,25.74528435440566,27.648343381389253,4.493989604192407,4.493989604192407,13.180664402593392,26.78640481867236,26.05087381010496,27.976521625163823,0.0256450536853838,0.0361685322771679,0.227195262238507,0.1165064452698274,0.3142175931735474,2.304250299725413,158.13333333333333,1.5146025878003695,0.0052996617412678,0.2066543438077634,0.0579191108366779,0.1355974066069774,0.1480008739348918,0.0688308518428118,0.0348255634455078,0.8126801152737753,0.0326026551404754,8.775377715720898,0.0798508929627594,0.0693660888296235,0.8626073833294636,33724000000.0,33394000000.0,14983000000.0,55043000000.0,11330000000.0,3839500000.0,991000000.0,53.605433775856746,104.7658489964957,35.61006690028672,1.678934273273896,0.8590585659551176,2.527375201288245,0.1152486046610711,0.0654748084513582,2010-10-28,0.55,amc,14366532258.0,2025-04-24,2010-09-30,0.1272727272727271,26.99,61077314.83870968
2010-06-30,MSFT,USD,789019,2010-07-30,2010-07-30 11:30:38,2010,Q4,16039000000.0,3170000000.0,12869000000.0,0.8023567554,2350000000,928000000.0,3602000000.0,4530000000.0,0.0,6880000000.0,10050000000.0,0.0,0.0,718000000.0,7714000000.0,0.4809526778,5930000000.0,0.3697237982,94000000.0,6024000000.0,0.3755845128,1506000000.0,4518000000.0,0.2816883846,0.52,0.51,8714000000,8843000000,https://www.sec.gov/Archives/edgar/data/789019/000119312510171791/0001193125-10-171791-index.htm,https://www.sec.gov/Archives/edgar/data/789019/000119312510171791/d10k.htm,1.8406013311911864,0.5184760156070691,0.6431030525591003,0.5561165939866881,4.221712187284829,5.298944227679596,3.743745696580216,5.298944227679596,0.6815469359651136,200509140000.0,200943140000.0,11.095016600265604,12.501349211297462,35.779646680942186,41.37621543541065,4.342374445046021,4.342374445046021,12.528408254878734,26.049149598133265,35.85709136331192,41.46577383408997,0.0225326386617587,0.0241684743149364,0.1286193827828911,0.0689675194221546,0.0562613430127041,2.1293456228247982,0.0,1.2403718459495352,0.00563565331735,0.2501106684373617,0.0578589687636386,0.1465178627096452,0.1573746124278564,0.135260528194147,0.0472598042271962,1.0557103064066853,0.0300517488621485,7.862311907260891,0.0729504969983269,0.0622648530202174,0.8010672481064953,29529000000.0,32623000000.0,15738000000.0,50711000000.0,11075500000.0,3652000000.0,620500000.0,73.0257497350209,114.2744479495268,21.009463722397477,1.2324419855540187,0.7875776397515528,4.283783783783784,0.0978451543042772,0.0869864585724122,2010-07-22,0.46,amc,14466549019.0,2025-04-24,2010-06-30,0.108695652173913,26.330625,57448938.3125
2010-03-31,MSFT,USD,789019,2010-04-22,2010-04-22 16:18:52,2010,Q3,14503000000.0,2755000000.0,11748000000.0,0.8100393022,2220000000,1152000000.0,3203000000.0,4355000000.0,0.0,6575000000.0,9330000000.0,204000000.0,38000000.0,694000000.0,6073000000.0,0.4187409501,5173000000.0,0.3566848238,168000000.0,5341000000.0,0.3682686341,1335000000.0,4006000000.0,0.2762187134,0.46,0.45,8767000000,8876000000,https://www.sec.gov/Archives/edgar/data/789019/000119312510090116/0001193125-10-090116-index.htm,https://www.sec.gov/Archives/edgar/data/789019/000119312510090116/d10q.htm,1.654271700695791,0.4569408007300102,0.84327592106764,0.7967377666248432,4.524466750313676,5.213870195049618,3.6460590852058856,5.213870195049618,0.6881487395916505,256785430000.0,254625430000.0,16.025051797304044,17.70567675653313,34.73358988232111,36.7624094488189,5.617707941369503,5.617707941369503,17.556742053368268,41.927454305944345,34.44142161504126,36.453175375805294,0.0156005735995223,0.0272016990995166,0.1311529205863049,0.0706041691202449,-0.3556726494319117,2.063200121102029,136.1315789473684,1.845481777333999,0.0044356099175876,0.2843235147279081,0.0794318416879266,0.1530717782527753,0.1618772818278177,0.0551873393750845,0.0281321105978073,0.5878962536023055,0.0331655519547679,7.32152139183769,0.0638839571302224,0.0562917164336401,0.8633797194023041,28094000000.0,31965000000.0,15318000000.0,49211000000.0,10166500000.0,3225000000.0,545000000.0,56.7006826173895,107.1179673321234,16.36660617059891,1.5872824778373646,0.8401951814577615,5.499001996007984,0.0876394661999562,0.0465381544427968,2010-04-22,0.42,amc,13536133333.0,2025-04-24,2010-03-31,0.0714285714285715,24.79046875,61934370.0625
2009-12-31,MSFT,USD,789019,2010-01-28,2010-01-28 16:11:45,2010,Q2,19022000000.0,3628000000.0,15394000000.0,0.8092734728,2079000000,1183000000.0,3619000000.0,4802000000.0,59000000.0,6881000000.0,10509000000.0,197000000.0,38000000.0,615000000.0,9536000000.0,0.5013142677,8513000000.0,0.4475344338,370000000.0,8883000000.0,0.4669855956,2221000000.0,6662000000.0,0.350226054,0.75,0.74,8856000000,8951000000,https://www.sec.gov/Archives/edgar/data/789019/000119312510015598/0001193125-10-015598-index.htm,https://www.sec.gov/Archives/edgar/data/789019/000119312510015598/d10q.htm,2.147922312556459,0.7522583559168925,0.5610885275519422,0.5186314363143631,4.076219512195122,5.000338753387534,3.451784101174345,5.000338753387534,0.6812330623306233,269930880000.0,266503880000.0,10.12949864905434,14.190457365156137,54.32297846649225,58.77005878510777,6.095587019849604,6.095587019849604,14.010297550205026,27.947135067114093,53.63330247534715,58.02392336163727,0.0246803922544912,0.0170154670706812,0.1353792651807691,0.0730242642759696,-0.359375,2.041104413766284,224.02631578947367,0.7458721104773341,0.0042677592130252,0.1729210447313119,0.0621911470928398,0.1092945011039848,0.1670483336581563,0.0756691487220768,0.0197665860582483,0.6113821138211382,0.0254967931868362,9.199717317240983,0.1088949413806704,0.0974232985288526,0.7878839205058717,26772000000.0,30569000000.0,14674000000.0,47888000000.0,9891500000.0,3229000000.0,869500000.0,52.97234780780149,78.66317530319735,14.61135611907387,1.6989996427295462,1.1441185745821507,6.159592529711375,0.1504414786712734,0.042457091237579,2010-01-28,0.59,amc,15166189189.0,2025-04-24,2009-12-31,0.2542372881355932,27.977301587301582,74782915.93650794
2009-09-30,MSFT,USD,789019,2009-10-23,2009-10-23 08:34:21,2010,Q1,12920000000.0,2842000000.0,10078000000.0,0.7800309598,2065000000,741000000.0,2790000000.0,3531000000.0,0.0,5596000000.0,8438000000.0,203000000.0,38000000.0,646000000.0,5449000000.0,0.421749226,4482000000.0,0.3469040248,283000000.0,4765000000.0,0.3688080495,1191000000.0,3574000000.0,0.276625387,0.4,0.4,8914000000,8983000000,https://www.sec.gov/Archives/edgar/data/789019/000119312509212454/0001193125-09-212454-index.htm,https://www.sec.gov/Archives/edgar/data/789019/000119312509212454/d10q.htm,1.4494054296612071,0.4009423378954453,0.6851020866053399,0.6363024455912049,4.120260264752075,4.623289207987436,3.026363024455912,4.623289207987436,0.6769127215615885,229268080000.0,226441080000.0,16.037218802462228,17.745207430340557,37.541850335680365,40.42102961918194,5.563138891584974,5.563138891584974,17.526399380804953,41.55644705450541,37.0789389225479,39.92261636107193,0.0155887378652972,0.0247395974180095,0.1454916043870717,0.0734695878057148,-0.5188107909708203,1.8160356037689929,117.94736842105264,1.708729714605484,0.0050464940431306,0.3237269166200335,0.0573529411764705,0.1598297213622291,0.174422878988384,0.0712297363681021,0.0336687306501548,0.673374613003096,0.0342879256965944,6.458144364745066,0.0610104199951199,0.0530448075752853,0.3750560915413956,23470000000.0,26977000000.0,11831000000.0,45217000000.0,9889500000.0,3305500000.0,933500000.0,59.81656346749226,104.09218859957775,36.41801548205489,1.5045999767089786,0.8646181928810466,2.471304347826087,0.0867223138891584,0.048799641014135,2009-10-23,0.32,bmo,10336000000.0,2025-04-24,2009-09-30,0.25,29.25426229508197,58110546.49180328
2009-06-30,MSFT,USD,789019,2009-07-30,2009-07-30 06:05:07,2009,Q4,13099000000.0,2586000000.0,10513000000.0,0.8025803496,2225000000,1399000000.0,3192000000.0,4591000000.0,0.0,6526000000.0,9112000000.0,160000000.0,0.0,681000000.0,4668000000.0,0.3563630812,3987000000.0,0.3043743797,155000000.0,4142000000.0,0.3162073441,1097000000.0,3045000000.0,0.2324604932,0.34,0.34,8900000000,8960000000,https://www.sec.gov/Archives/edgar/data/789019/000119312509158735/0001193125-09-158735-index.htm,https://www.sec.gov/Archives/edgar/data/789019/000119312509158735/d10k.htm,1.4717977528089887,0.3421348314606741,0.4315730337078651,0.3341573033707865,3.533370786516854,4.444719101123596,2.842247191011236,4.444719101123596,0.6456179775280899,211553000000.0,211223000000.0,17.36888341543514,16.150316818077716,55.07758396250976,71.13416274377943,5.347919510592042,5.347919510592042,16.125124055271396,45.24914310197087,54.99166883624056,71.02320107599193,0.0143935562246812,0.0140579429268315,0.1452550685070023,0.0737725965488907,-0.0706940874035989,1.822889694458829,0.0,1.2614121510673235,0.0054738056184502,0.380295566502463,0.1068020459577066,0.1698602946789831,0.1831090797041906,0.2257224681072637,0.0661882586456981,1.2731277533039649,0.0317581494770593,5.849410009773773,0.0554556216073077,0.0478577939835916,0.2100561797752809,22246000000.0,25296000000.0,10950000000.0,44043000000.0,10187000000.0,3170500000.0,687000000.0,76.89747308954882,115.68445475638052,24.95359628770301,1.1703895639742674,0.7779783393501805,3.606694560669456,0.0769755801607765,0.0974157303370786,2009-07-23,0.36,amc,13099000000.0,2025-04-24,2009-06-30,0.0,28.6171875,54100339.0
2009-03-31,MSFT,USD,789019,2009-04-23,2009-04-23 16:12:00,2009,Q3,13648000000.0,2814000000.0,10834000000.0,0.7938159437,2212000000,1203000000.0,2981000000.0,4184000000.0,290000000.0,6396000000.0,9210000000.0,164000000.0,0.0,664000000.0,5102000000.0,0.3738276671,4438000000.0,0.3251758499,-388000000.0,4050000000.0,0.2967467761,1073000000.0,2977000000.0,0.2181271981,0.33,0.33,8891000000,8904000000,https://www.sec.gov/Archives/edgar/data/789019/000119312509085779/0001193125-09-085779-index.htm,https://www.sec.gov/Archives/edgar/data/789019/000119312509085779/d10q.htm,1.535035429085592,0.3348329771679226,0.6797885502193229,0.6087054324597908,2.8500731076369363,4.155100663592397,2.545607918119446,4.155100663592397,0.2248341019007985,163327670000.0,158041670000.0,13.715793584145114,11.9671504982415,27.02310886829914,30.17880081300813,4.42107219229624,4.42107219229624,11.579841002344669,30.97641513132105,26.148522501654533,29.20208240946046,0.0182271626112097,0.0331358428121824,0.0541103862707414,0.0290328671227107,-1.036064288514308,1.709440456701507,0.0,2.030231776956668,0.0070716737708925,0.3879744709439032,0.0881447831184056,0.1620750293083235,0.2078340813036469,0.1045665122435473,0.0463071512309495,0.9518072289156626,0.0316529894490035,5.5949491799764095,0.0693657945228961,0.0545807894688594,0.0725452704982566,16901000000.0,22633000000.0,8814000000.0,38323000000.0,10067500000.0,3275000000.0,812500000.0,60.54953106682298,96.49253731343283,21.01279317697228,1.4863864081899367,0.9327146171693736,4.28310502283105,0.080583601764881,0.0710831177595321,2009-04-23,0.39,amc,13648000000.0,2025-04-24,2009-03-31,0.0,24.22515625,55466000.375
2008-12-31,MSFT,USD,789019,2009-01-22,2009-01-22 09:02:23,2009,Q2,16629000000.0,3907000000.0,12722000000.0,0.7650490108,2290000000,831000000.0,3662000000.0,4493000000.0,0.0,6783000000.0,10690000000.0,175000000.0,0.0,632000000.0,6571000000.0,0.3951530459,5939000000.0,0.3571471526,-301000000.0,5638000000.0,0.3390462445,1464000000.0,4174000000.0,0.2510072764,0.47,0.47,8903000000,8914000000,https://www.sec.gov/Archives/edgar/data/789019/000119312509009386/0001193125-09-009386-index.htm,https://www.sec.gov/Archives/edgar/data/789019/000119312509009386/d10q.htm,1.86779737167247,0.4688307312141974,0.6494440076378749,0.5548691452319443,2.3267437942266653,3.8726272043131527,2.265865438616197,3.8726272043131527,0.2246433786364147,173074320000.0,166728320000.0,10.36621466219454,10.40798123759697,29.93329643721896,35.03528744939271,5.019848019026626,5.019848019026626,10.02635877082206,25.373355653629584,28.83575233483224,33.750672064777326,0.0241168071612241,0.0285426515037008,0.0580080051047044,0.0304016052047548,-0.9657586364328108,1.591311682834247,0.0,1.385241974125539,0.0066849894311299,0.2771921418303785,0.0499729388417824,0.1377112273738649,0.2174474812270088,0.1456243514354894,0.0506344338204341,1.3322784810126582,0.0250766732816164,6.391490396469191,0.0997558845840173,0.0810784561294458,-0.2127653599910142,14020000000.0,20173000000.0,6422000000.0,35321000000.0,10244000000.0,3442000000.0,1304000000.0,59.280173191412594,81.38469413872537,22.298438699769644,1.5182141878937276,1.1058590433059723,4.036157024793388,0.1210627066535181,0.0945748624059305,2009-01-22,0.49,amc,17336617021.0,2025-04-24,2008-12-31,-0.0408163265306122,20.832857142857144,64686151.11111111
2008-09-30,MSFT,USD,789019,2008-10-23,2008-10-23 16:11:32,2009,Q1,15061000000.0,2848000000.0,12213000000.0,0.8109023305,2283000000,887000000.0,3044000000.0,3931000000.0,0.0,6214000000.0,9062000000.0,0.0,0.0,585000000.0,6584000000.0,0.4371555674,5999000000.0,0.398313525,-8000000.0,5991000000.0,0.3977823518,1618000000.0,4373000000.0,0.2903525662,0.48,0.48,9084000000,9183000000,https://www.sec.gov/Archives/edgar/data/789019/000119312508215207/0001193125-08-215207-index.htm,https://www.sec.gov/Archives/edgar/data/789019/000119312508215207/d10q.htm,1.657970057243505,0.4813958608542492,0.3709819462791722,0.285336856010568,2.281153676794364,3.698150594451784,2.1360634081902248,3.698150594451784,0.21741523557904,242451960000.0,235422960000.0,13.86073404985136,16.097998804860236,71.94420178041543,93.53856481481482,7.217120914449009,7.217120914449009,15.631296726644978,35.756828675577154,69.85844510385756,90.82675925925926,0.0180365627895934,0.0106907776699351,0.0587902601655057,0.0303300213461922,-1.067588092345079,1.5257351433375712,0.0,0.7706380059455751,0.0041162793651987,0.2282186142236451,0.0588938317508797,0.1515835601885665,0.2179154445075786,0.2308605341246291,0.051656596507536,1.32991452991453,0.0294137175486355,6.32899468732257,0.1025273227143078,0.0858680071474856,-0.3115092470277411,12819000000.0,19404000000.0,5679000000.0,33561000000.0,11562000000.0,3692500000.0,1312500000.0,56.978288294269966,105.89536516853931,51.825842696629216,1.579549029889879,0.8498955535660997,1.7365853658536583,0.1301720545335476,0.0856450902686041,2008-10-23,0.47,amc,14747229166.0,2025-04-24,2008-09-30,0.0212765957446808,17.96344262295082,76198452.91803278
2008-06-30,MSFT,USD,789019,2008-07-31,2008-07-31 17:23:18,2008,Q4,15837000000.0,2866000000.0,12971000000.0,0.8190313822,2407000000,0.0,0.0,4880000000.0,0.0,7287000000.0,10153000000.0,0.0,0.0,608000000.0,6292000000.0,0.397297468,5684000000.0,0.3589063585,284000000.0,5968000000.0,0.3768390478,1671000000.0,4297000000.0,0.2713266401,0.47,0.46,9265000000,9404000000,https://www.sec.gov/Archives/edgar/data/789019/000119312508162768/0001193125-08-162768-index.htm,https://www.sec.gov/Archives/edgar/data/789019/000119312508162768/d10k.htm,1.7093362115488395,0.4637884511602806,0.4409066378845116,0.3094441446303292,2.5539125742039936,3.916459794927145,2.396654074473826,3.916459794927145,0.0,254880150000.0,244541150000.0,14.82895915755178,16.09396666035234,62.39416156670747,88.90134286710848,7.024200793694538,7.024200793694538,15.441128370272148,38.86540845518118,59.86319461444308,85.29513428671085,0.016858904077073,0.0112484240141886,0.0,0.0,-1.6431977113795295,1.4468982132101988,0.0,0.9506632534326274,0.0040018808840154,0.2373749127298115,0.0,0.1519858559070531,0.1934389295674034,0.2981640146878825,0.0769085053987497,2.0032894736842106,-0.0673107280419271,6.392902197141557,0.0953811288720895,0.073187764000545,-0.2332164058283864,13356000000.0,22205000000.0,6735000000.0,33679000000.0,11730000000.0,3817000000.0,879500000.0,77.22485319189241,126.67829727843684,30.931612002791347,1.165427919640886,0.7104610808130888,2.909644670050761,0.1184203273989968,0.1314624932541824,2008-07-17,0.47,amc,16181282608.0,2025-04-24,2008-06-30,-0.0212765957446807,21.25671875,99922935.8125
2008-03-31,MSFT,USD,789019,2008-04-24,2008-04-24 16:16:28,2008,Q3,14454000000.0,2514000000.0,11940000000.0,0.8260689083,2035000000,2341000000.0,3155000000.0,5496000000.0,0.0,7531000000.0,10045000000.0,0.0,0.0,532000000.0,4941000000.0,0.3418430884,4409000000.0,0.3050366681,401000000.0,4810000000.0,0.3327798533,422000000.0,4388000000.0,0.303583783,0.47,0.47,9307000000,9428000000,https://www.sec.gov/Archives/edgar/data/789019/000119312508089362/0001193125-08-089362-index.htm,https://www.sec.gov/Archives/edgar/data/789019/000119312508089362/d10q.htm,1.5530246051359191,0.4714730847749006,0.7609326313527452,0.6793811109917267,2.830235306758354,4.0350273987321374,2.747286988288385,4.0350273987321374,0.0,264132660000.0,252312660000.0,15.0485790793072,18.274018264840183,37.29633719288336,41.773313300648425,7.033409490333918,7.033409490333918,17.456251556662515,51.065100182149365,35.627317142050266,39.90394749327851,0.0166128641569732,0.0239387283647542,0.0,0.0,-2.392228293867638,1.535037738641409,0.0,1.613947128532361,0.0038730537904702,0.2331358249772105,0.1619620866196208,0.1407914764079147,0.1694064765997144,0.1071731149392827,0.0525114155251141,1.4266917293233083,0.02580600525806,6.5424883136088505,0.0920007614305288,0.0746741091181375,0.1008112173632749,14461000000.0,25569000000.0,8296000000.0,31962000000.0,10746000000.0,3606000000.0,764500000.0,61.463262764632624,128.8782816229117,27.708830548926016,1.4642893323878026,0.6983333333333334,3.248062015503876,0.1168450764232838,0.0815515203610185,2008-04-24,0.44,amc,13531404255.0,2025-04-24,2008-03-31,0.0681818181818181,26.49,74579079.9375
2007-12-31,MSFT,USD,789019,2008-01-24,2008-01-24 16:17:33,2008,Q2,16367000000.0,3543000000.0,12824000000.0,0.7835278304,1885000000,1066000000.0,3392000000.0,4458000000.0,0.0,6343000000.0,9886000000.0,0.0,0.0,481000000.0,6962000000.0,0.4253681188,6481000000.0,0.3959797153,339000000.0,6820000000.0,0.4166921244,2113000000.0,4707000000.0,0.2875908841,0.5,0.5,9361000000,9503000000,https://www.sec.gov/Archives/edgar/data/789019/000119312508011476/0001193125-08-011476-index.htm,https://www.sec.gov/Archives/edgar/data/789019/000119312508011476/d10q.htm,1.748424313641705,0.502830894135242,0.4878752270056617,0.4136310223266745,2.2514688601645125,3.678132678132678,2.393440871701741,3.678132678132678,0.0,333251600000.0,325791600000.0,17.69978755045677,20.361190199792265,72.96947668053427,86.06704545454545,9.67882431529726,9.67882431529726,19.905395002138448,46.79569089342143,71.33601926866652,84.14039256198348,0.0141244633184056,0.0116188489417605,0.0,0.0,-1.0715311692042515,1.7125306011424426,0.0,0.9702570639473124,0.0031027607969474,0.2196728277034204,0.0651310563939634,0.1151707704527402,0.1785889306345505,0.1521786730895555,0.0424634936152013,1.4449064449064448,0.0219954787071546,6.450834963328693,0.0987838243834314,0.0850975358414839,-0.2925702382224121,15717000000.0,22405000000.0,4867000000.0,32708000000.0,10301500000.0,3409000000.0,966500000.0,63.90236451396102,91.75275190516513,19.17866215071973,1.4083985887617243,0.9808970099667774,4.692715231788079,0.136708199006709,0.0742442046789872,2008-01-24,0.46,amc,15057640000.0,2025-04-24,2007-12-31,0.0869565217391303,28.8409375,69039795.125
2007-09-30,MSFT,USD,789019,2007-10-25,2007-10-25 16:12:14,2008,Q1,13762000000.0,2675000000.0,11087000000.0,0.8056241825,1837000000,718000000.0,2614000000.0,3332000000.0,0.0,5169000000.0,7844000000.0,0.0,0.0,435000000.0,6353000000.0,0.4616334835,5918000000.0,0.4300247057,298000000.0,6216000000.0,0.4516785351,1927000000.0,4289000000.0,0.3116552827,0.46,0.45,9380000000,9513000000,https://www.sec.gov/Archives/edgar/data/789019/000119312507225854/0001193125-07-225854-index.htm,https://www.sec.gov/Archives/edgar/data/789019/000119312507225854/d10q.htm,1.4671641791044776,0.4572494669509594,0.6266524520255864,0.5722814498933901,2.3,3.4259061833688698,2.160554371002132,3.4259061833688698,0.0,279242600000.0,272605600000.0,16.276672884122174,20.29084435401831,47.50639673358285,52.01985842026826,8.689671697526062,8.689671697526062,19.80857433512571,42.90974342830159,46.377271180673695,50.78345752608048,0.015359404331574,0.0192234279440171,0.0,0.0,-1.0447032897843538,1.5763717903622934,0.0,1.3704826299836792,0.0033590863285186,0.2186989974352996,0.0521726493242261,0.1334835053044615,0.1808058496458222,0.0867642055120789,0.03705856706874,1.1724137931034482,0.0241970643801773,5.936843434335435,0.0951815090005342,0.0797567688188039,-0.4915245202558635,13109000000.0,20266000000.0,2343000000.0,29593000000.0,10160000000.0,3226500000.0,1152500000.0,58.74000871966284,107.86542056074764,39.63364485981308,1.5321754620351815,0.8343730505302558,2.270797962648557,0.1334681811109382,0.0543710021321961,2007-10-25,0.39,amc,11927066666.0,2025-04-24,2007-09-30,0.1538461538461538,30.167377049180327,93912884.39344262
2007-06-30,MSFT,USD,789019,2007-08-03,2007-08-03 17:13:48,2007,Q4,13371000000.0,3237000000.0,10134000000.0,0.7579089073,1948000000,0.0,0.0,4197000000.0,0.0,6145000000.0,9382000000.0,0.0,0.0,381000000.0,4370000000.0,0.3268267145,3989000000.0,0.2983322115,295000000.0,4284000000.0,0.3203948845,1249000000.0,3035000000.0,0.2269837708,0.32,0.31,9505000000,9679000000,https://www.sec.gov/Archives/edgar/data/789019/000119312507170817/0001193125-07-170817-index.htm,https://www.sec.gov/Archives/edgar/data/789019/000119312507170817/d10k.htm,1.4067332982640717,0.3193056286165176,0.4631246712256707,0.376854287217254,2.4630194634402947,3.2716465018411363,2.678485007890584,3.2716465018411363,0.0,280112350000.0,274001350000.0,23.073504942339373,20.94924463390921,63.63297364834166,78.1999860413177,9.007696883943789,9.007696883943789,20.492210754618203,62.70053775743707,62.244741026806,76.49395589056392,0.0108349381953348,0.0127877260677724,0.0,0.0,-1.3983981693363845,1.6909994106255788,0.0,1.4504118616144974,0.0033986362971857,0.3136738056013179,0.0,0.1456884301847281,0.0892498139969289,0.186278964107224,0.0613267519258095,2.152230971128609,-0.0907935083389425,4.848168800158657,0.0716951375352722,0.052752333443415,0.0425039452919516,16414000000.0,25459000000.0,8094000000.0,26402000000.0,9896000000.0,3045000000.0,1438500000.0,76.31590756113978,90.27803521779424,31.334569045412422,1.1793085200211677,0.9969202340622112,2.8722271517302573,0.0975978390198411,0.0862703840084166,2007-07-19,0.39,amc,13371000000.0,2025-04-24,2007-06-30,0.0,33.46796875,72964969.625
2007-03-31,MSFT,USD,789019,2007-04-26,2007-04-26 16:11:25,2007,Q3,14398000000.0,2140000000.0,12258000000.0,0.8513682456,1750000000,983000000.0,2936000000.0,3919000000.0,0.0,5669000000.0,7809000000.0,0.0,0.0,445000000.0,7034000000.0,0.488540075,6589000000.0,0.4576330046,382000000.0,6971000000.0,0.4841644673,2045000000.0,4926000000.0,0.3421308515,0.51,0.5,9725000000,9862000000,https://www.sec.gov/Archives/edgar/data/789019/000119312507091808/0001193125-07-091808-index.htm,https://www.sec.gov/Archives/edgar/data/789019/000119312507091808/d10q.htm,1.4805141388174807,0.5065295629820051,0.7497172236503856,0.7023136246786632,2.903444730077121,3.5961953727506426,3.090694087403599,3.5961953727506426,0.0,271035750000.0,263424750000.0,13.755366930572473,18.824541603000416,37.17401591002606,39.68312591508053,7.749857032567982,7.749857032567982,18.295926517571885,37.45020614159795,36.1301261829653,38.568777452415816,0.0181747241830644,0.0251996277243869,0.0,0.0,-1.082030139323287,1.978221667360244,0.0,1.4801055623223711,0.0036010009749636,0.198132358911896,0.0682733713015696,0.1215446589804139,0.0769435444741826,0.0632286380469071,0.0320183358799833,1.0359550561797752,0.0222947631615502,6.401994500742646,0.110166165808524,0.0835269181856719,0.6718251928020565,21156000000.0,30057000000.0,13865000000.0,29995000000.0,9174500000.0,2893500000.0,1737500000.0,52.844839561050144,119.56542056074768,73.5981308411215,1.7030991246747105,0.7527259936686599,1.2228571428571429,0.140851514025105,0.0474035989717223,2007-04-26,0.46,amc,13516489795.0,2025-04-24,2007-03-31,0.0652173913043477,29.241904761904763,57853216.44444445
2006-12-31,MSFT,USD,789019,2007-01-25,2007-01-25 16:10:22,2007,Q2,12542000000.0,3620000000.0,8922000000.0,0.7113697975,1637000000,814000000.0,2999000000.0,3813000000.0,0.0,5450000000.0,9070000000.0,0.0,0.0,365000000.0,3837000000.0,0.3059320683,3472000000.0,0.2768298517,333000000.0,3805000000.0,0.303380641,1179000000.0,2626000000.0,0.209376495,0.27,0.26,9806000000,9942000000,https://www.sec.gov/Archives/edgar/data/789019/000119312507013034/0001193125-07-013034-index.htm,https://www.sec.gov/Archives/edgar/data/789019/000119312507013034/d10q.htm,1.2790128492759536,0.2677952274117887,0.2082398531511319,0.149908219457475,2.9444217825820926,3.7358759942892106,3.232714664491128,3.7358759942892106,0.0,292807160000.0,285948160000.0,27.87577684691546,23.346129803859032,143.39234084231146,199.18854421768708,7.992770650215647,7.992770650215647,22.799247328974644,74.52388845452177,140.03337904015672,194.5225578231293,0.0089683599267176,0.0050203690374238,0.0,0.0,-1.7875944748501431,2.033760972316003,0.0,0.7776085300837776,0.0033469126916158,0.3731911652703732,0.0649019295168234,0.1305214479349386,0.0743396965542179,0.2801175318315377,0.0456067612820921,1.5671232876712329,0.0348429277627172,4.744483073332724,0.0542662801423551,0.0427429724758695,0.7566540893330614,22965000000.0,31700000000.0,15443000000.0,31585000000.0,8387000000.0,2675000000.0,2123000000.0,71.00542178280976,73.19337016574585,42.88674033149171,1.2675088428499242,1.2296195652173914,2.0985507246376813,0.0716820440028389,0.0583316336936569,2007-01-25,0.23,amc,11094846153.0,2025-04-24,2006-12-31,0.1304347826086956,29.88968253968254,55277855.11111111
2006-09-30,MSFT,USD,789019,2006-10-26,2006-10-26 16:15:38,2007,Q1,10811000000.0,1696000000.0,9115000000.0,0.8431227454,1786000000,664000000.0,2191000000.0,2855000000.0,0.0,4641000000.0,6337000000.0,0.0,0.0,249000000.0,4723000000.0,0.4368698548,4474000000.0,0.4138377578,567000000.0,5041000000.0,0.46628434,1563000000.0,3478000000.0,0.3217093701,0.35,0.35,9929000000,10010000000,https://www.sec.gov/Archives/edgar/data/789019/000119312506215912/0001193125-06-215912-index.htm,https://www.sec.gov/Archives/edgar/data/789019/000119312506215912/d10q.htm,1.088830697955484,0.350287037969584,0.4090039278880048,0.3676100312216739,3.2059623325611843,3.635914996474973,3.145130426024776,3.635914996474973,0.0,271558150000.0,262482150000.0,19.51970600920069,25.118689297937287,66.8697734548141,74.39949315068493,7.522178056009529,7.522178056009529,24.279173989455185,55.57530171501165,64.63485594681113,71.91291780821918,0.0128075699440432,0.013440951781414,0.0,0.0,-1.92165996188863,2.0643546331694886,0.0,1.167625071880391,0.0033031599309392,0.257906843013226,0.0614189251688095,0.1652021089630931,0.0745631483918352,0.1012065993597636,0.0380168347053926,1.6506024096385543,0.0421792618629174,5.353159125651804,0.0711539951714552,0.0575056629354673,0.9063097995769966,23386000000.0,31228000000.0,16105000000.0,31452000000.0,8097500000.0,2657500000.0,1999500000.0,57.26667283322542,127.67688679245283,133.77948113207546,1.5715947085332171,0.7049044056525353,0.6727489091630305,0.0963408215838896,0.0413938966663309,2006-10-26,0.31,amc,9575457142.0,2025-04-24,2006-09-30,0.129032258064516,29.09032786885246,63844149.44262295
2006-06-30,MSFT,USD,789019,2006-08-25,2006-08-25 17:13:53,2006,Q4,11804000000.0,2130000000.0,9674000000.0,0.819552694,1861000000,0.0,0.0,3932000000.0,0.0,5793000000.0,7923000000.0,0.0,0.0,261000000.0,4142000000.0,0.3508980007,3881000000.0,0.3287868519,377000000.0,4258000000.0,0.3607251779,1430000000.0,2828000000.0,0.2395798035,0.28,0.28,10189000000,10243000000,https://www.sec.gov/Archives/edgar/data/789019/000119312506180008/0001193125-06-180008-index.htm,https://www.sec.gov/Archives/edgar/data/789019/000119312506180008/d10k.htm,1.1585042693100402,0.2775542251447639,0.3220139365982922,0.2488958680930415,3.352733339876337,3.936009421925606,3.503680439689861,3.936009421925606,0.0,237403700000.0,230689700000.0,20.986890028288546,20.11213995255845,72.35711673270345,93.61344637223976,5.919701276680631,5.919701276680631,19.543349711962048,55.69524384355384,70.31078939347759,90.96597003154574,0.0119121985040671,0.0106822260984138,0.0,0.0,-1.6209560598744568,2.183851706621513,0.0,1.16018387553041,0.0038626188218633,0.3242574257425742,0.0,0.1576584208742799,0.0632929580298001,0.2270649192319414,0.0631141985767536,2.8544061302682,-0.1145374449339207,4.957848426330082,0.0546625190333249,0.0433795557737145,1.216409853763863,26568000000.0,35699000000.0,19517000000.0,34017000000.0,8067000000.0,2631500000.0,1295500000.0,71.03015926804473,122.91549295774648,62.45070422535211,1.2670674109059683,0.7322103815744242,1.4411366711772666,0.0705166566925992,0.0731180685052507,2006-07-20,0.3,amc,11423225806.0,2025-04-24,2006-06-30,0.0333333333333333,29.009206349206348,58307986.0952381
2006-03-31,MSFT,USD,789019,2006-04-27,2006-04-27 16:11:19,2006,Q3,10900000000.0,2028000000.0,8872000000.0,0.8139449541,1617000000,1005000000.0,2362000000.0,3367000000.0,0.0,4984000000.0,7012000000.0,0.0,0.0,177000000.0,4065000000.0,0.3729357798,3888000000.0,0.3566972477,427000000.0,4315000000.0,0.3958715596,1338000000.0,2977000000.0,0.2731192661,0.29,0.29,10303000000,10415000000,https://www.sec.gov/Archives/edgar/data/789019/000119312506091033/0001193125-06-091033-index.htm,https://www.sec.gov/Archives/edgar/data/789019/000119312506091033/d10q.htm,1.0579442880714356,0.2889449674851985,0.4428807143550422,0.4135688634378336,3.379209938852761,4.080170824031836,3.685140250412501,4.080170824031836,0.0,280344630000.0,275993630000.0,23.542545347665435,25.719690825688076,61.43866535174227,65.79315418915748,6.668838431894952,6.668838431894952,25.32051651376147,67.89511193111932,60.48512601358755,64.77203238676367,0.0106190726749429,0.0151991497037057,0.0,0.0,-1.0703567035670356,2.538683508466271,0.0,1.532751091703057,0.003299510320565,0.3107154853879744,0.0922018348623853,0.148348623853211,0.0608789302061208,0.0661845277229892,0.0277064220183486,1.7062146892655368,0.0343119266055045,5.150364898421132,0.0553221406767629,0.0474165392456676,1.5209162379889352,28261000000.0,37968000000.0,21812000000.0,34874000000.0,7288000000.0,2415500000.0,1058000000.0,56.2954128440367,104.46745562130178,49.39349112426036,1.5987092989146376,0.8615123194562447,1.8221024258760108,0.0708168799657452,0.0293118509172085,2006-04-27,0.33,amc,11240625000.0,2025-04-24,2006-03-31,-0.0303030303030303,24.966031746031742,56626073.14285714
2005-12-31,MSFT,USD,789019,2006-03-03,2006-03-03 16:40:58,2006,Q2,11837000000.0,2239000000.0,9598000000.0,0.8108473431,1591000000,661000000.0,2689000000.0,3350000000.0,0.0,4941000000.0,7180000000.0,0.0,0.0,231000000.0,4888000000.0,0.4129424685,4657000000.0,0.3934273887,480000000.0,5137000000.0,0.4339782039,1484000000.0,3653000000.0,0.3086086002,0.35,0.34,10560000000,10638000000,https://www.sec.gov/Archives/edgar/data/789019/000119312506045107/0001193125-06-045107-index.htm,https://www.sec.gov/Archives/edgar/data/789019/000119312506045107/d10qa.htm,1.1209280303030302,0.3459280303030303,0.2112689393939394,0.181155303030303,3.286079545454545,4.1863636363636365,3.805776515151515,4.1863636363636365,0.0,276144000000.0,272061000000.0,18.89843963865316,23.32888400777224,123.77588525324964,144.35128071092524,6.246471226927253,6.246471226927253,22.98394863563403,55.658960720130935,121.94576423128642,142.21693674856246,0.0132286053653166,0.0069275450489599,0.0,0.0,-0.8353109656301145,2.788200871797934,0.0,0.6107309061045716,0.003063618981401,0.2315904735833561,0.0558418518205626,0.134409056348737,0.0597558618433768,0.1425369789332138,0.0268649150967305,1.3766233766233766,0.043423164653206,5.708245076583419,0.0655645335622205,0.0577659002498497,1.7018939393939394,29947000000.0,40189000000.0,23645000000.0,36418000000.0,6778500000.0,2164500000.0,864500000.0,58.986229618991295,99.56677087985707,40.317105850826266,1.525779840164991,0.9039160274525636,2.2323030907278167,0.0826321027868259,0.0301136363636363,2006-01-26,0.33,amc,11837000000.0,2025-04-24,2005-12-31,0.0,24.160158730158727,91194244.50793652
2005-09-30,MSFT,USD,789019,2005-10-27,2005-10-27 16:16:19,2006,Q1,9741000000.0,1253000000.0,8488000000.0,0.8713684427,1515000000,982000000.0,1945000000.0,2927000000.0,0.0,4442000000.0,5695000000.0,0.0,0.0,234000000.0,4280000000.0,0.4393799405,4046000000.0,0.4153577661,506000000.0,4552000000.0,0.4673031516,1411000000.0,3141000000.0,0.3224514937,0.29,0.29,10696000000,10772000000,https://www.sec.gov/Archives/edgar/data/789019/000119312505209978/0001193125-05-209978-index.htm,https://www.sec.gov/Archives/edgar/data/789019/000119312505209978/d10q.htm,0.9107142857142856,0.2936611817501869,0.4047307404637247,0.3848167539267015,3.74495138369484,4.518231114435303,4.143698578908003,4.518231114435303,0.0,275208080000.0,272234080000.0,21.904495383635787,28.252549019607844,63.57313005313005,66.86299319727891,5.6947064787799775,5.6947064787799775,27.947241556308388,63.60609345794393,62.88613536613536,66.14044703595724,0.0114131823455183,0.0149559562350058,0.0,0.0,-0.6948598130841122,2.927446833509576,0.0,1.3782234957020056,0.0031140074085034,0.2728430436166826,0.1008110050302843,0.1555281798583307,0.0560577649659959,0.0492030492030492,0.0218663381582999,0.9102564102564102,0.0476337131711323,5.463849786636208,0.0512830025864885,0.0465636859582542,2.0225551608077788,32809000000.0,44321000000.0,26696000000.0,39166000000.0,6489500000.0,1969000000.0,608500000.0,53.578688019710505,133.024740622506,52.14684756584198,1.679772374547336,0.6765658747300216,1.7258953168044078,0.0649947234465205,0.0199139865370231,2005-10-27,0.3,amc,9426774193.0,2025-04-24,2005-09-30,0.0333333333333333,27.03790322580645,62544996.19354839
2005-06-30,MSFT,USD,789019,2005-08-26,2005-08-25 19:59:54,2005,Q4,10161000000.0,1410000000.0,8751000000.0,0.8612341305,1691000000,0.0,0.0,4071000000.0,0.0,5762000000.0,7172000000.0,0.0,0.0,282000000.0,3271000000.0,0.3219171341,2989000000.0,0.2941639602,872000000.0,3861000000.0,0.3799822852,161000000.0,3700000000.0,0.3641373881,0.34,0.34,10749000000,10822000000,https://www.sec.gov/Archives/edgar/data/789019/000119312505174825/0001193125-05-174825-index.htm,https://www.sec.gov/Archives/edgar/data/789019/000119312505174825/d10k.htm,0.9452972369522746,0.3442180667969113,0.369894873941762,0.3457065773560331,3.512047632337892,4.476230347009024,4.121964833938041,4.476230347009024,0.0,267005160000.0,262154160000.0,18.040889189189187,26.27744906997343,67.1542152917505,71.85284176533908,5.549312272680037,5.549312272680037,25.8000354295837,80.14495872821767,65.93414486921529,70.54740581270183,0.013857410096494,0.0139173340320464,0.0,0.0,-1.4830327117089577,2.887776263553949,0.0,1.0745945945945945,0.0032171662899698,0.2321621621621621,0.0,0.1664206278909556,0.0537739179552354,0.0653923541247484,0.0255880326739494,0.9219858156028368,-0.188268871174097,5.887952574806039,0.0531047047417695,0.0552181115405853,1.9240394455298169,31860000000.0,44307000000.0,26037000000.0,38014000000.0,6395000000.0,1861000000.0,415500000.0,63.596102745792734,133.14893617021278,31.340425531914896,1.4151810584958218,0.675934803451582,2.8716904276985744,0.0768990959160345,0.0241882965857289,2005-07-21,0.31,amc,9843468750.0,2025-04-24,2005-06-30,0.032258064516129,26.434603174603176,66104780.44444445
2005-03-31,MSFT,USD,789019,2005-04-28,2005-04-28 16:14:24,2005,Q3,9620000000.0,1363000000.0,8257000000.0,0.8583160083,1508000000,1286000000.0,2098000000.0,3446000000.0,0.0,4928000000.0,6291000000.0,0.0,0.0,282000000.0,3611000000.0,0.3753638254,3329000000.0,0.346049896,496000000.0,3825000000.0,0.3976091476,1262000000.0,2563000000.0,0.2664241164,0.24,0.23,10856000000,10931000000,https://www.sec.gov/Archives/edgar/data/789019/000119312505088562/0001193125-05-088562-index.htm,https://www.sec.gov/Archives/edgar/data/789019/000119312505088562/d10q.htm,0.8861459100957996,0.2360906411201179,0.4608511422254974,0.4421518054532056,3.462969786293294,4.363761974944731,4.034082535003685,4.363761974944731,0.0,262389520000.00003,258607520000.00003,25.59398361295357,27.275417879417883,52.44643613831701,54.66448333333334,5.538798893884702,5.538798893884702,26.882278586278588,71.6165937413459,51.6904897061763,53.87656666666667,0.0097679206090243,0.0182934135479191,0.0,0.0,-1.0473553032400995,2.8869818452196543,0.0,1.952009364026532,0.0033728481228975,0.3452984783456886,0.1336798336798337,0.1567567567567567,0.0540022632968691,0.0405756546072356,0.0211018711018711,0.7198581560283688,0.0641372141372141,4.814610643978036,0.0444919335746638,0.0408798009442388,2.1250460574797345,30454000000.0,43794000000.0,27691000000.0,36354000000.0,6128000000.0,1604500000.0,322000000.0,52.48440748440749,108.02641232575202,22.45047688921497,1.714795008912656,0.8331295843520783,4.008823529411765,0.0541025478648175,0.0186993367722918,2005-04-28,0.32,amc,9620000000.0,2025-04-24,2005-03-31,0.0,26.2678125,64623469.25
2004-12-31,MSFT,USD,789019,2005-01-27,2005-01-27 16:07:11,2005,Q2,10818000000.0,1922000000.0,8896000000.0,0.8223331485,1437000000,564000000.0,2146000000.0,2710000000.0,0.0,4147000000.0,6069000000.0,0.0,0.0,108000000.0,4857000000.0,0.4489739323,4749000000.0,0.4389905713,420000000.0,5169000000.0,0.4778147532,1706000000.0,3463000000.0,0.3201146238,0.32,0.32,10877000000,10956000000,https://www.sec.gov/Archives/edgar/data/789019/000119312505013133/0001193125-05-013133-index.htm,https://www.sec.gov/Archives/edgar/data/789019/000119312505013133/d10q.htm,0.9945757102142134,0.3183782292911648,0.3327204192332444,0.3165394869908982,3.172198216419969,4.342373816309644,4.011492139376666,4.342373816309644,0.0,290633440000.0,286077440000.0,20.981334103378572,26.86572749121834,80.30766510085658,84.41284925936684,6.153316395663956,6.153316395663956,26.44457755592531,58.90002882437719,79.0487537993921,83.08958466453674,0.0119153528926334,0.0118465376867851,0.0,0.0,-0.9380275890467368,2.9510800930541707,0.0,1.0450476465492349,0.1152585882753202,9.673115795552988,0.0521353300055463,0.1328341652800887,0.0554195346545325,0.0486322188449848,0.0162691809946385,1.6296296296296295,0.0509336291366241,5.577332601480039,0.0637650049770382,0.0564539793290078,2.0163188379148664,29354000000.0,43633000000.0,26690000000.0,35289000000.0,5876000000.0,1506000000.0,456000000.0,55.29118136439268,73.6576482830385,14.235171696149845,1.6277460126391814,1.2218690400508585,6.322368421052632,0.0733189363143631,0.0161809322423462,2005-01-27,0.33,amc,10199828571.0,2025-04-24,2004-12-31,0.0606060606060604,25.17796875,64442368.0
2004-09-30,MSFT,USD,789019,2004-11-09,2004-11-08 19:47:03,2005,Q1,9189000000.0,1405000000.0,7784000000.0,0.8470997932,1548000000,1015000000.0,1663000000.0,2760000000.0,0.0,4290000000.0,5695000000.0,0.0,0.0,183000000.0,3677000000.0,0.4001523561,3494000000.0,0.3802372402,279000000.0,3773000000.0,0.41059963,1245000000.0,2528000000.0,0.2751115464,0.23,0.23,10873000000,10920000000,https://www.sec.gov/Archives/edgar/data/789019/000119312504189841/0001193125-04-189841-index.htm,https://www.sec.gov/Archives/edgar/data/789019/000119312504189841/d10q.htm,0.8451209417823967,0.2325025292007725,0.3685275452956865,0.3526165731628805,5.924307918697692,6.9848247953646645,6.6492228455807965,6.9848247953646645,0.0,300638450000.0,289497450000.0,29.730859375,32.71721079551638,75.02831295233342,78.41378455920709,3.9585817554578258,3.9585817554578258,31.504782892588967,78.7319689964645,72.24792862490641,75.5079420970266,0.0084087713996662,0.0127528597888926,0.0,0.0,-3.029915692140332,4.610461071405983,0.0,1.5850474683544304,0.0028938414231446,0.3441455696202531,0.1104581564914571,0.168462291870715,0.0387087877116306,0.0431744447217369,0.0188268582000217,0.9453551912568308,0.0810751986070301,6.044812833851635,0.0298388078159813,0.0278970193888698,4.619378276464637,57085000000.0,72297000000.0,54574000000.0,63051000000.0,5498000000.0,1578000000.0,514500000.0,50.00979431929481,92.17793594306048,38.946619217081846,1.799647473560517,0.9763724808895066,2.3108552631578947,0.0332868090485344,0.015910972132806,2004-10-21,0.3,amc,8892580645.0,2025-04-24,2004-09-30,0.0333333333333333,25.600983606557374,73156757.18032786
2004-06-30,MSFT,USD,789019,2004-09-01,2004-09-01 17:03:00,2004,Q4,9292000000.0,1481000000.0,7811000000.0,0.8406155833,1659000000,0.0,0.0,3019000000.0,0.0,4678000000.0,6159000000.0,0.0,0.0,309000000.0,3442000000.0,0.3704261731,3133000000.0,0.3371717607,571000000.0,3704000000.0,0.3986224709,1014000000.0,2690000000.0,0.2894963409,0.25,0.25,10824000000,10879000000,https://www.sec.gov/Archives/edgar/data/789019/000119312504150689/0001193125-04-150689-index.htm,https://www.sec.gov/Archives/edgar/data/789019/000119312504150689/d10k.htm,0.8584626755358463,0.2485218033998522,0.1531781226903178,0.1017184035476718,5.597930524759793,6.912878787878788,6.572524020694752,6.912878787878788,0.0,309133440000.0,294829440000.0,28.72987360594795,33.268773138183384,186.44960193003612,280.7751498637602,4.131419178082192,4.131419178082192,31.72938441670254,85.65643230679838,177.82234016887816,267.7833242506812,0.0087017438165214,0.0035615687516691,0.0,0.0,-4.155723416618245,4.71414256129334,0.0,0.61635687732342,0.0055930539251916,0.6427509293680297,0.0,0.178540680154972,0.0390386571719226,0.335946924004825,0.059944037882049,1.802588996763754,-0.4283254412397762,6.217316528743326,0.028656732134284,0.0296634466940143,4.219974131559497,55597000000.0,71141000000.0,51023000000.0,61607000000.0,5413500000.0,1564500000.0,481500000.0,57.04907447266466,104.34166103983794,25.58406482106685,1.5775891341256367,0.8625509609784507,3.517814726840855,0.0359505512863347,0.0514597191426459,2004-07-22,0.29,amc,9612413793.0,2025-04-24,2004-06-30,-0.0344827586206894,27.71203125,76255196.1875
2004-03-31,MSFT,USD,789019,2004-05-03,2004-05-03 17:05:33,2004,Q3,9175000000.0,1411000000.0,7764000000.0,0.8462125341,1538000000,3020000000.0,1928000000.0,4948000000.0,0.0,6486000000.0,7897000000.0,0.0,0.0,249000000.0,1527000000.0,0.1664305177,1278000000.0,0.1392915531,1001000000.0,2279000000.0,0.2483923706,964000000.0,1315000000.0,0.1433242507,0.12,0.12,10785000000,10856000000,https://www.sec.gov/Archives/edgar/data/789019/000119312504076795/0001193125-04-076795-index.htm,https://www.sec.gov/Archives/edgar/data/789019/000119312504076795/d10q.htm,0.8507185906351414,0.1219286045433472,0.4608252202132591,0.4410755679184052,5.2301344459898,6.544274455261938,6.2003708854891055,6.544274455261938,0.0,268870050000.0,259522050000.0,51.11597908745247,29.30463760217984,54.09860160965795,56.52092705486651,3.8094368092944175,3.8094368092944175,28.28578201634877,169.95550098231828,52.21771629778672,54.55582299768762,0.0048908385296168,0.0176925618900282,0.0,0.0,-6.12180746561886,4.083458458458458,0.0,3.779467680608365,0.0,0.0,0.3291553133514986,0.1676294277929155,0.0413180790268138,0.0428571428571428,0.0232152588555858,0.8554216867469879,0.0815258855585831,4.237159505113319,0.0099943826237556,0.0152803922935694,3.819541029207232,49286000000.0,66871000000.0,46083000000.0,55253000000.0,5272500000.0,1386000000.0,581500000.0,48.4283378746594,90.06378454996457,34.571226080793764,1.8584160421308489,0.9992917847025496,2.603321033210332,0.0186313403230376,0.0197496522948539,2004-04-22,0.29,amc,7825735294.0,2025-04-24,2004-03-31,0.1724137931034484,27.655625,59274588.25
2003-12-31,MSFT,USD,789019,2004-02-06,2004-02-06 14:12:45,2004,Q2,10153000000.0,2344000000.0,7809000000.0,0.7691322762,2971000000,896000000.0,2467000000.0,3363000000.0,0.0,6334000000.0,8678000000.0,0.0,0.0,300000000.0,1775000000.0,0.1748251748,1475000000.0,0.145277258,837000000.0,2312000000.0,0.227715946,763000000.0,1549000000.0,0.1525657441,0.14,0.14,10810000000,10899000000,https://www.sec.gov/Archives/edgar/data/789019/000119312504016249/0001193125-04-016249-index.htm,https://www.sec.gov/Archives/edgar/data/789019/000119312504016249/d10q.htm,0.939222941720629,0.1432932469935245,0.4231267345050878,0.4072155411655874,4.882238667900093,6.414708603145236,6.095097132284922,6.414708603145236,0.0,295869700000.0,289720700000.0,47.75172692059393,29.141111001674386,64.68511149978137,67.21256247160382,4.266756557979897,4.266756557979897,28.53547719885748,163.22292957746478,63.34077393965895,65.81569741026806,0.0052354127509508,0.0148781710327214,0.0,0.0,-3.464225352112676,4.480505492927407,0.0,2.952872821174952,0.0058437886677817,1.1162040025823112,0.0882497783906234,0.2926228700876588,0.0402038702770634,0.0376038478355924,0.0169408056732,0.5733333333333334,0.3183295577661775,4.547708164107992,0.013723433980959,0.0187798549986663,3.764986123959297,48473000000.0,65888000000.0,45806000000.0,54106000000.0,5070500000.0,1350500000.0,860000000.0,49.71141534521816,52.218430034129696,23.843856655290104,1.8104493580599144,1.723529411764706,3.7745571658615136,0.022338231688851,0.0159111933395004,2004-01-22,0.3,amc,8958529411.0,2025-04-24,2003-12-31,0.1333333333333334,26.43790322580645,68505624.06451613
2003-09-30,MSFT,USD,789019,2003-11-13,2003-11-13 17:21:58,2004,Q1,8215000000.0,1480000000.0,6735000000.0,0.8198417529,1611000000,0.0,0.0,1976000000.0,0.0,3587000000.0,5067000000.0,0.0,0.0,328000000.0,3476000000.0,0.4231284236,3148000000.0,0.3832014607,753000000.0,3901000000.0,0.4748630554,1287000000.0,2614000000.0,0.3181984175,0.24,0.24,10811000000,10885000000,https://www.sec.gov/Archives/edgar/data/789019/000119312503080353/0001193125-03-080353-index.htm,https://www.sec.gov/Archives/edgar/data/789019/000119312503080353/d10q.htm,0.7598742022014615,0.2417907686615484,0.3167144574969938,0.301267227823513,4.774951438349829,6.167792063638887,5.843492738877069,6.167792063638887,0.0,300545800000.0,294777800000.0,28.74385998469778,36.58500304321363,87.77622663551402,92.27688056493706,4.507285542891422,4.507285542891422,35.88287279367012,84.80373993095512,86.09164719626168,90.50592569849556,0.0086975096640844,0.0108369506411335,0.0,0.0,-1.6593785960874567,4.034309180023844,0.0,1.3098699311400153,0.0,0.0,0.0,0.1961046865489957,0.0415989368896904,0.0487733644859813,0.0203286670724284,0.5091463414634146,0.0,5.792632531092103,0.0304905294790407,0.0323614979882389,3.51218666173342,45812000000.0,63174000000.0,43309000000.0,51511000000.0,4864500000.0,1457000000.0,869500000.0,49.66159464394401,81.5472972972973,66.83108108108108,1.8122656077652768,1.10365398956003,1.3466787989080982,0.0392021595680863,0.0154472296734807,2003-10-23,0.29,amc,7941166666.0,2025-04-24,2003-09-30,0.0344827586206896,26.65741935483871,64066348.25806452
2003-06-30,MSFT,USD,789019,2003-09-05,2003-09-04 19:42:47,2003,Q4,8065000000.0,1238000000.0,6827000000.0,0.8464972102,1336000000,0.0,0.0,3298000000.0,0.0,4634000000.0,5872000000.0,0.0,0.0,472000000.0,2665000000.0,0.3304401736,2193000000.0,0.2719156851,674000000.0,2867000000.0,0.3554866708,946000000.0,1921000000.0,0.2381897086,0.14,0.14,10732000000,10738000000,https://www.sec.gov/Archives/edgar/data/789019/000119312503045632/0001193125-03-045632-index.htm,https://www.sec.gov/Archives/edgar/data/789019/000119312503045632/d10k.htm,0.751490868430861,0.178997390980246,0.2505590756615728,0.2251211330600074,4.570257174804324,6.048453224002982,5.721207603428997,5.685799478196049,0.0,275168480000.0,268730480000.0,35.81057782404997,34.11884438933664,102.33115656377836,113.89423841059605,4.509480170435923,4.509480170435923,33.32058028518289,100.8369530956848,99.9369579769431,111.22950331125828,0.0069811774953294,0.0087800753923559,0.0,0.0,-2.415759849906191,4.2201946472019465,0.0,1.3997917751171265,0.0,0.0,0.0,0.1656540607563546,0.0429697058679586,0.101524730383042,0.0338499690018598,0.5783898305084746,0.0,4.785313325714794,0.0216859136960396,0.0245589363334185,3.395918747670518,44999000000.0,61400000000.0,42153000000.0,50734000000.0,4635500000.0,1441500000.0,622000000.0,57.98388096714198,114.35379644588043,46.52665589660743,1.5521555042340265,0.7870311506675143,1.934375,0.0314814814814814,0.0254379426015654,2003-07-17,0.24,amc,8401041666.0,2025-04-24,2003-06-30,-0.0416666666666665,27.0103125,67697715.75
2003-03-31,MSFT,USD,789019,2003-05-12,2003-05-12 17:14:38,2003,Q3,7835000000.0,1274000000.0,6561000000.0,0.8373962987,1111000000,300000000.0,1494000000.0,2125000000.0,0.0,3817000000.0,5091000000.0,0.0,0.0,419000000.0,3163000000.0,0.4037013401,2744000000.0,0.3502233567,453000000.0,3197000000.0,0.4080408424,1055000000.0,2142000000.0,0.2733886407,0.2,0.2,10715000000,10837000000,https://www.sec.gov/Archives/edgar/data/789019/000103221003000809/0001032210-03-000809-index.htm,https://www.sec.gov/Archives/edgar/data/789019/000103221003000809/d10q.htm,0.731217918805413,0.1999066728884741,0.3890807279514699,0.3720951936537564,4.30965935604293,5.439290713952404,5.125991600559963,5.439290713952404,0.0,259410150000.0,255110150000.0,30.276628151260503,33.10914486279515,62.22359078915808,65.06399548532731,4.450947977076971,4.450947977076971,32.56032546266752,80.65448940878912,61.19216838570401,63.98549034361675,0.0082571942539642,0.0153694834222947,0.0,0.0,-1.3594688586784698,4.154091634374288,0.0,1.0007201152184348,0.0001850351653549,0.0224089635854341,0.0382897255902999,0.1417996171027441,0.0450712923927928,0.0436555528903813,0.0232291001914486,0.4853333333333333,0.0,4.94624973729961,0.0299813861979844,0.030115992970123,3.111175921605226,41511000000.0,54925000000.0,38472000000.0,47076000000.0,4484500000.0,1326000000.0,627000000.0,46.80918953414167,92.54317111459967,42.66875981161695,1.922699386503068,0.9725190839694656,2.109271523178808,0.0367523420610136,0.0169855342977134,2003-04-15,0.24,amc,6964444444.0,2025-04-24,2003-03-31,0.1250000000000001,27.11125,54998342.25
2002-12-31,MSFT,USD,789019,2003-01-31,2003-01-31 17:23:05,2003,Q2,8541000000.0,2137000000.0,6404000000.0,0.749795106,1118000000,427000000.0,1703000000.0,2656000000.0,0.0,4171000000.0,6308000000.0,0.0,0.0,275000000.0,2508000000.0,0.2936424306,2233000000.0,0.2614447957,363000000.0,2596000000.0,0.3039456738,731000000.0,1865000000.0,0.218358506,0.17,0.17,10703000000,10846000000,https://www.sec.gov/Archives/edgar/data/789019/000103221003000121/0001032210-03-000121-index.htm,https://www.sec.gov/Archives/edgar/data/789019/000103221003000121/d10q.htm,0.7980005605904886,0.1742502102214332,0.2585256470148556,0.2327384845370456,4.057180229842101,5.214612725404092,4.900308324768757,5.214612725404092,0.0,276672550000.0,271120550000.0,37.087473190348526,32.39346095305,99.99007950849295,111.0688679245283,4.957223356984161,4.957223356984161,31.74341997424189,108.10229266347687,97.98357426816048,108.8400441589723,0.0067408205114674,0.0090034229994988,0.0,0.0,-2.2137161084529504,3.8871263861349785,0.0,1.4836461126005362,0.0002168628582777,0.032171581769437,0.0499941458845568,0.1308980213089802,0.0464904158432261,0.0997470184315142,0.032314717246224,0.9355932203389832,0.0,4.52156672864208,0.0273095247300894,0.027030944271324,2.8844716434644493,39314000000.0,52448000000.0,36384000000.0,44935000000.0,4672000000.0,1265500000.0,804500000.0,51.57007376185459,56.51848385587272,27.37482452035564,1.7451982018798529,1.5923994038748135,3.287692307692308,0.0334157528846843,0.0257871624778099,2003-01-16,0.23,amc,7275666666.0,2025-04-24,2002-12-31,0.1739130434782609,25.227777777777774,65814045.07936508
2002-09-30,MSFT,USD,789019,2002-11-14,2002-11-14 16:16:23,2003,Q1,7746000000.0,1344000000.0,6402000000.0,0.8264910922,1094000000,183000000.0,1220000000.0,1667000000.0,0.0,3374000000.0,4718000000.0,0.0,0.0,273000000.0,3301000000.0,0.4261554351,3028000000.0,0.3909114382,19000000.0,3047000000.0,0.3933643171,1006000000.0,2041000000.0,0.263490834,0.19,0.19,10739000000,10933000000,https://www.sec.gov/Archives/edgar/data/789019/000103221002001614/0001032210-02-001614-index.htm,https://www.sec.gov/Archives/edgar/data/789019/000103221002001614/d10q.htm,0.721296210075426,0.1900549399385417,0.5747276282707887,0.5598286618865816,3.768972902504889,4.983331781357668,4.657696247322842,4.983331781357668,0.0,234861930000.0,229523930000.0,28.76799730524253,30.320414407436097,38.052807841866496,39.06552395209581,4.388630129307123,4.388630129307123,29.631284533953007,69.53163586791881,37.187934219053794,38.17763306719893,0.0086902121599699,0.0255980183761582,0.0,0.0,-1.617085731596486,3.637639020135204,0.0,3.024007839294464,0.0,0.0,0.0236250968241673,0.1412341853860056,0.0497899907453548,0.0259235255994815,0.0206558223599277,0.5387205387205387,0.0,4.616265103305328,0.0359126218255673,0.0305822769636488,2.567557500698389,36286000000.0,50019000000.0,33324000000.0,41972000000.0,4789500000.0,1198500000.0,816000000.0,51.70410534469404,79.62053571428571,64.21875,1.7406741573033708,1.1303616484440706,1.4014598540145986,0.038138126915315,0.014898966384207,2002-10-17,0.21,amc,5809499999.0,2025-04-24,2002-09-30,0.3333333333333335,24.991967213114755,73025313.96721311
2002-06-30,MSFT,USD,789019,2002-09-06,2002-09-05 20:20:11,2002,Q4,7253000000.0,1368000000.0,5885000000.0,0.811388391,1184000000,0.0,0.0,1827000000.0,0.0,3011000000.0,4379000000.0,0.0,0.0,359000000.0,3233000000.0,0.4457465876,2874000000.0,0.3962498277,-631000000.0,2243000000.0,0.3092513443,718000000.0,1525000000.0,0.2102578243,0.14,0.13,10829000000,11049000000,https://www.sec.gov/Archives/edgar/data/789019/000103221002001351/0001032210-02-001351-index.htm,https://www.sec.gov/Archives/edgar/data/789019/000103221002001351/d10k.htm,0.6697756025487118,0.1408255609936282,0.3171114599686028,0.2910702742635516,3.569304644934897,4.818542801736079,4.664419613999446,4.818542801736079,0.0,285127570000.0,282111570000.0,46.74222459016393,39.3116737901558,83.03074257425742,90.45925444162437,5.464307589114603,5.464307589114603,38.89584585688681,87.25999690689761,82.15246651135702,89.50240164974619,0.0053484831368639,0.0110547008835378,0.0,0.0,-0.9328796783173524,3.8116760828625234,0.0,2.2518032786885245,0.0,0.0,0.0,0.1632427960843789,0.0246725600922449,0.0821199767035527,0.0388804632565834,0.7855153203342619,0.0,3.907417925893208,0.0355909162376838,0.0231141155251072,2.527403268999908,35832000000.0,50511000000.0,33110000000.0,39769000000.0,4679500000.0,1172000000.0,336500000.0,63.64400937543085,79.47368421052632,44.276315789473685,1.4141158120491324,1.1324503311258278,2.0326894502228825,0.0292257569950172,0.0260411857050512,2002-07-18,0.21,amc,7253000000.0,2025-04-24,2002-06-30,0.0,26.56265625,83108448.75
2002-03-31,MSFT,USD,789019,2002-04-30,2002-04-29 19:42:23,2002,Q3,7245000000.0,1395000000.0,5850000000.0,0.8074534161,1066000000,246000000.0,1240000000.0,1486000000.0,0.0,2552000000.0,3947000000.0,0.0,0.0,148000000.0,3446000000.0,0.4756383713,3298000000.0,0.45521049,728000000.0,4026000000.0,0.5556935818,1288000000.0,2738000000.0,0.377915804,0.25,0.25,10830000000,11129000000,https://www.sec.gov/Archives/edgar/data/789019/000103221002000709/0001032210-02-000709-index.htm,https://www.sec.gov/Archives/edgar/data/789019/000103221002000709/d10q.htm,0.6689750692520776,0.2528162511542013,0.380517082179132,0.3651892890120037,3.572760849492151,5.013850415512465,4.85595567867036,5.013850415512465,0.0,326957700000.0,321841700000.0,29.853697954711468,45.12873706004141,79.33940791070128,82.66945638432364,6.021320441988951,6.021320441988951,44.42259489302968,93.39573418456182,78.09796165979131,81.37590391908977,0.0083741719494601,0.0120963659825108,0.0,0.0,-1.4846198491004063,4.038760344536396,0.0,1.5051132213294376,0.0,0.0,0.0339544513457556,0.147135955831608,0.0250076777958145,0.0402814850764377,0.0229123533471359,1.1216216216216215,0.0,5.340469500212543,0.0396714034369572,0.0410685626003089,2.565697137580794,35985000000.0,52590000000.0,33748000000.0,39877000000.0,4662500000.0,1182500000.0,0.0,52.54658385093168,73.29032258064517,0.0,1.7127659574468086,1.2279929577464788,0.0,0.0504235727440147,0.0153277931671283,2002-04-18,0.25,amc,7245000000.0,2025-04-24,2002-03-31,0.0,24.38625,91573361.5
2001-12-31,MSFT,USD,789019,2002-03-25,2002-03-25 00:00:00,2002,Q2,7741000000.0,1544000000.0,6197000000.0,0.8005425656,1044000000,0.0,0.0,2312000000.0,0.0,3356000000.0,4900000000.0,0.0,0.0,295000000.0,3136000000.0,0.4051156181,2841000000.0,0.3670068467,516000000.0,3357000000.0,0.4336649012,1074000000.0,2283000000.0,0.2949231365,0.21,0.21,10790000000,11112000000,https://www.sec.gov/Archives/edgar/data/789019/000103221002000453/0001032210-02-000453-index.htm,https://www.sec.gov/Archives/edgar/data/789019/000103221002000453/d10qa.txt,0.7174235403151066,0.2115848007414272,0.3303985171455051,0.3144578313253012,3.543002780352178,4.777386468952734,4.605468025949953,4.777386468952734,0.0,357472700000.0,352216700000.0,39.14506132282085,46.17913706239504,100.2728471248247,105.355938697318,6.934754015674711,6.934754015674711,45.50015501873143,112.3139987244898,98.79851332398316,103.80686707928088,0.0063865016825061,0.0094916339065892,0.0,0.0,-1.6760204081632653,4.148698884758364,0.0,1.5615418309242226,0.0,0.0,0.0,0.1348662963441415,0.028369553580987,0.0482468443197756,0.0222193515049735,0.5830508474576271,0.0,4.769014907945716,0.0358989801174205,0.0359346471069697,2.6145736793327155,36421000000.0,49693000000.0,34149000000.0,40516000000.0,4355000000.0,1186000000.0,0.0,59.23653274770702,71.63860103626943,0.0,1.519332679097154,1.256305939788446,0.0,0.0442888181888725,0.0159406858202038,2002-01-17,0.21,amc,6266523809.0,2025-04-24,2001-12-31,0.1904761904761905,26.94578125,73108522.0
2001-09-30,MSFT,USD,789019,2002-03-25,2002-03-25 00:00:00,2002,Q1,6126000000.0,884000000.0,5242000000.0,0.8556970291,1013000000,0.0,0.0,1332000000.0,0.0,2345000000.0,3229000000.0,0.0,0.0,282000000.0,3179000000.0,0.518935684,2897000000.0,0.4729023833,-1010000000.0,1887000000.0,0.3080313418,604000000.0,1283000000.0,0.2094351943,0.12,0.12,10796000000,11134000000,https://www.sec.gov/Archives/edgar/data/789019/000103221002000454/0001032210-02-000454-index.htm,https://www.sec.gov/Archives/edgar/data/789019/000103221002000454/d10qa.txt,0.5674323823638384,0.1188403112263801,0.3139125602074842,0.3000185253797703,3.349666543164135,4.49286772878844,4.316413486476473,4.49286772878844,0.0,279508440000.0,276395440000.0,54.46384255650818,45.62658178256611,82.47519622307465,86.29467119481322,5.762466549840223,5.762466549840223,45.11841984982044,86.94414595784838,81.55663617586309,85.33357209015128,0.0045902012833673,0.0115882010575423,0.0,0.0,-0.9792387543252596,3.4467423417819933,0.0,2.641465315666407,0.0,0.0,0.0,0.1653607574273588,0.0310427428422442,0.0442608439067571,0.0244857982370225,0.5319148936170213,0.0,3.4660511366299835,0.0406084808044581,0.0215768053546803,2.4094340496480178,31470000000.0,46600000000.0,31470000000.0,35636000000.0,3643000000.0,1165500000.0,41500000.0,53.10969637610186,116.36877828054298,0.0,1.694605809128631,0.773403324584427,0.0,0.0264508813524378,0.0138940348277139,2001-10-18,0.2,amc,5569090909.0,2025-04-24,2001-09-30,0.0999999999999999,31.46783333333333,59461622.93333333
2001-06-30,MSFT,USD,789019,2001-09-18,2001-09-18 00:00:00,2001,Q4,6455000000.0,1717000000.0,4738000000.0,0.7340046476,1364000000,0.0,0.0,1595000000.0,0.0,1987000000.0,3704000000.0,0.0,0.0,564000000.0,3315000000.0,0.5135553834,2751000000.0,0.4261812548,-2653000000.0,98000000.0,0.0151820294,33000000.0,65000000.0,0.0100697134,0.005,0.005,10760000000,11142000000,https://www.sec.gov/Archives/edgar/data/789019/000103221001501099/0001032210-01-501099-index.htm,https://www.sec.gov/Archives/edgar/data/789019/000103221001501099/d10k.txt,0.599907063197026,0.0060408921933085,0.3326208178438661,0.3026951672862453,2.936802973977695,4.394888475836432,4.217193308550186,4.394888475836432,0.0,392740000000.0,388818000000.0,1510.5384615384614,60.84275755228505,109.73456272701873,120.58335891925084,8.30510266658208,8.30510266658208,60.23516653756778,117.29049773755656,108.63872590108969,119.37918329751304,0.000165503895707,0.0082930182818149,0.0,0.0,-1.183107088989442,4.237086665225848,0.0,55.06153846153846,0.0,0.0,0.0,0.2113090627420604,0.0325004249532551,0.0899692651578653,0.0498838109992254,0.5709219858156028,0.0,0.7728865171506069,0.0368049632310565,0.0011419937453881,2.1239544609665426,29956000000.0,45377000000.0,27669000000.0,34177000000.0,3601500000.0,1217000000.0,41500000.0,51.18357862122386,62.271403610949335,4.35061153174141,1.758376464178698,1.4452861952861953,20.686746987951807,0.0013745268455666,0.0299256505576208,2001-07-19,0.21,amc,6147619047.0,2025-04-24,2001-06-30,0.0476190476190476,31.525,63440517.15625
2001-03-31,MSFT,USD,789019,2001-05-15,2001-05-15 00:00:00,2001,Q3,6403000000.0,899000000.0,5504000000.0,0.8595970639,1069000000,0.0,0.0,1437000000.0,0.0,2506000000.0,3405000000.0,0.0,0.0,483000000.0,3481000000.0,0.5436514134,2998000000.0,0.4682180228,660000000.0,3658000000.0,0.5712947056,1207000000.0,2451000000.0,0.3827893175,0.23,0.22,10672000000,11126000000,https://www.sec.gov/Archives/edgar/data/789019/000103221001500604/0001032210-01-500604-index.htm,https://www.sec.gov/Archives/edgar/data/789019/000103221001500604/d10q.txt,0.5999812593703149,0.2296664167916042,0.3714392803598201,0.3467016491754123,2.812781109445277,4.506184407796102,4.506184407796102,4.506184407796102,0.0,291772480000.0,287623480000.0,29.760554875560995,45.56808995783226,73.60557013118063,78.85742702702703,6.067217300894157,6.067217300894157,44.920112447290336,82.6266819879345,72.55890010090818,77.73607567567568,0.0084003810092027,0.0126811137225827,0.0,0.0,-1.1918988796322896,3.879774127310061,0.0,1.6172990616075071,0.0,0.0,0.0,0.1669529907855692,0.0,0.0665993945509586,0.041230673121974,0.546583850931677,0.0,4.825524074405429,0.040284262314153,0.0411207113497189,1.9820089955022488,28049000000.0,48090000000.0,26274000000.0,30208000000.0,3837500000.0,1254000000.0,0.0,49.64547868186787,124.73859844271414,0.0,1.812853907134768,0.7215088282504013,0.0,0.0509669369931378,0.0247376311844077,2001-04-19,0.21,amc,6162545454.0,2025-04-24,2001-03-31,0.0476190476190476,31.240169491525425,69878761.01694915
2000-12-31,MSFT,USD,789019,2001-02-14,2001-02-14 00:00:00,2001,Q2,6550000000.0,864000000.0,5686000000.0,0.8680916031,990000000,0.0,0.0,1502000000.0,0.0,2492000000.0,3356000000.0,0.0,0.0,239000000.0,3433000000.0,0.5241221374,3194000000.0,0.4876335878,723000000.0,3917000000.0,0.5980152672,1293000000.0,2624000000.0,0.400610687,0.25,0.24,10660000000,11140000000,https://www.sec.gov/Archives/edgar/data/789019/000103221001000273/0001032210-01-000273-index.htm,https://www.sec.gov/Archives/edgar/data/789019/000103221001000273/0001032210-01-000273-0001.txt,0.6144465290806754,0.2461538461538461,0.273827392120075,0.248311444652908,2.522420262664165,4.354784240150094,4.354784240150094,4.354784240150094,0.0,231215400000.0,227684400000.0,22.02890625,35.30006106870229,79.21048304213772,87.34998111069135,4.980728964715006,4.980728964715006,34.76097709923664,66.32228371686571,78.00082219938335,86.01601813373631,0.0113487250416711,0.011448199384643,0.0,0.0,-1.028546460821439,3.638025974025974,0.0,1.1124237804878048,0.0,0.0,0.0,0.1511450381679389,0.0,0.093182596779719,0.0415267175572519,1.1380753138075317,0.0,4.911090003489017,0.0445150831401393,0.0454836976304796,1.756777673545966,25391000000.0,46422000000.0,23747000000.0,27489000000.0,3657500000.0,1181500000.0,0.0,56.92671755725191,131.45833333333334,0.0,1.5809799662080617,0.6846275752773375,0.0,0.0565249235276377,0.0255159474671669,2001-01-18,0.23,amc,6310625000.0,2025-04-24,2000-12-31,0.0434782608695651,33.85238095238095,84290116.57142857
2000-09-30,MSFT,USD,789019,2000-11-14,2000-11-14 00:00:00,2001,Q1,5766000000.0,825000000.0,4941000000.0,0.8569198751,956000000,0.0,0.0,1208000000.0,0.0,2164000000.0,2989000000.0,0.0,0.0,250000000.0,3027000000.0,0.5249739854,2777000000.0,0.4816163718,1075000000.0,3852000000.0,0.6680541103,1271000000.0,2206000000.0,0.3825875824,0.21,0.2,10598000000,11114000000,https://www.sec.gov/Archives/edgar/data/789019/000103221000500038/0001032210-00-500038-index.htm,https://www.sec.gov/Archives/edgar/data/789019/000103221000500038/0001032210-00-500038-0001.txt,0.5440649179090394,0.2081524816003019,0.2792979807510851,0.256180411398377,2.3316663521419136,4.27844876391772,4.27844876391772,4.27844876391772,0.0,319635680000.0,316994680000.0,36.22344514959202,55.4345612209504,107.98502702702704,117.72953222836097,7.049283902697219,7.049283902697219,54.97653139091224,104.72239180706973,107.0927972972973,116.756788213628,0.0069016074801161,0.0084940454707684,0.0,0.0,-0.8724810042946812,3.373415001074576,0.0,1.341795104261106,0.0,0.0,0.0,0.1657995143947277,0.0,0.0827702702702702,0.0424904613250086,0.98,0.0,4.476362236370891,0.0397731087760775,0.0393303499794968,1.542177769390451,22087000000.0,45343000000.0,20647000000.0,24060000000.0,3211000000.0,1092000000.0,0.0,49.51092611862643,120.10909090909092,0.0,1.817780580075662,0.7493188010899182,0.0,0.0486513905123172,0.023117569352708,2000-10-18,0.21,amc,5295652173.0,2025-04-24,2000-09-30,0.0952380952380953,28.42016129032258,87787945.80645162
2000-06-30,MSFT,USD,789019,2000-09-28,2000-09-28 00:00:00,2000,Q4,5804000000.0,1074000000.0,4730000000.0,0.8149552033,1040000000,0.0,0.0,1353000000.0,0.0,2101000000.0,3175000000.0,0.0,0.0,-292000000.0,2337000000.0,0.4026533425,2629000000.0,0.4529634735,1022000000.0,3651000000.0,0.6290489318,1242000000.0,2409000000.0,0.4150585803,0.22,0.22,10334000000,11052235294,https://www.sec.gov/Archives/edgar/data/789019/000103221000001961/0001032210-00-001961-index.htm,https://www.sec.gov/Archives/edgar/data/789019/000103221000001961/0001032210-00-001961-0001.txt,0.5616411844397136,0.2331139926456357,0.7309850977356299,0.7056318947164699,2.302883684923553,4.0030965744145535,4.0030965744145535,4.0030965744145535,0.0,413360000000.0,408514000000.0,42.89746782897467,71.2198483804273,54.720677786603126,56.68678003291278,9.992264552310964,9.992264552310964,70.38490696071675,174.80273855370132,54.07916335716177,56.02221612726275,0.0058278498161408,0.0176407973679117,0.0,0.0,-2.0735986307231493,3.10691952844695,0.0,3.13574097135741,0.0,0.0,0.0,0.1791867677463818,0.0,0.0346836113317447,0.0451412818745692,-0.8972602739726028,0.0,4.582193914674114,0.0409167295526295,0.0461936720997123,1.4954035223533966,20553000000.0,41368000000.0,19526000000.0,22456000000.0,3076000000.0,1078000000.0,0.0,50.39627842866988,90.75418994413408,0.0,1.785846153846154,0.9916897506925209,0.0,0.0582334171340166,0.02535320301916,2000-07-18,0.21,amc,5527619047.0,2025-04-24,2000-06-30,0.0476190476190476,29.7031746031746,106670410.28571428
2000-03-31,MSFT,USD,789019,2000-05-12,2000-05-12 00:00:00,2000,Q3,5656000000.0,477000000.0,5179000000.0,0.9156647808,990000000,0.0,0.0,1195000000.0,0.0,2444000000.0,2921000000.0,0.0,0.0,275000000.0,3010000000.0,0.5321782178,2735000000.0,0.4835572843,878000000.0,3613000000.0,0.6387906648,1228000000.0,2385000000.0,0.4216760962,0.23,0.22,10418000000,11086000000,https://www.sec.gov/Archives/edgar/data/789019/000103221000001019/0001032210-00-001019-index.html,https://www.sec.gov/Archives/edgar/data/789019/000103221000001019/,0.5429065079669803,0.2289306968708005,0.2835477058936456,0.2599347283547706,2.0354194663083125,3.819543098483394,3.819543098483394,3.819543098483394,0.0,553508340000.0,548316340000.0,58.019742138364784,97.86215346534654,187.3758767772512,204.3974667651403,13.910040711700844,13.910040711700844,96.9441902404526,182.1648970099668,185.61825998645904,202.4801846381093,0.004308878164329,0.0048924285404624,0.0,0.0,-1.7249169435215947,2.2711879672160675,0.0,1.238574423480084,0.0,0.0,0.0,0.175035360678925,0.0,0.0832769126607989,0.0434936350777935,0.8945454545454545,0.0,4.435565344286662,0.0453713795545304,0.0468611847922192,1.178585141101939,14114000000.0,39792000000.0,14114000000.0,15949000000.0,3093000000.0,1153000000.0,0.0,46.17751060820368,202.4528301886793,0.0,1.949000689179876,0.4445479962721342,0.0,0.0599366706875753,0.023612977538875,2000-04-20,0.2,amc,5141818181.0,2025-04-24,2000-03-31,0.0999999999999999,35.37555555555555,61573539.93650793
1999-12-31,MSFT,USD,789019,2000-02-11,2000-02-11 00:00:00,2000,Q2,6112000000.0,431000000.0,5681000000.0,0.9294829843,911000000,0.0,0.0,1527000000.0,0.0,2750000000.0,3181000000.0,0.0,0.0,325000000.0,3256000000.0,0.5327225131,2931000000.0,0.4795484293,760000000.0,3691000000.0,0.6038939791,1255000000.0,2436000000.0,0.3985602094,0.24,0.22,10326000000,11076000000,https://www.sec.gov/Archives/edgar/data/789019/000103221000000218/0001032210-00-000218-index.html,https://www.sec.gov/Archives/edgar/data/789019/000103221000000218/,0.5919039318225837,0.2359093550261476,0.2834592291303506,0.2609916715088127,1.7279682355219834,3.3496997869455742,3.3496997869455742,3.3496997869455742,0.0,602831880000.0,598112880000.0,61.866982758620686,98.63087041884816,205.9555449265459,223.6852987012987,17.42842753476539,17.42842753476539,97.85878272251308,183.69560196560195,204.3433139733515,221.93427829313543,0.0040409276297729,0.0044705664869615,0.0,0.0,-1.4493243243243243,2.0963442498095963,0.0,1.201559934318555,9.953023718652704e-06,0.0024630541871921,0.0,0.1490510471204188,0.0,0.0792620430474888,0.037958115183246,0.7138461538461538,0.0,4.2166425169872985,0.0559256513450954,0.0540216885104118,0.9492543095099748,11516000000.0,34589000000.0,11516000000.0,13255000000.0,2745500000.0,1115000000.0,0.0,48.35732984293194,257.4709976798144,0.0,1.8611449451887945,0.3495539334955393,0.0,0.0704270143687299,0.0224675576215378,2000-01-18,0.21,amc,5238857142.0,2025-04-24,1999-12-31,0.1428571428571428,36.37936507936508,80507109.77777778
1999-09-30,MSFT,USD,789019,1999-11-05,1999-11-05 00:00:00,2000,Q1,5384000000.0,367000000.0,5017000000.0,0.9318350669,834000000,0.0,0.0,1070000000.0,0.0,2228000000.0,2595000000.0,0.0,0.0,345000000.0,3134000000.0,0.5820950966,2789000000.0,0.5180163447,531000000.0,3320000000.0,0.6166419019,1129000000.0,2191000000.0,0.4069465082,0.22,0.2,10258000000,11054000000,https://www.sec.gov/Archives/edgar/data/789019/000103221099001526/0001032210-99-001526-index.html,https://www.sec.gov/Archives/edgar/data/789019/000103221099001526/,0.5248586469097289,0.2135893936439852,0.2785143302788068,0.2649639305907584,1.842659387794892,3.0551764476506142,3.0551764476506142,3.0551764476506142,0.0,464482240000.0,459693240000.0,52.99888635326335,86.27084695393759,162.57691284564228,170.8911846946284,14.820747925973198,14.820747925973198,85.38135958395245,146.67940012763242,160.9006790339517,169.12922737306843,0.0047170802483212,0.00585167691234,0.0,0.0,-1.5280791320995533,2.635981757081133,0.0,1.3039707895937929,1.5070543924348968e-05,0.0031948881789137,0.0,0.1549034175334324,0.0,0.048652432621631,0.025817236255572,0.3159090909090909,0.0,3.8317683790782926,0.0587291636232229,0.0552278685218794,1.191777149541821,13631000000.0,31340000000.0,13631000000.0,15288000000.0,2226000000.0,935500000.0,0.0,36.89264487369985,244.4959128065395,0.0,2.439510647938378,0.3681043129388164,0.0,0.0699106573069559,0.0135503996880483,1999-10-19,0.17,amc,4750588235.0,2025-04-24,1999-09-30,0.1176470588235293,50.98603174603174,73612786.03174603
1999-06-30,MSFT,USD,789019,1999-09-28,1999-09-28 00:00:00,1999,Q4,6525000000.0,1228000000.0,5297000000.0,0.8118007663,1081000000,0.0,0.0,762000000.0,0.0,2339000000.0,3567000000.0,0.0,0.0,496000000.0,3454000000.0,0.529348659,2958000000.0,0.4533333333,430000000.0,3388000000.0,0.5192337165,1186000000.0,2202000000.0,0.3374712644,0.22,0.2,10200000000,11042000000,https://www.sec.gov/Archives/edgar/data/789019/000103221099001375/0001032210-99-001375-index.html,https://www.sec.gov/Archives/edgar/data/789019/000103221099001375/,0.6397058823529411,0.2158823529411764,0.2559803921568627,0.2273529411764706,1.6898039215686274,2.7880392156862746,2.7880392156862746,2.7880392156862746,0.0,459918000000.00006,454943000000.00006,52.21594005449592,70.48551724137931,176.14630409804673,198.32600258732217,16.17265630494409,16.17265630494409,69.72306513409963,131.71482339316736,174.24090386824977,196.18068132815876,0.0047878100009132,0.0050422031753486,0.0,0.0,-1.4403590040532717,2.4655760054533062,0.0,1.1857402361489555,1.5220104453402562e-05,0.0031789282470481,0.0,0.1656704980842911,0.0,0.1118345461509,0.0447509578544061,0.5887096774193549,0.0,3.680012294059501,0.064464520125648,0.057009708737864,0.8561519607843138,12900000000.0,28438000000.0,11515000000.0,14511000000.0,1967000000.0,945000000.0,0.0,30.96551724137931,64.05537459283387,0.0,2.906458797327394,1.4050343249427917,0.0,0.0774316055981433,0.0286274509803921,1999-07-19,0.18,amc,5800000000.0,2025-04-24,1999-06-30,0.1111111111111112,47.95859375,59203800.4375
1999-03-31,MSFT,USD,789019,1999-05-14,1999-05-14 00:00:00,1999,Q3,4595000000.0,550000000.0,4045000000.0,0.880304679,611000000,0.0,0.0,993000000.0,0.0,1815000000.0,2365000000.0,0.0,0.0,158000000.0,2388000000.0,0.519695321,2230000000.0,0.4853101197,719000000.0,2949000000.0,0.6417845484,1032000000.0,1917000000.0,0.4171926007,0.19,0.18,10110000000,11024000000,https://www.sec.gov/Archives/edgar/data/789019/0001032210-99-000791-index.html,https://www.sec.gov/Archives/edgar/data/789019/0001032210-99-000791.txt,0.4545004945598417,0.1896142433234421,0.2654797230464886,0.2605341246290801,0.6135509396636993,2.544213649851632,2.544213649851632,2.544213649851632,0.0,453029100000.0,446826100000.0,59.080477308294206,98.59175190424374,168.78878539493294,171.99282460136675,17.612514578959647,17.612514578959647,97.24180631120784,187.11310720268008,166.4776825633383,169.63785117691722,0.0042315162535916,0.0058141960417112,0.0,0.0,-2.597571189279732,3.0690139048348004,0.0,1.4001043296817943,1.5451546048587164e-05,0.0036515388628064,0.0,0.1329706202393906,0.0,0.018628912071535,0.0108813928182807,0.3164556962025316,0.0,3.2946063173876,0.0563569484597143,0.0571198712791633,-0.0365232443125618,16219000000.0,25722000000.0,16219000000.0,17664000000.0,1859000000.0,1002500000.0,0.0,33.081610446137105,166.25454545454545,0.0,2.7205447010065127,0.5413385826771654,0.0,0.0745276417074877,0.0049455984174085,1999-04-20,0.16,amc,3518937500.0,2025-04-24,1999-03-31,0.1875,45.363125,54221727.5
1998-12-31,MSFT,USD,789019,1999-02-12,1999-02-12 00:00:00,1999,Q2,5195000000.0,611000000.0,4584000000.0,0.8823869105,667000000,0.0,0.0,943000000.0,0.0,1835000000.0,2446000000.0,0.0,0.0,177000000.0,2926000000.0,0.5632338787,2749000000.0,0.5291626564,302000000.0,3051000000.0,0.5872954764,1068000000.0,1983000000.0,0.3817131858,0.2,0.18,9996000000,10977777778,https://www.sec.gov/Archives/edgar/data/789019/000103221099000191/0001032210-99-000191-index.html,https://www.sec.gov/Archives/edgar/data/789019/,0.5197078831532613,0.1983793517406963,0.2151860744297719,0.2016806722689075,0.6115446178471389,2.258703481392557,2.258703481392557,2.258703481392557,0.0,346561320000.0,340448320000.0,43.691543116490166,66.71055245428296,161.11637377963737,171.90541666666667,15.34951368588892,15.34951368588892,65.53384408084696,116.3528092959672,158.27443979544398,168.8731746031746,0.0057219311145283,0.0058171523584917,0.0,0.0,-2.0892002734108,2.9191540623745147,0.0,1.0847201210287445,2.0198445689207324e-05,0.0035300050428643,0.0,0.1283926852743022,0.0,0.0627615062761506,0.0259865255052935,0.7627118644067796,0.0,3.1751855031312672,0.0791352133754519,0.0659922127192252,0.0163815526210484,14338000000.0,22578000000.0,14338000000.0,15833000000.0,1591000000.0,917000000.0,0.0,35.15110683349374,145.67921440261867,0.0,2.56037456875308,0.6177957532861477,0.0,0.0878288599521658,0.0135054021608643,1999-01-19,0.15,amc,3950400000.0,2025-04-24,1998-12-31,0.2,41.50873015873016,50401771.87301587
1998-09-30,MSFT,USD,789019,1998-11-12,1998-11-12 00:00:00,1999,Q1,4193000000.0,470000000.0,3723000000.0,0.8879084188,611000000,0.0,0.0,811000000.0,0.0,1641000000.0,2111000000.0,0.0,0.0,179000000.0,2261000000.0,0.5392320534,2082000000.0,0.4965418555,421000000.0,2503000000.0,0.5969472931,820000000.0,1683000000.0,0.4013832578,0.17,0.16,9858823529,10812903226,https://www.sec.gov/Archives/edgar/data/789019/000103221098001218/0001032210-98-001218-index.html,https://www.sec.gov/Archives/edgar/data/789019/,0.4253042959604841,0.1707100238734783,0.2621002386744314,0.2513484486978486,0.5265334129098194,1.9397852029449791,1.9397852029449791,1.9397852029449791,0.0,271314823518.08,266123823518.08,40.30226136632204,64.70661185740043,104.99799671752322,109.48943644797416,14.187137812072788,14.187137812072788,63.46859611688051,117.70182375854932,102.98909578873064,107.39460190398708,0.0062031258674955,0.0091333011881485,0.0,0.0,-2.295886775762937,2.9424359968968195,0.0,1.5353535353535352,2.5800285842227604e-05,0.0041592394533571,0.0,0.1457190555688051,0.0,0.0410216718266253,0.0252802289530169,0.5921787709497207,0.0,2.729591088761014,0.07320238930184,0.0658218936994016,-0.0394823985696681,12519000000.0,19124000000.0,12519000000.0,13985000000.0,1306500000.0,802000000.0,0.0,24.74839017409969,161.8085106382979,0.0,3.6366001734605375,0.5562130177514792,0.0,0.0880046015477933,0.0107517899765827,1998-10-20,0.12,amc,3388285714.0,2025-04-24,1998-09-30,0.1666666666666668,40.02803278688525,76082850.09836066
1998-06-30,MSFT,USD,789019,1998-09-25,1998-09-25 00:00:00,1998,Q4,3995000000.0,66000000.0,3929000000.0,0.9834793492,711000000,0.0,0.0,1047000000.0,0.0,2006000000.0,2072000000.0,0.0,0.0,248000000.0,2171000000.0,0.5434292866,1923000000.0,0.4813516896,165000000.0,2088000000.0,0.5226533166,731000000.0,1357000000.0,0.3396745932,0.14,0.13,9860000000,10820000000,https://www.sec.gov/Archives/edgar/data/789019/000103221098001067/0001032210-98-001067-index.html,https://www.sec.gov/Archives/edgar/data/789019/,0.4051724137931034,0.1376267748478701,0.1454361054766734,0.1209939148073022,0.3893509127789046,1.6863083164300203,1.6863083164300203,1.6863083164300203,0.0,267107400000.0,263268400000.0,49.20917464996316,66.8604255319149,186.2673640167364,223.89555741827328,16.064677933481686,16.064677933481686,65.89947434292866,121.26596038691848,183.5902370990237,220.67761944677284,0.0050803534458423,0.004466368209941,0.0,0.0,-1.768309534776601,2.772949389179756,0.0,1.0567428150331617,2.6206686898228956e-05,0.0051584377302873,0.0,0.1779724655819774,0.0,0.1680613668061366,0.060325406758448,0.9717741935483872,0.0,2.285131601737988,0.0751648405964817,0.0606968734624502,-0.0807302231237322,10159000000.0,16627000000.0,10159000000.0,11664000000.0,1257500000.0,833500000.0,0.0,32.89111389236546,1035.0,0.0,2.7363013698630136,0.0869565217391304,0.0,0.0816142418957118,0.0244421906693711,1998-07-16,0.12,amc,3662083333.0,2025-04-24,1998-06-30,0.0833333333333334,29.1753125,61051272.625
1998-03-31,MSFT,USD,789019,1998-05-15,1998-05-15 00:00:00,1998,Q3,3774000000.0,38000000.0,3736000000.0,0.9899311076,597000000,0.0,0.0,933000000.0,0.0,1809000000.0,1847000000.0,0.0,0.0,279000000.0,2206000000.0,0.5845257022,1927000000.0,0.5105988341,130000000.0,2057000000.0,0.545045045,720000000.0,1337000000.0,0.3542660307,0.14,0.13,9732000000,10740000000,https://www.sec.gov/Archives/edgar/data/789019/000103221098000519/0001032210-98-000519-index.html,https://www.sec.gov/Archives/edgar/data/789019/,0.3877928483353884,0.1373818331278257,0.2159884915741882,0.2008836826962597,0.4223181257706535,1.5080147965474722,1.5080147965474722,1.5080147965474722,0.0,217802160000.0,213692160000.0,40.72590875093493,57.71122416534181,103.61663177925784,111.40775447570331,14.840703188879804,14.840703188879804,56.62219395866455,96.86861287398006,101.661351094196,109.305452685422,0.0061385984418152,0.0089760358666782,0.0,0.0,-1.86310063463282,2.8209077839392074,0.0,1.5721765145848916,3.213925885767157e-05,0.0052356020942408,0.0,0.1581875993640699,0.0,0.0699333967649857,0.0389507154213036,0.5268817204301075,0.0,2.159030184019084,0.0853436331385706,0.068406242005628,0.0033138101109741,8866000000.0,14676000000.0,8866000000.0,10282000000.0,1068000000.0,887500000.0,0.0,25.15898251192369,2150.5263157894738,0.0,3.577251184834123,0.0418502202643171,0.0,0.0911011174707004,0.0151048088779284,1998-04-22,0.12,amc,3459500000.0,2025-04-24,1998-03-31,0.0833333333333334,27.21484375,58932224.4375
1997-12-31,MSFT,USD,789019,1998-06-03,1998-06-03 00:00:00,1998,Q2,3585000000.0,44000000.0,3541000000.0,0.9877266388,627000000,0.0,0.0,982000000.0,0.0,1878000000.0,1922000000.0,0.0,0.0,269000000.0,1932000000.0,0.5389121339,1663000000.0,0.4638772664,107000000.0,1770000000.0,0.4937238494,637000000.0,1133000000.0,0.3160390516,0.12,0.11,9696000000,10672000000,https://www.sec.gov/Archives/edgar/data/789019/000103221098000581/0001032210-98-000581-index.html,https://www.sec.gov/Archives/edgar/data/789019/,0.369740099009901,0.1168523102310231,0.1716171617161716,0.1560437293729372,0.2662953795379538,1.273102310231023,1.273102310231023,1.273102310231023,0.0,156687360000.0,154105360000.0,34.57355692850838,43.70637656903766,94.16307692307691,103.56071381361534,12.693402462734932,12.693402462734932,42.98615341701535,79.76467908902691,92.61139423076924,101.85417052214144,0.0072309597915237,0.0096561713720877,0.0,0.0,-1.3364389233954452,2.5880782918149468,0.0,1.4686672550750222,4.467495016828416e-05,0.0061782877316857,0.0,0.1748953974895397,0.0,0.0907451923076923,0.0421199442119944,0.5613382899628253,0.0,1.8295385449605384,0.0862368688921354,0.0672802850356294,-0.1137840346534653,7140000000.0,12344000000.0,7140000000.0,8618000000.0,934500000.0,814000000.0,0.0,27.13807531380753,1773.409090909091,0.0,3.3163737280296024,0.0507497116493656,0.0,0.0917854828256642,0.0155734323432343,1998-01-21,0.1,amc,3226500000.0,2025-04-24,1997-12-31,0.0999999999999999,22.527301587301583,53155564.31746032
1997-09-30,MSFT,USD,789019,1997-10-29,1997-10-29 00:00:00,1998,Q1,3130000000.0,25000000.0,3105000000.0,0.9920127796,567000000,0.0,0.0,883000000.0,0.0,1678000000.0,1703000000.0,0.0,0.0,228000000.0,1655000000.0,0.5287539936,1427000000.0,0.4559105431,-225000000.0,1202000000.0,0.3840255591,539000000.0,663000000.0,0.2118210863,0.07,0.065,9640000000,10664000000,https://www.sec.gov/Archives/edgar/data/789019/000089843097004575/0000898430-97-004575-index.html,https://www.sec.gov/Archives/edgar/data/789019/,0.3246887966804979,0.0687759336099585,0.1742738589211618,0.1621369294605809,0.4092323651452282,1.1892116182572614,1.1892116182572614,1.1892116182572614,0.0,159445600000.0,155500600000.0,60.12277526395172,50.94108626198083,94.90809523809524,102.0125399872041,13.908374040474529,13.908374040474529,49.68070287539936,93.9580664652568,92.55988095238096,99.48854766474729,0.0041581580175307,0.0098027164123688,0.0,0.0,-2.3836858006042294,2.777549974372117,0.0,2.5339366515837103,4.390212084874089e-05,0.0105580693815987,0.0,0.1811501597444089,0.0,0.0696428571428571,0.0373801916932907,0.5131578947368421,0.0,1.3565602214323869,0.0686589024108458,0.0431472081218274,0.0657676348547717,6936000000.0,11464000000.0,6936000000.0,8420000000.0,884000000.0,741000000.0,0.0,22.658146964856236,2739.6000000000004,0.0,3.972081218274112,0.0328515111695138,0.0,0.0578332170272156,0.0121369294605809,1997-10-20,0.09,amc,3130000000.0,2025-04-24,1997-09-30,0.0,19.32622950819672,65378685.18032787
1997-06-30,MSFT,USD,789019,1997-09-29,1997-09-29 00:00:00,1997,Q4,3175000000.0,99000000.0,3076000000.0,0.9688188976,516000000,0.0,0.0,838000000.0,0.0,1497000000.0,1596000000.0,0.0,0.0,143000000.0,1722000000.0,0.5423622047,1579000000.0,0.4973228346,47000000.0,1626000000.0,0.5121259843,569000000.0,1057000000.0,0.3329133858,0.11,0.1,9543111111,10523978920,https://www.sec.gov/Archives/edgar/data/789019/000101706297001764/0001017062-97-001764-index.html,https://www.sec.gov/Archives/edgar/data/789019/,0.3327007265314444,0.11076052533661,0.1121227645318568,0.0939945044720332,0.3883429582757585,1.1292962928596462,1.1292962928596462,1.1292962928596462,0.0,150781155553.80002,147075155553.80002,35.662524965421,47.49012773348032,140.91696780728972,168.0949337277592,13.991013784337015,13.991013784337015,46.32288363899213,85.40949799872243,137.45341640542057,163.96338411794875,0.007010159831431,0.0059490192703818,0.0,0.0,-2.152148664343786,2.8734072022160664,0.0,1.012298959318827,5.3057028052458e-05,0.0075685903500473,0.0,0.1625196850393701,0.0,0.1616822429906542,0.0544881889763779,1.2097902097902098,0.0,1.6775972817696634,0.0952442339678105,0.0734691040522694,0.0870785208653953,6763000000.0,10777000000.0,6763000000.0,8228000000.0,923000000.0,792500000.0,0.0,27.77952755905512,655.4545454545455,0.0,3.239795918367347,0.1373092926490984,0.0,0.0980792428319569,0.0181282600598235,1997-07-17,0.1,amc,3175000000.0,2025-04-24,1997-06-30,0.0,16.83828125,60727743.375
1997-03-31,MSFT,USD,789019,1997-05-15,1997-05-15 00:00:00,1997,Q3,3208000000.0,189000000.0,3019000000.0,0.941084788,492000000,0.0,0.0,851000000.0,0.0,1451000000.0,1640000000.0,0.0,0.0,108000000.0,1676000000.0,0.5224438903,1568000000.0,0.4887780549,35000000.0,1603000000.0,0.4996882793,561000000.0,1042000000.0,0.3248129676,0.11,0.1,9409090909,10350000000,https://www.sec.gov/Archives/edgar/data/789019/000089102097000879/0000891020-97-000879-index.html,https://www.sec.gov/Archives/edgar/data/789019/,0.3409468599066758,0.110743961353727,0.1719613526586663,0.1602705314025146,0.4093913043517815,0.970763285033534,0.970763285033534,0.970763285033534,0.0,107828181817.14,103976181817.14,25.87048508088772,33.61227612753741,66.6428812219654,71.50409934823608,11.80514361913072,11.80514361913072,32.4115279978616,62.03829464029834,64.26216428747838,68.94972269041115,0.0096635219331349,0.0139852121642682,0.0,0.0,-2.298329355608592,2.938775510204082,0.0,1.5527831094049904,0.0,0.0,0.0,0.1533665835411471,0.0,0.0679851668726823,0.03428927680798,1.0185185185185186,0.0,1.555277744883801,0.1115884506565516,0.0826131768809958,0.108671497585591,6745000000.0,9134000000.0,6745000000.0,8116000000.0,920500000.0,856000000.0,0.0,24.295511221945137,411.4285714285714,0.0,3.704387990762125,0.21875,0.0,0.1140792642872783,0.0116908212561516,1997-04-17,0.08,amc,2566400000.0,2025-04-24,1997-03-31,0.25,17.06046875,62765540.625
1996-12-31,MSFT,USD,789019,1997-02-14,1997-02-14 00:00:00,1997,Q2,2680000000.0,152000000.0,2528000000.0,0.9432835821,485000000,0.0,0.0,818000000.0,0.0,1447000000.0,1599000000.0,0.0,0.0,144000000.0,1225000000.0,0.4570895522,1081000000.0,0.403358209,59000000.0,1140000000.0,0.4253731343,399000000.0,741000000.0,0.2764925373,0.075,0.075,9866666667,9866666667,https://www.sec.gov/Archives/edgar/data/789019/000089102097000207/0000891020-97-000207-index.html,https://www.sec.gov/Archives/edgar/data/789019/,0.2716216216124452,0.0751013513488141,0.1234459459417754,0.1115878378340679,0.313783783773183,0.9772297296967152,0.9772297296967152,0.9772297296967152,0.0,101922666670.11,98826666670.11,34.386864598552634,38.0308457724291,83.68035030386699,92.57281259773842,10.570697642616675,10.570697642616675,36.87562189183209,80.67482993478367,81.13847838268472,89.76082349692098,0.00727021794277,0.0108023076315651,0.0,0.0,-2.5273469387755103,3.3212468193384224,0.0,1.6437246963562753,0.0,0.0,0.0,0.1809701492537313,0.0,0.0960591133004926,0.0436567164179104,0.8125,0.0,1.285030602268033,0.0728738850860817,0.0579540122008446,0.0692483108084713,7298000000.0,9642000000.0,7298000000.0,8620000000.0,915000000.0,867500000.0,0.0,32.74253731343284,502.1052631578947,0.0,2.7487179487179487,0.1792452830188679,0.0,0.0768512756689483,0.0118581081077074,1997-01-17,0.06,amc,2233333333.0,2025-04-24,1996-12-31,0.1666666666666668,14.5628125,65244340.75
1996-09-30,MSFT,USD,789019,1996-11-14,1996-11-14 00:00:00,1997,Q1,2295000000.0,88000000.0,2207000000.0,0.9616557734,432000000,0.0,0.0,711000000.0,0.0,1305000000.0,1393000000.0,0.0,0.0,162000000.0,1064000000.0,0.4636165577,902000000.0,0.3930283224,43000000.0,945000000.0,0.4117647059,331000000.0,614000000.0,0.2675381264,0.065,0.06,9446153846,10233333333,https://www.sec.gov/Archives/edgar/data/789019/000089102096001463/0000891020-96-001463-index.html,https://www.sec.gov/Archives/edgar/data/789019/,0.2429560260625888,0.0650000000010586,0.0828908794801773,0.072410423453948,0.3194951140117181,0.7835993485469641,0.7835993485469641,0.7703664495239473,0.0,77836307691.04001,74818307691.04001,31.692307691791537,33.915602479756,99.4078003716986,113.79577147812869,10.696208285150474,10.696208285150474,32.60056980001743,70.31795835624061,95.5533942414304,109.38349077637427,0.0078883495146915,0.0087876727492655,0.0,0.0,-2.8364661654135337,3.0912504693954186,0.0,1.275244299674267,0.0,0.0,0.0,0.188235294117647,0.0,0.1264367816091954,0.0431372549019607,0.6111111111111112,0.0,1.0614428540656922,0.0725592888029436,0.057169459962756,0.0340085504891532,5569000000.0,7402000000.0,4894000000.0,6873000000.0,747000000.0,847500000.0,0.0,33.529411764705884,907.1590909090908,0.0,2.6842105263157894,0.0992108229988726,0.0,0.0843754294352068,0.0104804560262293,1996-10-21,0.06,amc,,2025-04-24,1996-09-30,0.0,11.86344262295082,71159242.49180327
1996-06-30,MSFT,USD,789019,1996-09-27,1996-09-27 00:00:00,1996,Q4,2255000000.0,97000000.0,2158000000.0,0.9569844789,453000000,0.0,0.0,751000000.0,0.0,1348000000.0,1445000000.0,0.0,0.0,144000000.0,954000000.0,0.423059867,810000000.0,0.3592017738,50000000.0,860000000.0,0.3813747228,301000000.0,559000000.0,0.2478935698,0.075,0.055,6686702128,10162209302,https://www.sec.gov/Archives/edgar/data/789019/000089102096001130/0000891020-96-001130-index.html,https://www.sec.gov/Archives/edgar/data/789019/,0.3372364966815821,0.0835987590443478,0.1365396547540064,0.1129106674033678,0.3889809879684235,1.0517890382091206,1.0517890382091206,1.0330952191026028,0.0,51086404257.92,48485404257.92,22.84722909567084,22.65472472635033,55.954440589178525,67.66411159989404,7.395252498251302,7.395252498251302,21.501287919254988,50.82327490348008,53.105590643943046,64.21907848731125,0.010942245948213,0.01477888316798,0.0,0.0,-2.7264150943396226,3.232577319587629,0.0,1.6332737030411448,0.0,0.0,0.0,0.2008869179600887,0.0,0.1730558598028477,0.0700665188470066,1.0972222222222223,0.0,1.3939954309686924,0.0686619718309859,0.0553849202417517,0.0030283986952558,5414000000.0,7033000000.0,4779000000.0,6740000000.0,660000000.0,730000000.0,16500000.0,25.503325942350333,749.6907216494845,0.0,3.5289514866979657,0.120049504950495,0.0,0.0809206716850029,0.0236289873506385,1996-07-22,0.05,amc,,2025-04-24,1996-06-30,0.0,9.26625,69072682.125
1996-03-31,MSFT,USD,789019,1996-05-15,1996-05-15 00:00:00,1996,Q3,2205000000.0,106000000.0,2099000000.0,0.9519274376,364000000,0.0,0.0,772000000.0,0.0,1325000000.0,1431000000.0,0.0,0.0,189000000.0,963000000.0,0.4367346939,774000000.0,0.3510204082,90000000.0,864000000.0,0.3918367347,302000000.0,562000000.0,0.2548752834,0.055,0.055,10218181818,10218181818,https://www.sec.gov/Archives/edgar/data/789019/000089102096000492/0000891020-96-000492-index.html,https://www.sec.gov/Archives/edgar/data/789019/,0.2157918149504589,0.0550000000009786,0.0885676156599389,0.0756494661935169,0.2874288256278902,0.6576512455633035,0.6576512455633035,0.6454181494776765,0.0,65600727271.56,62663727271.56,29.181818181298933,29.75089672179592,72.48699146028729,84.86510643151358,9.947039768242607,9.947039768242607,28.418923932680272,65.07136788323987,69.24168759288398,81.0656238959379,0.0085669781932988,0.0117834059491459,0.0,0.0,-3.0498442367601246,3.399293286219081,0.0,1.6103202846975089,0.0,0.0,0.0,0.165079365079365,0.0,0.1458563535911602,0.0598639455782312,0.6984126984126984,0.0,0.8937029484078234,0.0687221312221312,0.0586027111574556,0.0581561387910703,5432000000.0,6720000000.0,4826000000.0,6713000000.0,726000000.0,651500000.0,70500000.0,27.79591836734694,553.5849056603773,28.0188679245283,3.237885462555066,0.1625766871165644,3.212121212121212,0.0852160727824109,0.012918149466422,1996-04-18,0.05,amc,,2025-04-24,1996-03-31,0.1999999999999999,7.7421875,72190954.5
1995-12-31,MSFT,USD,789019,1996-02-13,1996-02-13 00:00:00,1996,Q2,2195000000.0,252000000.0,1943000000.0,0.8851936219,313000000,0.0,0.0,766000000.0,0.0,1157000000.0,1409000000.0,0.0,0.0,78000000.0,864000000.0,0.3936218679,786000000.0,0.3580865604,99000000.0,885000000.0,0.4031890661,310000000.0,575000000.0,0.2619589977,0.06,0.06,9583333333,9583333333,https://www.sec.gov/Archives/edgar/data/789019/000089102096000086/0000891020-96-000086-index.html,https://www.sec.gov/Archives/edgar/data/789019/,0.2290434782688362,0.0600000000020869,0.146191304352911,0.1370086956569394,0.2424000000084313,0.6579130435011448,0.6579130435011448,0.6448695652398215,0.0,52516666664.84,50193666664.84,22.833333332539137,23.92558845778588,37.48512966798002,39.99746128319878,8.497842502401296,8.497842502401296,22.867274106988617,58.09452160282408,35.827028311805854,38.228230513968015,0.0109489051098698,0.0250015867987115,0.0,0.0,-2.688657407407407,3.169567157518965,0.0,2.4365217391304346,0.0,0.0,0.0,0.1425968109339407,0.0,0.0628122769450392,0.0400911161731207,1.1282051282051282,0.0,0.9330455043051435,0.0743886330810917,0.0631451790028552,0.0160956521744728,4862000000.0,6305000000.0,4302000000.0,6159000000.0,911500000.0,636000000.0,116500000.0,31.612756264236904,232.5,38.57142857142857,2.846952010376135,0.3870967741935484,2.333333333333333,0.093042071197411,0.0091826086959715,1996-01-18,0.05,amc,,2025-04-24,1995-12-31,0.0,7.176984126984126,60853743.23809524
1995-09-30,MSFT,USD,789019,1995-11-14,1995-11-14 00:00:00,1996,Q1,2016000000.0,253000000.0,1763000000.0,0.8745039683,302000000,0.0,0.0,684000000.0,0.0,1055000000.0,1308000000.0,0.0,0.0,69000000.0,777000000.0,0.3854166667,708000000.0,0.3511904762,62000000.0,770000000.0,0.3819444444,271000000.0,499000000.0,0.2475198413,0.05,0.05,9980000000,9980000000,https://www.sec.gov/Archives/edgar/data/789019/000089102095000534/0000891020-95-000534-index.html,https://www.sec.gov/Archives/edgar/data/789019/,0.202004008016032,0.05,0.0501002004008016,0.0384769539078156,0.1909819639278557,0.5875751503006013,0.5875751503006013,0.5750501002004008,0.0,56486800000.0,54580800000.0,28.3,28.019246031746032,112.9736,147.10104166666667,9.842620665621189,9.842620665621189,27.073809523809523,70.24555984555984,109.1616,142.1375,0.0088339222614841,0.006798048393607,0.0,0.0,-2.453024453024453,3.6480955088118248,0.0,1.002004008016032,0.0,0.0,0.0,0.1498015873015873,0.0,0.232,0.0575396825396825,1.681159420289855,0.0,0.8043204353523855,0.0716795468240554,0.0611519607843137,0.0462424849699398,4658000000.0,5864000000.0,4121000000.0,5923000000.0,816500000.0,592000000.0,106500000.0,46.96428571428572,220.9090909090909,44.466403162055336,1.9163498098859315,0.4074074074074074,2.024,0.0869489458093744,0.0116232464929859,1995-10-17,0.04487,amc,,2025-04-24,1995-09-30,0.1143302874972142,5.961428571428572,85597565.96825397
1995-06-30,MSFT,USD,789019,1995-09-25,1995-09-25 00:00:00,1995,Q4,1621000000.0,168000000.0,1453000000.0,0.8963602714,264000000,0.0,0.0,591000000.0,0.0,921000000.0,1089000000.0,0.0,0.0,66000000.0,598000000.0,0.3689080814,532000000.0,0.3281924738,15000000.0,547000000.0,0.337446021,179000000.0,368000000.0,0.2270203578,0.035,0.035,10537090909,10537090909,https://www.sec.gov/Archives/edgar/data/789019/000089102095000433/0000891020-95-000433-index.html,https://www.sec.gov/Archives/edgar/data/789019/,0.1538375263153004,0.0349242502677548,0.0485902612420936,0.0274269248026661,0.1861993995253666,0.5179797770690373,0.5179797770690373,0.5061169203204793,0.0,59534563635.850006,57572563635.850006,40.44467638305027,36.72705961495991,116.27844460126954,206.00195029705884,11.163428395996627,11.163428395996627,35.51669564210364,96.27519002650504,112.44641335126954,199.21302296141872,0.0061812832332309,0.0048543229739232,0.0,0.0,-3.280936454849498,4.172234595397179,0.0,1.391304347826087,0.0,0.0,0.0,0.162862430598396,0.0,0.435546875,0.1375694016039481,3.378787878787879,0.0,0.6306381409139469,0.0610452997308127,0.0510402219140083,0.0654592435385431,4273000000.0,5458000000.0,3868000000.0,5465000000.0,580500000.0,543500000.0,87500000.0,32.257865515114126,301.60714285714283,47.14285714285714,2.7900172117039586,0.2984014209591474,1.9090909090909087,0.069004312769548,0.0211633364394275,1995-07-17,0.0384,amc,,2025-04-24,1995-06-30,0.0416666666666667,5.70984126984127,91317162.92063493
1995-03-31,MSFT,USD,789019,1995-05-12,1995-05-12 00:00:00,1995,Q3,1587000000.0,165000000.0,1422000000.0,0.8960302457,219000000,0.0,0.0,584000000.0,0.0,873000000.0,1038000000.0,0.0,0.0,70000000.0,619000000.0,0.3900441084,549000000.0,0.3459357278,43000000.0,592000000.0,0.3730308759,196000000.0,396000000.0,0.2495274102,0.04,0.04,9900000000,9900000000,https://www.sec.gov/Archives/edgar/data/789019/000089102095000161/0000891020-95-000161-index.html,https://www.sec.gov/Archives/edgar/data/789019/,0.1603030303030303,0.04,0.0649494949494949,0.0546464646464646,0.1217171717171717,0.5106060606060606,0.5106060606060606,0.4979797979797979,0.0,44055000000.0,42850000000.0,27.8125,27.75992438563327,68.51477449455676,81.43253234750462,8.93610547667343,8.93610547667343,27.000630119722747,69.22455573505654,66.64074650077761,79.20517560073937,0.0089887640449438,0.0122801044149358,0.0,0.0,-1.9466882067851368,4.461603375527426,0.0,1.6237373737373737,0.0,0.0,0.0,0.1379962192816635,0.0,0.1586314152410575,0.0642722117202268,1.457142857142857,0.0,0.6694638288823513,0.067918713979376,0.0600728155339805,0.0147979797979797,4102000000.0,5055000000.0,3750000000.0,5129000000.0,585500000.0,477500000.0,102000000.0,32.89224952741021,285.8181818181818,47.45454545454545,2.736206896551724,0.3148854961832061,1.896551724137931,0.0803245436105476,0.0103030303030303,1995-04-13,0.03698,amc,,2025-04-24,1995-03-31,0.0816657652785289,5.915555555555556,96571129.3968254
1994-12-31,MSFT,USD,789019,1995-02-14,1995-02-14 00:00:00,1995,Q2,1482000000.0,156000000.0,1326000000.0,0.8947368421,199000000,0.0,0.0,541000000.0,0.0,806000000.0,962000000.0,0.0,0.0,66000000.0,586000000.0,0.3954116059,520000000.0,0.350877193,37000000.0,557000000.0,0.3758434548,184000000.0,373000000.0,0.2516869096,0.04,0.04,9325000000,9325000000,https://www.sec.gov/Archives/edgar/data/789019/000089102095000027/0000891020-95-000027-index.html,https://www.sec.gov/Archives/edgar/data/789019/,0.1589276139410187,0.04,0.0477211796246648,0.0366756032171581,0.098337801608579,0.4898659517426273,0.4898659517426273,0.4764611260053619,0.0,35621500000.0,34704500000.0,23.875,24.03609986504723,80.04831460674157,104.156432748538,8.017443169029933,8.017443169029933,23.417341430499324,59.222696245733786,77.9876404494382,101.47514619883042,0.0104712041884816,0.0096009432505649,0.0,0.0,-1.5648464163822526,4.284671532846716,0.0,1.193029490616622,0.0,0.0,0.0,0.1342780026990553,0.0,0.2314606741573033,0.0695006747638326,1.5606060606060606,0.0,0.6548396852702391,0.0715771061017305,0.0625733937258849,0.0027613941018766,3600000000.0,4568000000.0,3303000000.0,4577000000.0,559000000.0,392500000.0,112500000.0,35.89068825910931,248.65384615384616,67.5,2.5076142131979697,0.3619489559164733,1.3333333333333333,0.08395228449246,0.0110455764075067,1995-01-18,0.03821,amc,,2025-04-24,1994-12-31,0.0468463752944255,5.12031746031746,61958201.14285714
1994-09-30,MSFT,USD,789019,1994-11-14,1994-11-14 00:00:00,1995,Q1,1247000000.0,119000000.0,1128000000.0,0.9045709703,178000000,0.0,0.0,446000000.0,0.0,691000000.0,810000000.0,0.0,0.0,67000000.0,504000000.0,0.404170008,437000000.0,0.3504410585,34000000.0,471000000.0,0.3777064956,155000000.0,316000000.0,0.2534081796,0.035,0.035,9028571429,9028571429,https://www.sec.gov/Archives/edgar/data/789019/000089102094000198/0000891020-94-000198-index.html,https://www.sec.gov/Archives/edgar/data/789019/,0.1381170886010387,0.0349999999983386,0.0431962025295951,0.035775316453998,0.1468670886006234,0.4906645569387343,0.4906645569387343,0.4906645569387343,0.0,31690285715.79,30364285715.79,25.071428572618668,25.41322030135525,81.257142861,98.1123396773684,7.153563366995485,7.153563366995485,24.349868256447472,60.24659864244047,77.85714286099999,94.00707651947369,0.0099715099710366,0.0101923978501418,0.0,0.0,-2.630952380952381,4.535856573705179,0.0,1.2341772151898731,0.0,0.0,0.0,0.1427425821972734,0.0,0.1717948717948718,0.053728949478749,1.0,0.0,0.6216094743252484,0.0632827454479381,0.0560581869788894,0.0629390822754934,3550000000.0,4430000000.0,3347000000.0,4486000000.0,501000000.0,339000000.0,105000000.0,38.03528468323977,267.7310924369748,81.68067226890756,2.366223908918406,0.3361581920903955,1.101851851851852,0.0713318284424379,0.0074208860755971,1994-10-19,0.02838,amc,,2025-04-24,1994-09-30,0.0570824524312896,4.0180952380952375,55971683.55555555
1994-06-30,MSFT,USD,789019,1994-09-27,1994-09-27 00:00:00,1994,Q4,1293000000.0,135000000.0,1158000000.0,0.8955916473,170000000,0.0,0.0,424000000.0,0.0,670000000.0,805000000.0,0.0,0.0,76000000.0,564000000.0,0.4361948956,488000000.0,0.37741686,52000000.0,540000000.0,0.4176334107,178000000.0,362000000.0,0.2799690642,0.0325,0.0325,11369411765,11369411765,https://www.sec.gov/Archives/edgar/data/789019/000089102094000175/0000891020-94-000175-index.html,https://www.sec.gov/Archives/edgar/data/789019/,0.1137262003281838,0.031839817879971,0.0444174254955396,0.0367653145685853,0.1299099751622022,0.3914010761488151,0.3914010761488151,0.3914010761488151,0.0,36723200000.95,35246200000.95,25.361325967506904,28.40154679114462,72.71920792267328,87.85454545681817,8.252404494595506,8.252404494595506,27.25924207343387,62.49326241303191,69.79445544742573,84.32105263385166,0.0098575287554089,0.0113824503308313,0.0,0.0,-2.618794326241135,4.72289156626506,0.0,1.3950276243093922,0.0,0.0,0.0,0.131477184841454,0.0,0.1722772277227722,0.0672853828306264,1.144736842105263,0.0,0.5295263233386668,0.0735147732001664,0.0674995338429983,0.0854265831931543,3399000000.0,4450000000.0,3399000000.0,4329000000.0,498500000.0,310000000.0,116500000.0,33.06264501160093,216.0,68.0,2.7221052631578946,0.4166666666666667,1.3235294117647058,0.0813483146067415,0.0076521109269543,1994-07-20,0.03907,amc,,2025-04-24,1994-06-30,0.0238034297414896,3.813809523809524,52236419.047619045
1994-03-31,MSFT,USD,789019,1994-05-03,1994-05-03 00:00:00,1994,Q3,1244000000.0,135000000.0,1109000000.0,0.8914790997,156000000,0.0,0.0,400000000.0,0.0,629000000.0,764000000.0,0.0,0.0,73000000.0,553000000.0,0.4445337621,480000000.0,0.38585209,-98000000.0,382000000.0,0.307073955,126000000.0,256000000.0,0.2057877814,0.03,0.03,8533333333,8533333333,https://www.sec.gov/Archives/edgar/data/789019/000089102094000070/0000891020-94-000070-index.html,https://www.sec.gov/Archives/edgar/data/789019/,0.1457812500056945,0.0300000000011718,0.0495703125019363,0.0414843750016204,0.1350000000052734,0.4701562500183655,0.4701562500183655,0.4701562500183655,0.0,22613333332.45,21461333332.45,22.083333332470705,18.1779206852492,53.459416861583925,63.87947269053672,5.636424060929711,5.636424060929711,17.251875669172026,38.80892103517179,50.73601260626478,60.62523540240113,0.0113207547174233,0.0156544811326869,0.0,0.0,-2.0831826401446656,4.280087527352298,0.0,1.65234375,0.0,0.0,0.0,0.1254019292604501,0.0,0.1631205673758865,0.0554662379421221,0.9452054794520548,0.0,0.5633431181569483,0.0801783132278557,0.051969143321153,0.0814453125031814,2998000000.0,4012000000.0,2998000000.0,3916000000.0,491000000.0,269000000.0,130500000.0,37.765273311897104,197.33333333333337,87.33333333333333,2.3831417624521074,0.4560810810810811,1.0305343511450382,0.0638085742771684,0.0080859375003158,1994-04-18,0.0274,amc,,2025-04-24,1994-03-31,0.094890510948905,3.3640625,59130876.75
1993-12-31,MSFT,USD,789019,1994-02-14,1994-02-14 00:00:00,1994,Q2,1129000000.0,138000000.0,991000000.0,0.8777679362,0,0.0,0.0,529000000.0,0.0,576000000.0,714000000.0,0.0,0.0,47000000.0,462000000.0,0.4092116918,415000000.0,0.3675819309,23000000.0,438000000.0,0.3879539415,149000000.0,289000000.0,0.2559787422,0.03,0.03,9633333333,9633333333,https://www.sec.gov/Archives/edgar/data/789019/0000950109-94-000252-index.html,https://www.sec.gov/Archives/edgar/data/789019/0000950109-94-000252.txt,0.1171972318379653,0.030000000001038,0.0362283737036757,0.0296885813159061,0.0987197231868069,0.3888581315013446,0.3888581315013446,0.3888581315013446,0.0,24275999999.16,23324999999.16,20.99999999927336,21.502214348237377,69.55873925260745,84.88111887818182,6.480512546492259,6.480512546492259,20.65987599571302,50.4870129851948,66.83381088584527,81.555944053007,0.0119047619051738,0.0117811830618675,0.0,0.0,-2.0584415584415585,4.705405405405405,0.0,1.207612456747405,0.0,0.0,0.0,0.0,0.0,0.1805157593123209,0.0558015943312666,1.3404255319148937,0.0,0.5123272770139122,0.0730977578519065,0.0644226482389656,0.0644636678222997,2742000000.0,3746000000.0,2742000000.0,3655000000.0,412000000.0,228000000.0,112500000.0,36.6696191319752,157.82608695652175,84.78260869565217,2.4543478260869565,0.5702479338842975,1.0615384615384615,0.0771489588894821,0.0065397923877695,1994-01-19,0.02944,amc,,2025-04-24,1993-12-31,0.0190217391304347,3.0425806451612902,95817010.82258064
1993-09-30,MSFT,USD,789019,1993-09-30,1993-09-29 20:00:00,1994,Q1,983000000.0,118000000.0,865000000.0,0.8799593082,0,0.0,0.0,481000000.0,0.0,522000000.0,640000000.0,0.0,0.0,41000000.0,384000000.0,0.3906408952,343000000.0,0.3489318413,19000000.0,362000000.0,0.3682604273,123000000.0,239000000.0,0.2431332655,0.025,0.025,9560000000,9560000000,,,0.1028242677824267,0.025,0.0330543933054393,0.0268828451882845,0.0881799163179916,0.3626569037656904,0.3626569037656904,0.3626569037656904,0.0,24664800000.0,23821800000.0,25.8,25.091353001017293,78.05316455696203,95.97198443579768,7.114162099798096,7.114162099798096,24.23377416073245,62.0359375,75.38544303797468,92.69182879377432,0.0096899224806201,0.0104197074373195,0.0,0.0,-2.1953125,5.289156626506024,0.0,1.3221757322175731,0.0,0.0,0.0,0.0,0.0,0.1867088607594936,0.0600203458799593,1.4390243902439024,0.0,0.4516575122459504,0.065317508250641,0.0590415019762845,0.0609309623430962,2492000000.0,3467000000.0,2492000000.0,3383000000.0,351000000.0,226500000.0,111000000.0,33.326551373346895,163.22033898305085,72.45762711864407,2.7005494505494507,0.5514018691588785,1.2421052631578948,0.0689356792616094,0.0061715481171548,1993-10-20,0.01964,amc,,2025-04-24,1993-09-30,0.0183299389002036,2.5936507936507938,63183087.222222224
1993-06-30,MSFT,USD,789019,1993-06-30,1993-06-29 20:00:00,1993,Q4,1039000000.0,141000000.0,898000000.0,0.864292589,0,0.0,0.0,486000000.0,0.0,525000000.0,666000000.0,0.0,0.0,39000000.0,412000000.0,0.3965351299,373000000.0,0.3589990375,17000000.0,390000000.0,0.375360924,125000000.0,265000000.0,0.2550529355,0.025,0.025,10600000000,10600000000,,,0.0980188679245283,0.025,0.0378301886792452,0.030754716981132,0.095566037735849,0.3058490566037736,0.3058490566037736,0.3058490566037736,0.0,29150000000.0,28137000000.0,27.5,28.055822906641,72.6932668329177,89.41717791411043,8.991363355953116,8.991363355953116,27.08084696823869,68.29368932038835,70.16708229426433,86.30981595092024,0.009090909090909,0.0111835334476843,0.0,0.0,-2.45873786407767,5.062166962699823,0.0,1.5132075471698114,0.0,0.0,0.0,0.0,0.0,0.1870324189526184,0.0721847930702598,1.9230769230769231,0.0,0.4147771622686363,0.0781766557522263,0.0696452036793692,0.0723584905660377,2287000000.0,3242000000.0,2287000000.0,3154000000.0,388500000.0,250000000.0,123000000.0,29.2781520692974,152.5531914893617,81.06382978723404,3.07396449704142,0.5899581589958159,1.110236220472441,0.081739666872301,0.0070754716981132,1993-07-28,0.02949,amc,,2025-04-24,1993-06-30,0.017293997965412,2.535625,51125850.0
1993-03-31,MSFT,USD,789019,1993-03-31,1993-03-30 19:00:00,1993,Q3,958000000.0,123700000.0,834300000.0,0.8708768267,0,0.0,0.0,459000000.0,0.0,496300000.0,620000000.0,0.0,0.0,38000000.0,376000000.0,0.3924843424,338000000.0,0.3528183716,19000000.0,357000000.0,0.372651357,114000000.0,243000000.0,0.2536534447,0.025,0.025,9720000000,9720000000,,,0.098559670781893,0.025,0.0273662551440329,0.0210905349794238,0.0879629629629629,0.3097736625514403,0.3097736625514403,0.3097736625514403,0.0,28090800000.0,27235800000.0,28.9,29.322338204592903,105.60451127819547,137.02829268292683,9.329392228495516,9.329392228495516,28.429853862212944,72.43563829787234,102.39022556390978,132.85756097560974,0.0086505190311418,0.0072977629686587,0.0,0.0,-2.273936170212766,4.819672131147541,0.0,1.0946502057613168,0.0,0.0,0.0,0.0,0.0,0.2293233082706766,0.0636743215031315,1.605263157894737,0.0,0.4174298566048974,0.0764089096282817,0.0682584269662921,0.0714763374485596,2097000000.0,3011000000.0,2097000000.0,2921000000.0,859500000.0,237500000.0,110500000.0,41.242171189979125,189.8949070331447,86.58043654001617,2.1822323462414577,0.4739463601532567,1.0394957983193278,0.0807040850215875,0.006275720164609,1993-04-14,0.02942,amc,,2025-04-24,1993-03-31,0.0197144799456151,2.42890625,77958302.5
1992-12-31,MSFT,USD,789019,1992-12-31,1992-12-30 19:00:00,1993,Q2,938000000.0,121000000.0,817000000.0,0.8710021322,0,0.0,0.0,455000000.0,0.0,491000000.0,612000000.0,0.0,0.0,36000000.0,362000000.0,0.3859275053,326000000.0,0.3475479744,21000000.0,347000000.0,0.3699360341,111000000.0,236000000.0,0.2515991471,0.025,0.025,9440000000,9440000000,,,0.099364406779661,0.025,0.0233050847457627,0.0179025423728813,0.0889830508474576,0.2913135593220339,0.2913135593220339,0.2913135593220339,0.0,25204800000.0,24364800000.0,26.7,26.87078891257996,114.56727272727272,149.14082840236685,9.165381818181816,9.165381818181816,25.97526652452025,67.3060773480663,110.74909090909092,144.17041420118343,0.0093632958801498,0.0067050720497682,0.0,0.0,-2.320441988950276,4.915966386554622,0.0,0.9322033898305084,0.0,0.0,0.0,0.0,0.0,0.2318181818181818,0.0543710021321961,1.4166666666666667,0.0,0.4048010339890994,0.0806245742729892,0.0731556106633602,0.1456567796610169,1864000000.0,2750000000.0,1864000000.0,2662000000.0,1137000000.0,195000000.0,95000000.0,122.81449893390192,159.17355371900825,75.86776859504133,0.7328125,0.5654205607476636,1.1862745098039216,0.0858181818181818,0.0054025423728813,1992-12-30,,amc,,2025-04-24,1992-12-31,,2.788253968253968,60628571.42857143
1992-09-30,MSFT,USD,789019,1992-09-30,1992-09-29 20:00:00,1993,Q1,818000000.0,97000000.0,721000000.0,0.8814180929,0,0.0,0.0,394000000.0,0.0,432000000.0,529000000.0,0.0,0.0,38000000.0,327000000.0,0.3997555012,289000000.0,0.3533007335,18000000.0,307000000.0,0.3753056235,98000000.0,209000000.0,0.2555012225,0.025,0.025,8360000000,8360000000,,,0.0978468899521531,0.025,0.0223684210526315,0.0165071770334928,0.0972488038277512,0.2879186602870813,0.2879186602870813,0.2879186602870813,0.0,21067200000.0,20254200000.0,25.2,25.754523227383864,112.65882352941176,152.66086956521738,8.752471956792688,8.752471956792688,24.76063569682152,61.9394495412844,108.31122994652408,146.76956521739132,0.0099206349206349,0.0065504670767828,0.0,0.0,-2.486238532110092,4.436651583710408,0.0,0.8947368421052632,0.0,0.0,0.0,0.0,0.0,0.2620320855614973,0.0599022004889975,1.2894736842105263,0.0,0.402435394083924,0.0817390645362535,0.0733590733590733,0.1388157894736842,1519000000.0,2407000000.0,1519000000.0,2305000000.0,908850000.0,181750000.0,86950000.0,109.36430317848412,163.29896907216497,81.64948453608248,0.8229376257545271,0.5511363636363636,1.1022727272727273,0.0868300789364353,0.0058612440191387,1993-01-16,0.02008,amc,,2025-04-24,1992-09-30,-0.0039840637450199,2.6877419354838707,67059097.29032258
1992-06-30,MSFT,USD,789019,1992-06-30,1992-06-29 20:00:00,1992,Q4,815400000.0,97400000.0,718000000.0,0.8805494236,0,0.0,0.0,382700000.0,0.0,422000000.0,519400000.0,0.0,0.0,39300000.0,335300000.0,0.4112092225,296000000.0,0.3630120186,13000000.0,309000000.0,0.3789551141,98900000.0,210100000.0,0.2576649497,0.025,0.025,8241363636,8241363636,,,0.0989399371286278,0.025493353925343,0.0396536319029134,0.0315117754136677,0.0960277976987933,0.2660967404011294,0.2660967404011294,0.2660967404011294,0.0010071148861511,18048586362.84,17265486362.84,21.47618558167539,22.13464111214128,55.22823244443084,69.49782966053138,8.230089540738714,8.230089540738714,21.174253572283543,51.49265243912914,52.83196561456548,66.48242727316133,0.011640800879152,0.0143889385450537,0.0037847697218422,0.0031440584870639,-2.3355204294661496,3.9599462967106738,0.0,1.555449785816278,0.0,0.0,0.0,0.0,0.0,0.2053243574051407,0.0822909001716948,1.7073791348600509,0.0,0.3906830090778043,0.0914281749075311,0.079586347967726,0.1219731399314753,1322800000.0,2193000000.0,1322800000.0,2089400000.0,543200000.0,168500000.0,73150000.0,90.91611479028695,173.25462012320327,79.37371663244353,0.9899235158431468,0.5194666666666666,1.1338766006984866,0.0958048335613315,0.0081418564892456,1992-06-29,,amc,,2025-04-24,1992-06-30,,2.77140625,54814600.484375
1992-03-31,MSFT,USD,789019,1992-03-31,1992-03-30 19:00:00,1992,Q3,680900000.0,82600000.0,598300000.0,0.8786899692,0,0.0,0.0,319800000.0,0.0,347300000.0,429900000.0,0.0,0.0,27500000.0,278500000.0,0.4090174769,251000000.0,0.3686297547,11900000.0,262900000.0,0.3861066236,84100000.0,178800000.0,0.2625936261,0.02,0.02,8940000000,8940000000,,,0.0761633109619686,0.02,0.0194630872483221,0.0128076062639821,0.070738255033557,0.2239485458612975,0.2239485458612975,0.2239485458612975,0.0013087248322147,22081800000.0,21461100000.0,30.875000000000004,32.43031282126597,126.90689655172416,192.85414847161573,11.029319214824437,11.029319214824437,31.518725216625057,77.05960502692999,123.3396551724138,187.43318777292572,0.0080971659919028,0.0051852656939198,0.0058438639428599,0.005,-2.228725314183124,4.536845220479432,0.0,0.9731543624161074,0.0,0.0,0.0,0.0,0.0,0.3419540229885057,0.087384344250257,2.163636363636364,0.0,0.3174536905401856,0.0847684638980762,0.0764102564102564,0.0583585011185682,1195100000.0,2002100000.0,1195100000.0,1923900000.0,260950000.0,143700000.0,59200000.0,34.72316052283742,162.89346246973366,65.81113801452784,2.591929958127141,0.5525083612040134,1.3675496688741722,0.0893062284601168,0.00665548098434,1992-03-30,,amc,,2025-04-24,1992-03-31,,2.3009375,49548950.46875
1991-12-31,MSFT,USD,789019,1991-12-31,1991-12-30 19:00:00,1992,Q2,681900000.0,90300000.0,591600000.0,0.8675758909,0,0.0,0.0,320700000.0,0.0,345500000.0,435800000.0,0.0,0.0,24800000.0,270900000.0,0.3972723273,246100000.0,0.3609033583,11600000.0,257700000.0,0.3779146502,82500000.0,175200000.0,0.2569291685,0.02,0.02,8760000000,8760000000,,,0.0778424657534246,0.02,0.0249200913242009,0.0107876712328767,0.0700456621004566,0.2021917808219178,0.2021917808219178,0.2021917808219178,0.0021004566210045,20323200000.0,19728000000.0,29.0,29.803783545974483,93.0975721484196,215.06031746031744,11.474254742547425,11.474254742547425,28.93092828860537,72.82392026578073,90.3710490151168,208.7619047619048,0.0086206896551724,0.004649858290033,0.0103884372177055,0.008644991542943,-2.197120708748616,3.78387458006719,0.0,1.2460045662100456,0.0,0.0,0.0,0.0,0.0,0.5671094823637196,0.1815515471476756,4.991935483870968,0.0,0.3016393564670615,0.0934921884716923,0.0823153542567186,0.0547716894977168,994400000.0,1771200000.0,994400000.0,1689800000.0,248450000.0,120750000.0,58200000.0,34.210294764628244,137.44186046511626,57.80730897009967,2.630787037037037,0.6548223350253807,1.556896551724138,0.0989159891598916,0.0141324200913242,1991-12-30,,amc,,2025-04-24,1991-12-31,,2.394126984126984,75959716.04761904
1991-09-30,MSFT,USD,789019,1991-09-30,1991-09-29 20:00:00,1992,Q1,580500000.0,83800000.0,496700000.0,0.8556416882,0,0.0,0.0,273100000.0,0.0,293800000.0,377600000.0,0.0,0.0,20700000.0,223600000.0,0.3851851852,202900000.0,0.3495262705,8800000.0,211700000.0,0.3646856158,67700000.0,144000000.0,0.2480620155,0.02,0.02,7200000000,7200000000,,,0.080625,0.02,0.0260972222222222,0.0169027777777777,0.067625,0.2160555555555555,0.2160555555555555,0.2160555555555555,0.0026805555555555,13320000000.0,12852400000.0,23.125,22.94573643410853,70.88877062267163,109.44946589975348,8.562612496785807,8.562612496785807,22.140223944875107,57.47942754919499,68.40021287919106,105.60723089564505,0.0108108108108108,0.0091366366366366,0.0124067883774749,0.0103197518981927,-2.0912343470483004,3.8181818181818175,0.0,1.304861111111111,0.0,0.0,0.0,0.0,0.0,0.3523150612027674,0.1140396210163652,3.198067632850241,0.0,0.3118092365533773,0.0876336091159397,0.0769971126082771,0.0527465277777777,886600000.0,1555600000.0,886600000.0,1474300000.0,240500000.0,94750000.0,52750000.0,36.85271317829457,111.26491646778042,62.72076372315036,2.442153975599495,0.8088803088803089,1.4349315068493151,0.0925687837490357,0.0091944444444444,1991-09-29,,amc,,2025-04-24,1991-09-30,,2.556984126984127,64563180.6984127
1991-06-30,MSFT,USD,789019,1991-06-30,1991-06-29 20:00:00,1991,Q4,526600000.0,69300000.0,457300000.0,0.8684010634,0,0.0,0.0,235100000.0,0.0,263300000.0,332600000.0,0.0,0.0,28200000.0,222200000.0,0.4219521458,194000000.0,0.3684010634,6600000.0,200600000.0,0.3809342955,62200000.0,138400000.0,0.2628180782,0.015,0.015,9328409091,9328409091,,,0.0564512120837475,0.0148363990740422,0.0203035692530607,0.0125530515286875,0.0447235960526765,0.144804970153297,0.144804970153297,0.144804970153297,0.00209038859786,13899329545.59,13501629545.59,25.107170421947256,26.394473121135587,73.38611164514255,118.6962386472246,10.289702062177968,10.289702062177968,25.6392509411128,60.76340929608461,71.28632283838438,115.29999611947052,0.0099573148147934,0.0084248667977768,0.0144358898430559,0.0118598710619146,-1.7898289828982898,3.505453306066803,0.0,1.3684971098265897,0.0,0.0,0.0,0.0,0.0,0.3817317845828933,0.1372958602354728,2.5638297872340425,0.0,0.2198605178624158,0.0976767573656466,0.0841746746137939,0.0353570471430346,735100000.0,1350800000.0,735100000.0,1265300000.0,233300000.0,87550000.0,50000000.0,41.58184580326623,111.55844155844156,61.16883116883117,2.164406083025072,0.8067520372526193,1.4713375796178343,0.1024578027835356,0.0077505177243732,1991-06-29,,amc,,2025-04-24,1991-06-30,,2.01171875,43092750.0
1991-03-31,MSFT,USD,789019,1991-03-31,1991-03-30 19:00:00,1991,Q3,486900000.0,76400000.0,410500000.0,0.84308893,0,0.0,0.0,217900000.0,0.0,237000000.0,313400000.0,0.0,0.0,19100000.0,192600000.0,0.3955637708,173500000.0,0.3563360033,6000000.0,179500000.0,0.3686588622,55700000.0,123800000.0,0.2542616554,0.015,0.015,8253333333,8253333333,,,0.0589943457212841,0.0150000000006058,0.0182714054934681,0.0104684975771594,0.048077544428436,0.1513933764196847,0.1513933764196847,0.1513933764196847,0.0024959612278875,12214933332.84,11838733332.84,24.66666666567044,25.08714999556377,81.00088417002652,141.3765432041667,9.775857009075631,9.775857009075631,24.31450674232902,61.46798199813084,78.50618920981432,137.0223765375,0.0101351351355444,0.0070733091737563,0.0164865946378551,0.0137113951011714,-1.9532710280373835,3.6733886911822857,0.0,1.2180936995153473,0.0,0.0,0.0,0.0,0.0,0.4270557029177719,0.1322653522283836,3.3717277486910997,0.0,0.226042616653823,0.0942145015668934,0.0824014909478168,0.0409319466898599,676100000.0,1249500000.0,676100000.0,1155700000.0,225350000.0,91700000.0,58150000.0,41.27541589648799,105.0785340314136,62.31675392670157,2.180474697716077,0.8565022421524664,1.444234404536862,0.0990796318527411,0.0078029079163086,1991-03-30,,amc,,2025-04-24,1991-03-31,,1.61671875,57856924.484375
1990-12-31,MSFT,USD,789019,1990-12-31,1990-12-30 19:00:00,1991,Q2,460500000.0,78100000.0,382400000.0,0.8304017372,0,0.0,0.0,207600000.0,0.0,223100000.0,301200000.0,0.0,0.0,15500000.0,174800000.0,0.379587405,159300000.0,0.3459283388,4200000.0,163500000.0,0.3550488599,50600000.0,112900000.0,0.2451682953,0.015,0.015,7526666667,7526666667,,,0.0611824623533577,0.0149999999993356,0.0129007971650619,0.0039725420724547,0.0444021257730557,0.148604960135137,0.148604960135137,0.148604960135137,0.0023383525242542,7903000000.35,7586400000.35,17.50000000077502,17.16178067394137,81.39031926210093,264.31438128260874,7.065713008806437,7.065713008806437,16.474267101737244,43.40045766790618,78.12976313439754,253.7257525200669,0.0142857142850816,0.0037833734023378,0.0157353598569512,0.0128843338213762,-1.811212814645309,3.5446464646464646,0.0,0.8600531443755536,0.0,0.0,0.0,0.0,0.0,0.6920700308959835,0.1459283387622149,4.335483870967742,0.0,0.2239512760476876,0.096822301306013,0.0826500732064421,0.0383901682888224,629800000.0,1118500000.0,629800000.0,1062900000.0,202500000.0,80350000.0,60900000.0,44.442996742671006,108.55313700384124,73.06017925736236,2.025065963060686,0.8290870488322718,1.2318611987381702,0.1009387572641931,0.0089282550926072,1990-12-30,,amc,,2025-04-24,1990-12-31,,1.47625,74154314.984375
1990-09-30,MSFT,USD,789019,1990-09-30,1990-09-29 20:00:00,1991,Q1,369400000.0,63000000.0,306400000.0,0.8294531673,0,0.0,0.0,170400000.0,0.0,183400000.0,246400000.0,0.0,0.0,13000000.0,136000000.0,0.3681645912,123000000.0,0.3329723877,4000000.0,127000000.0,0.343800758,39400000.0,87600000.0,0.2371413102,0.01,0.01,8760000000,8760000000,,,0.0421689497716894,0.01,0.0137671232876712,0.0068607305936073,0.040445205479452,0.1130593607305936,0.1130593607305936,0.1130593607305936,0.0011415525114155,8166948000.0,7822648000.0,23.3075,22.108684353004872,67.71930348258707,135.88931780366056,8.246110662358642,8.246110662358642,21.17663237682729,57.51947058823529,64.86441127694859,130.16053244592345,0.0107261611069398,0.0073589301658342,0.0100969305331179,0.0083090984628167,-2.531617647058824,3.617081182543407,0.0,1.3767123287671232,0.0,0.0,0.0,0.0,0.0,0.5016583747927031,0.1637791012452626,4.653846153846154,0.0,0.1594940631007423,0.0848070220730605,0.072787702534275,0.0346575342465753,557700000.0,990400000.0,557700000.0,934500000.0,179300000.0,58750000.0,57000000.0,43.27016783974012,95.0,83.42857142857143,2.079954954954955,0.9473684210526316,1.0787671232876712,0.088449111470113,0.0069063926940639,1990-09-29,,amc,,2025-04-24,1990-09-30,,1.3252459016393443,97337369.6885246
1990-06-30,MSFT,USD,789019,1990-06-30,1990-06-29 20:00:00,1990,Q4,336900000.0,56200000.0,280700000.0,0.8331849213,0,0.0,0.0,156400000.0,0.0,170200000.0,226400000.0,0.0,0.0,13800000.0,124300000.0,0.3689522113,110500000.0,0.3279905016,7100000.0,117600000.0,0.3490650045,37600000.0,80000000.0,0.2374591867,0.01,0.01,8004571429,8004571429,,,0.0420884494551994,0.0099942889771919,0.0070959451738062,0.0005247001713025,0.0307699171885295,0.1147594231806061,0.1147594231806061,0.1147594231806061,0.0008120359793968,8484845714.740001,8245045714.740001,26.5151428585625,25.185057033956667,149.38108652711267,2020.201360652381,9.236714255105596,9.236714255105596,24.473273121816565,66.33182393193886,145.15925554119718,1963.106122557143,0.0094285745067848,0.0004950001616062,0.0070759851948617,0.0058807563557405,-1.9292035398230087,3.853854389721627,0.0,0.71,0.0,0.0,0.0,0.0,0.0,0.926056338028169,0.1561294152567527,3.8115942028985503,0.0,0.1606428456476159,0.0812649384077955,0.0723785397629602,0.0278778198157546,533100000.0,918600000.0,533200000.0,858500000.0,166150000.0,58400000.0,52800000.0,48.35262689225289,81.67259786476868,89.0391459074733,1.8613259668508289,1.1019607843137256,1.0107913669064748,0.0870890485521445,0.0065712450025036,1990-06-29,,amc,,2025-04-24,1990-06-30,,0.94351359375,68934591.0
1990-03-31,MSFT,USD,789019,1990-03-31,1990-03-30 19:00:00,1990,Q3,310900000.0,54100000.0,256800000.0,0.825989064,0,0.0,0.0,138400000.0,0.0,150400000.0,204500000.0,0.0,0.0,12000000.0,118400000.0,0.3808298488,106400000.0,0.342232229,4200000.0,110600000.0,0.3557413959,35400000.0,75200000.0,0.2418784175,0.01,0.01,7520000000,7520000000,,,0.0413430851063829,0.01,0.0123005319148936,0.0080186170212765,0.0344281914893617,0.1098670212765957,0.1098670212765957,0.1098670212765957,0.000877659574468,5783707200.0,5531407200.0,19.22775,18.603110968156965,62.52656432432432,95.91554228855722,7.000371822803195,7.000371822803195,17.791596011579287,46.71796621621622,59.79899675675676,91.73146268656716,0.0130020413204873,0.0104258389843801,0.0079883805374001,0.0065005417118093,-2.1309121621621623,3.5933368588048653,0.0,1.2316910785619175,0.0,0.0,0.0,0.0,0.0,0.3481081081081081,0.1035702798327436,2.683333333333333,0.0,0.1572262057903644,0.0868687605637228,0.0740667782921304,0.0276961436170212,490400000.0,826200000.0,490400000.0,772200000.0,158450000.0,62500000.0,45550000.0,43.79864908330653,109.46395563770794,83.1792975970425,2.054857898215466,0.8221884498480243,1.082,0.0910191236988622,0.004281914893617,1990-03-30,,amc,,2025-04-24,1990-03-31,,0.8977866666666667,76263930.8888889
1989-12-31,MSFT,USD,789019,1989-12-31,1989-12-30 19:00:00,1990,Q2,300400000.0,54800000.0,245600000.0,0.8175765646,0,0.0,0.0,127600000.0,0.0,138600000.0,193400000.0,0.0,0.0,11000000.0,118000000.0,0.3928095872,107000000.0,0.3561917443,2500000.0,109500000.0,0.3645139814,35000000.0,74500000.0,0.2480026631,0.01,0.01,7450000000,7450000000,,,0.0403221476510067,0.01,0.0093288590604026,0.004979865771812,0.0310469798657718,0.0982147651006711,0.0982147651006711,0.0982147651006711,0.0012751677852348,4591658500.0,4369858500.0,15.40825,15.285148135818908,66.06702877697842,123.76438005390835,6.275329369960367,6.275329369960367,14.546799267643143,37.03269915254237,62.8756618705036,117.7859433962264,0.0162250742297146,0.0080798691801666,0.012983463167965,0.0103059231937513,-1.8796610169491528,3.225263157894737,0.0,0.9328859060402684,0.0,0.0,0.0,0.0,0.0,0.4661870503597122,0.1078561917443408,2.9454545454545453,0.0,0.1486550441379336,0.0982046226331996,0.0808201345194185,0.0249597315436241,422800000.0,731700000.0,422700000.0,680000000.0,147950000.0,55800000.0,38550000.0,49.6138482023968,97.22627737226276,67.5,1.8140096618357489,0.9256756756756755,1.3333333333333333,0.1018176848435151,0.0043489932885906,1989-12-30,,amc,,2025-04-24,1989-12-31,,0.9322196825396826,63518380.6984127
1989-09-30,MSFT,USD,789019,1989-09-30,1989-09-29 20:00:00,1990,Q1,235200000.0,41300000.0,193900000.0,0.8244047619,0,0.0,0.0,115000000.0,0.0,124500000.0,165800000.0,0.0,0.0,9500000.0,78900000.0,0.3354591837,69400000.0,0.2950680272,3500000.0,72900000.0,0.3099489796,23300000.0,49600000.0,0.2108843537,0.01,0.01,7911504000,7911504000,,,0.0297288606565831,0.0062693515670345,0.0075206939160998,0.0023510068376379,0.0264804264776962,0.0789483263864873,0.0789483263864873,0.0789483263864873,0.003475950969626,3763502452.8,3581502452.8,18.96926639516129,16.00128593877551,63.25214206386555,202.3388415483871,6.0254602190201725,6.0254602190201725,15.227476414965988,45.39293349556401,60.19331853445379,192.553895311828,0.0131792128800389,0.0049422048300146,0.0440281780339417,0.0339841819080573,-2.3067173637515843,2.85373781148429,0.0,1.1995967741935485,0.0,0.0,0.0,0.0,0.0,0.6873949579831933,0.1738945578231292,4.3052631578947365,0.0,0.1055295376152206,0.0724101452119763,0.0612951062778052,0.0177747492764966,342200000.0,624600000.0,342200000.0,574300000.0,120750000.0,47200000.0,36900000.0,49.85969387755102,114.18886198547216,78.4503631961259,1.8050652340752111,0.7881679389312977,1.147222222222222,0.079410822926673,0.0051696870784619,1989-09-29,,amc,,2025-04-24,1989-09-30,,0.6835809523809524,87806569.65079366
1989-06-30,MSFT,USD,789019,1989-06-30,1989-06-29 20:00:00,1989,Q4,220200000.0,0.0,220200000.0,1.0,0,0.0,0.0,0.0,-561300000.0,-561300000.0,-561300000.0,0.0,0.0,0.0,-341100000.0,-1.5490463215,-341100000.0,-1.5490463215,341100000.0,0.0,0.0,0.0,0.0,0.0,0.005,0.005,7852512000,7852512000,,,0.0280419819797792,0.0,,,0.024501713591778,0.0715439849057218,0.0715439849057218,0.0715439849057218,0.0032346337070226,2890195566.72,2723195566.72,0.0,13.125320466485013,0.0,0.0,5.1445275306514775,5.1445275306514775,12.366919013260672,-7.983569530108472,0.0,0.0,0.0,,0.0452118191527233,0.035248404107688,0.4895924948695397,2.952770780856423,0.0,0.0,,0.0,0.0,0.0,0.0,0.0,,0.0,,0.0,,0.0,0.0173065638104086,310100000.0,561800000.0,310100000.0,508900000.0,,,,45.44959128065396,0.0,0.0,1.9802158273381296,0.0,0.0,0.0,,1989-06-29,,amc,,2025-04-24,1989-06-30,,,
1989-03-31,MSFT,USD,789019,1989-03-31,1989-03-30 19:00:00,1989,Q3,197000000.0,0.0,197000000.0,1.0,0,0.0,0.0,0.0,0.0,0.0,0.0,0.0,0.0,0.0,197000000.0,1.0,197000000.0,1.0,-197000000.0,0.0,0.0,0.0,0.0,0.0,0.01,0.01,7799744000,7799744000,,,0.0252572392119536,0.0,,,,,,,,2701519331.84,,0.0,13.71329610071066,0.0,0.0,0.0,0.0,,,0.0,0.0,0.0,,0.0,0.0,,0.0,0.0,0.0,,0.0,0.0,0.0,0.0,0.0,,0.0,,,0.0,0.0,,,,,,,,,,0.0,0.0,0.0,0.0,0.0,0.0,,1989-03-30,,amc,,2025-04-24,1989-03-31,,,
1988-12-31,MSFT,USD,789019,1988-12-31,1988-12-30 19:00:00,1989,Q2,209800000.0,0.0,209800000.0,1.0,0,0.0,0.0,0.0,0.0,0.0,0.0,0.0,0.0,0.0,209800000.0,1.0,209800000.0,1.0,-209800000.0,0.0,0.0,0.0,0.0,0.0,0.01,0.01,7752544000,7752544000,,,0.0270620843944903,0.0,,,,,,,,2866890771.2000003,,0.0,13.664874981887513,0.0,0.0,0.0,0.0,,,0.0,0.0,0.0,,0.0,0.0,,0.0,0.0,0.0,,0.0,0.0,0.0,0.0,0.0,,0.0,,,0.0,0.0,,,,,,,,,,0.0,0.0,0.0,0.0,0.0,0.0,,1988-12-30,,amc,,2025-04-24,1988-12-31,,,
1988-09-30,MSFT,USD,789019,1988-09-30,1988-09-29 20:00:00,1989,Q1,176400000.0,0.0,176400000.0,1.0,0,0.0,0.0,0.0,0.0,0.0,0.0,0.0,0.0,0.0,176400000.0,1.0,176400000.0,1.0,-176400000.0,0.0,0.0,0.0,0.0,0.0,0.005,0.005,7719776000,7719776000,,,0.0228504039495446,0.0,,,,,,,,2801120721.6,,0.0,15.879369170068026,0.0,0.0,0.0,0.0,,,0.0,0.0,0.0,,0.0,0.0,,0.0,0.0,0.0,,0.0,0.0,0.0,0.0,0.0,,0.0,,,0.0,0.0,,,,,,,,,,0.0,0.0,0.0,0.0,0.0,0.0,,1988-09-29,,amc,,2025-04-24,1988-09-30,,,
1988-06-30,MSFT,USD,789019,1988-06-30,1988-06-29 20:00:00,1988,Q4,170400000.0,0.0,170400000.0,1.0,0,0.0,0.0,0.0,-403400000.0,-403400000.0,-403400000.0,0.0,0.0,0.0,-233000000.0,-1.367370892,-233000000.0,-1.367370892,233000000.0,0.0,0.0,0.0,0.0,0.0,0.005,0.005,7719776000,7719776000,,,0.0220731793254104,0.0,,,0.0237312585235633,0.0486413077270635,0.0476179619719535,0.0486413077270635,0.0026296099783206,3591857377.28,3428957377.28,0.0,21.078975218779345,0.0,0.0,9.565532296351533,9.565532296351533,20.122989303286385,-14.71655526729614,0.0,0.0,0.0,,0.0540612516644474,0.0411764705882352,0.6991416309012876,2.936224489795918,0.0,0.0,,0.0,0.0,0.0,0.016024340770791,0.0,,0.0,,0.0,,0.0,0.0210692641859038,227700000.0,367600000.0,227800000.0,365700000.0,,,,49.43661971830986,0.0,0.0,1.8205128205128205,0.0,0.0,0.0,,1988-06-29,,amc,,2025-04-24,1988-06-30,,,
1988-03-31,MSFT,USD,789019,1988-03-31,1988-03-30 19:00:00,1988,Q3,161800000.0,0.0,161800000.0,1.0,0,0.0,0.0,0.0,0.0,0.0,0.0,0.0,0.0,0.0,161800000.0,1.0,161800000.0,1.0,-161800000.0,0.0,0.0,0.0,0.0,0.0,0.005,0.005,7658752000,7658752000,,,0.0211261573687201,0.0,,,,,,,,3005064522.24,,0.0,18.57271027342398,0.0,0.0,0.0,0.0,,,0.0,0.0,0.0,,0.0,0.0,,0.0,0.0,0.0,,0.0,0.0,0.0,0.0,0.0,,0.0,,,0.0,0.0,,,,,,,,,,0.0,0.0,0.0,0.0,0.0,0.0,,1988-03-30,,amc,,2025-04-24,1988-03-31,,,
1987-12-31,MSFT,USD,789019,1987-12-31,1987-12-30 19:00:00,1988,Q2,155900000.0,0.0,155900000.0,1.0,0,0.0,0.0,0.0,0.0,0.0,0.0,0.0,0.0,0.0,155900000.0,1.0,155900000.0,1.0,-155900000.0,0.0,0.0,0.0,0.0,0.0,0.005,0.005,7583104000,7583104000,,,0.0205588634944212,0.0,,,,,,,,2856858600.96,,0.0,18.32494291828095,0.0,0.0,0.0,0.0,,,0.0,0.0,0.0,,0.0,0.0,,0.0,0.0,0.0,,0.0,0.0,0.0,0.0,0.0,,0.0,,,0.0,0.0,,,,,,,,,,0.0,0.0,0.0,0.0,0.0,0.0,,1987-12-30,,amc,,2025-04-24,1987-12-31,,,
1987-09-30,MSFT,USD,789019,1987-09-30,1987-09-29 20:00:00,1988,Q1,102600000.0,0.0,102600000.0,1.0,0,0.0,0.0,0.0,0.0,0.0,0.0,0.0,0.0,0.0,102600000.0,1.0,102600000.0,1.0,-102600000.0,0.0,0.0,0.0,0.0,0.0,0.005,0.005,7583104000,7583104000,,,0.0135300795030636,0.0,,,,,,,,3488758657.28,,0.0,34.00349568499025,0.0,0.0,0.0,0.0,,,0.0,0.0,0.0,,0.0,0.0,,0.0,0.0,0.0,,0.0,0.0,0.0,0.0,0.0,,0.0,,,0.0,0.0,,,,,,,,,,0.0,0.0,0.0,0.0,0.0,0.0,,1987-09-29,,amc,,2025-04-24,1987-09-30,,,
1987-06-30,MSFT,USD,789019,1987-06-30,1987-06-29 20:00:00,1987,Q4,99800000.0,0.0,99800000.0,1.0,0,0.0,0.0,0.0,-219000000.0,-219000000.0,-219000000.0,0.0,0.0,0.0,-119200000.0,-1.1943887776,-119200000.0,-1.1943887776,119200000.0,0.0,0.0,0.0,0.0,0.0,0.0,0.0,7583104000,7583104000,,,0.0131608375673075,0.0,,,0.0174730558884593,0.0315306238711746,0.0315306238711746,0.0315306238711746,0.0009362920513815,2685707943.68,2560307943.68,0.0,26.910901239278555,0.0,0.0,11.232571909995816,11.232571909995816,25.65438821322645,-21.47909348724832,0.0,0.0,0.0,,0.0296946884148891,0.0246699096594857,1.0520134228187918,4.570815450643777,0.0,0.0,,0.0,0.0,0.0,0.0,0.0,,0.0,,0.0,,0.0,0.0175950375993788,166400000.0,239100000.0,164300000.0,236400000.0,,,,49.68937875751502,0.0,0.0,1.8112522686025407,0.0,0.0,0.0,,1987-06-30,,amc,,2025-04-24,1987-06-30,,,
1987-03-31,MSFT,USD,789019,1987-03-31,1987-03-30 19:00:00,1987,Q3,98400000.0,0.0,98400000.0,1.0,0,0.0,0.0,0.0,0.0,0.0,0.0,0.0,0.0,0.0,98400000.0,1.0,98400000.0,1.0,-98400000.0,0.0,0.0,0.0,0.0,0.0,0.005,0.005,7342400000,7342400000,,,0.0134016125517541,0.0,,,,,,,,2466605856.0,,0.0,25.06713268292683,0.0,0.0,0.0,0.0,,,0.0,0.0,0.0,,0.0,0.0,,0.0,0.0,0.0,,0.0,0.0,0.0,0.0,0.0,,0.0,,,0.0,0.0,,,,,,,,,,0.0,0.0,0.0,0.0,0.0,0.0,,1987-03-30,,amc,,2025-04-24,1987-03-31,,,
1986-12-31,MSFT,USD,789019,1986-12-31,1986-12-30 19:00:00,1987,Q2,81000000.0,0.0,81000000.0,1.0,0,0.0,0.0,0.0,0.0,0.0,0.0,0.0,0.0,0.0,81000000.0,1.0,81000000.0,1.0,-81000000.0,0.0,0.0,0.0,0.0,0.0,0.005,0.005,7342400000,7342400000,,,0.0110318152102854,0.0,,,,,,,,1230145696.0,,0.0,15.186983901234568,0.0,0.0,0.0,0.0,,,0.0,0.0,0.0,,0.0,0.0,,0.0,0.0,0.0,,0.0,0.0,0.0,0.0,0.0,,0.0,,,0.0,0.0,,,,,,,,,,0.0,0.0,0.0,0.0,0.0,0.0,,1986-12-30,,amc,,2025-04-24,1986-12-31,,,
1986-09-30,MSFT,USD,789019,1986-09-30,1986-09-29 20:00:00,1987,Q1,66800000.0,0.0,66800000.0,1.0,0,0.0,0.0,0.0,0.0,0.0,0.0,0.0,0.0,0.0,66800000.0,1.0,66800000.0,1.0,-66800000.0,0.0,0.0,0.0,0.0,0.0,0.005,0.005,7342400000,7342400000,,,0.0090978426672477,0.0,,,,,,,,720223358.4,,0.0,10.781786802395208,0.0,0.0,0.0,0.0,,,0.0,0.0,0.0,,0.0,0.0,,0.0,0.0,0.0,,0.0,0.0,0.0,0.0,0.0,,0.0,,,0.0,0.0,,,,,,,,,,0.0,0.0,0.0,0.0,0.0,0.0,,1986-09-29,,amc,,2025-04-24,1986-09-30,,,
1986-06-30,MSFT,USD,789019,1986-06-30,1986-06-29 20:00:00,1986,Q4,61900000.0,0.0,61900000.0,1.0,0,0.0,0.0,0.0,-136600000.0,-136600000.0,-136600000.0,0.0,0.0,0.0,-74700000.0,-1.2067851373,-74700000.0,-1.2067851373,74700000.0,0.0,0.0,0.0,0.0,0.0,0.005,0.005,7342400000,7342400000,,,0.0084304859446502,0.0,,,0.0139872521246458,0.0189719982567008,0.0189719982567008,0.0189719982567008,0.0002587709740684,783948048.0,683148048.0,0.0,12.664750371567044,0.0,0.0,5.6277677530509695,5.6277677530509695,11.036317415185785,-9.145221526104418,0.0,0.0,0.0,,0.0136396267049533,0.0111306385471587,1.3493975903614457,5.016949152542373,0.0,0.0,,0.0,0.0,0.0,0.0,0.0,,0.0,,0.0,,0.0,0.0137795543691436,118500000.0,139300000.0,116600000.0,138000000.0,,,,50.16155088852989,0.0,0.0,1.7942028985507246,0.0,0.0,0.0,,1986-06-29,,amc,,2025-04-24,1986-06-30,,,
1986-03-31,MSFT,USD,789019,1986-03-31,1986-03-30 19:00:00,1986,Q3,50500000.0,0.0,50500000.0,1.0,0,0.0,0.0,0.0,0.0,0.0,0.0,0.0,0.0,0.0,50500000.0,1.0,50500000.0,1.0,-50500000.0,0.0,0.0,0.0,0.0,0.0,0.005,0.005,7110816000,7110816000,,,0.0071018572270749,0.0,,,,,,,,678990487.392,,0.0,13.445356185980197,0.0,0.0,0.0,0.0,,,0.0,0.0,0.0,,0.0,0.0,,0.0,0.0,0.0,,0.0,0.0,0.0,0.0,0.0,,0.0,,,0.0,0.0,,,,,,,,,,0.0,0.0,0.0,0.0,0.0,0.0,,1986-03-30,,amc,,2025-04-24,1986-03-31,,,
1985-12-31,MSFT,USD,789019,1985-12-31,1985-12-30 19:00:00,1986,Q2,42600000.0,0.0,42600000.0,1.0,0,0.0,0.0,0.0,0.0,0.0,0.0,0.0,0.0,0.0,42600000.0,1.0,42600000.0,1.0,-42600000.0,0.0,0.0,0.0,0.0,0.0,0.005,0.005,7117928640,7117928640,,,0.0059848871988691,0.0,,,,,,,,692026376.16672,,0.0,16.244750614242253,0.0,0.0,0.0,0.0,,,0.0,0.0,0.0,,0.0,0.0,,0.0,0.0,0.0,,0.0,0.0,0.0,0.0,0.0,,0.0,,,0.0,0.0,,,,,,,,,,0.0,0.0,0.0,0.0,0.0,0.0,,1985-12-30,,amc,,2025-04-24,1985-12-31,,,
1985-09-30,MSFT,USD,789019,1985-09-30,1985-09-29 20:00:00,1986,Q1,42600000.0,0.0,42600000.0,1.0,0,0.0,0.0,0.0,0.0,0.0,0.0,0.0,0.0,0.0,42600000.0,1.0,42600000.0,1.0,-42600000.0,0.0,0.0,0.0,0.0,0.0,0.005,0.005,7117928640,7117928640,,,0.0059848871988691,0.0,,,,,,,,692026376.16672,,0.0,16.244750614242253,0.0,0.0,0.0,0.0,,,0.0,0.0,0.0,,0.0,0.0,,0.0,0.0,0.0,,0.0,0.0,0.0,0.0,0.0,,0.0,,,0.0,0.0,,,,,,,,,,0.0,0.0,0.0,0.0,0.0,0.0,,1985-09-29,,amc,,2025-04-24,1985-09-30,,,
