date,symbol,reportedCurrency,cik,fillingDate,acceptedDate,calendarYear,period,revenue,costOfRevenue,grossProfit,grossProfitRatio,researchAndDevelopmentExpenses,generalAndAdministrativeExpenses,sellingAndMarketingExpenses,sellingGeneralAndAdministrativeExpenses,otherExpenses,operatingExpenses,costAndExpenses,interestIncome,interestExpense,depreciationAndAmortization,ebitda,ebitdaratio,operatingIncome,operatingIncomeRatio,totalOtherIncomeExpensesNet,incomeBeforeTax,incomeBeforeTaxRatio,incomeTaxExpense,netIncome,netIncomeRatio,eps,epsdiluted,weightedAverageShsOut,weightedAverageShsOutDil,link,finalLink,revenuePerShare,netIncomePerShare,operatingCashFlowPerShare,freeCashFlowPerShare,cashPerShare,bookValuePerShare,tangibleBookValuePerShare,shareholdersEquityPerShare,interestDebtPerShare,marketCap,enterpriseValue,peRatio,priceToSalesRatio,pocfratio,pfcfRatio,pbRatio,ptbRatio,evToSales,enterpriseValueOverEBITDA,evToOperatingCashFlow,evToFreeCashFlow,earningsYield,freeCashFlowYield,debtToEquity,debtToAssets,netDebtToEBITDA,currentRatio,interestCoverage,incomeQuality,dividendYield,payoutRatio,salesGeneralAndAdministrativeToRevenue,researchAndDdevelopementToRevenue,intangiblesToTotalAssets,capexToOperatingCashFlow,capexToRevenue,capexToDepreciation,stockBasedCompensationToRevenue,grahamNumber,roic,returnOnTangibleAssets,grahamNetNet,workingCapital,tangibleAssetValue,netCurrentAssetValue,investedCapital,averageReceivables,averagePayables,averageInventory,daysSalesOutstanding,daysPayablesOutstanding,daysOfInventoryOnHand,receivablesTurnover,payablesTurnover,inventoryTurnover,roe,capexPerShare,report_date,epsEstimated,time,revenueEstimated,updatedFromDate,fiscalDateEnding,surprise(%),QuarterAvgPrice,QuarterAvgVolume
2025-03-31,NCLH,USD,1513761,2025-05-05,2025-05-05 16:06:30,2025,Q1,2127553000.0,1303938000.0,823615000.0,0.3871184408,0,0.0,0.0,391376000.0,0.0,391376000.0,1695314000.0,0.0,0.0,231297000.0,-25730000.0,-0.0120937058,200942000.0,0.0944474709,-242377000.0,-41435000.0,-0.0194754255,-1140000.0,-40295000.0,-0.0189395987,-0.09,-0.09,441147186,441147186,https://www.sec.gov/Archives/edgar/data/1513761/000155837025006294/0001558370-25-006294-index.htm,https://www.sec.gov/Archives/edgar/data/1513761/000155837025006294/nclh-20250331x10q.htm,4.8227735946614425,-0.091341396429082,1.5396698008179066,-1.9177250288523888,0.417908140073685,3.2110235426051204,2.9032713811757147,3.2110235426051204,31.721342545297343,8364150646.56,22173572646.56,-51.89322897729247,3.93134772509075,12.314328689130637,-9.886714578338744,5.904659292724355,5.904659292724355,10.422101186931654,-861.7789602238632,32.645593476291225,-26.209927726344837,-0.0048175841998461,-0.1011458348550837,9.87888818764675,0.6553131442776369,-536.7050913330743,0.1879559346012224,0.0,-16.856210447946395,0.0,0.0,0.0,0.0,0.0063576765793111,2.2455430559420275,0.7168893089854871,6.087851996727005,0.0095325474853035,,0.0119286974612097,-0.0018990433760452,-44.14105681272554,-4948992000.0,1280770000.0,-18792313000.0,13299603000.0,245966000.0,166442000.0,152715000.0,11.443569208381648,11.16619041702903,10.747504866028908,7.8646791364778945,8.060045247190594,8.374036683107274,-0.0284461933141032,3.457394829670295,2025-04-30,0.09,bmo,2558000000.0,2025-05-12,2025-03-31,-0.2222222222222221,24.080583333333333,11916054.65
2024-12-31,NCLH,USD,1513761,2025-02-27,2025-02-27 12:20:43,2024,Q4,2109366000.0,1307579000.0,801787000.0,0.3801080514,0,0.0,0.0,360566000.0,226480000.0,587046000.0,1894625000.0,0.0,175358000.0,246635000.0,529713000.0,0.2511242715,214741000.0,0.1018035751,-107021000.0,107720000.0,0.0510674771,-146816000.0,254536000.0,0.1206694334,0.69,0.58,435278605,515030548,https://www.sec.gov/Archives/edgar/data/1513761/000155837025001743/0001558370-25-001743-index.htm,https://www.sec.gov/Archives/edgar/data/1513761/000155837025001743/nclh-20241231x10k.htm,4.846013508980071,0.5847657042550942,0.9172424176465094,0.3579776221714366,0.4382595372451168,3.2747738658094625,2.962872480258937,3.2747738658094625,30.499656650939688,11199718506.65,24109443506.65,11.000132109652467,5.309518834877399,28.05147200455347,71.8760011978565,7.857031066674898,7.857031066674898,11.42971087362269,45.51416239860075,60.38592659008256,154.72624506898987,0.0227269997767234,0.0139128496763092,9.190494998382954,0.6560147214212493,24.37116891599791,0.1747323281204456,1.224586274934705,1.5685639752333658,0.0,0.0,0.0,0.0,0.0067984619383728,0.6097240868014507,0.1154071887003014,0.9870294159385328,0.0124260085731921,6.564064863567054,0.0327099611041865,0.0128332861165449,-41.61171440990075,-4770761000.0,1289675000.0,-17534268000.0,12175653000.0,211126500.0,172021500.0,147387000.0,9.44695230699651,11.777139278009209,10.305014075631377,9.526882011815076,7.641923719799423,8.733612524880108,0.1785667432980296,0.5592647954750728,2025-02-27,0.1,bmo,2193738680.0,2025-05-12,2024-12-31,1.6,25.276875,10600285.65625
2024-09-30,NCLH,USD,1513761,2024-11-07,2024-11-07 09:57:16,2024,Q3,2806578000.0,1538939000.0,1267639000.0,0.4516671192,0,0.0,0.0,358001000.0,0.0,358001000.0,2115368000.0,0.0,175216000.0,218428000.0,875317000.0,0.3118805178,691210000.0,0.2462821272,-209362000.0,481848000.0,0.1716852338,6916000.0,474932000.0,0.1692210229,1.11,0.95,439697135,514878919,https://www.sec.gov/Archives/edgar/data/1513761/000155837024014784/0001558370-24-014784-index.htm,https://www.sec.gov/Archives/edgar/data/1513761/000155837024014784/nclh-20240930x10q.htm,6.382979957329037,1.0801343975097768,0.3923223197713126,-0.4446424241540714,0.7562500947385068,2.5820727715226077,1.1349653210726516,2.5820727715226077,30.88584827827,9018188238.85,22090870238.85,4.747094446599724,3.2132327121676294,52.27844291896373,-46.126952548489065,7.943230812935447,7.943230812935447,7.871105039250645,25.237565634907124,128.0607887332394,-112.99215499544776,0.0526637931501597,-0.0216792990811346,11.807318576977618,0.6775093989422725,14.934797336279312,0.1952852646718605,3.944902292028125,0.3632162077939578,0.0,0.0,0.0,0.0,0.0321585415710287,2.13335999953624,0.1311244512000022,1.540761984509106,0.0073534389566226,7.921627130292541,0.0442368230657969,0.0248009970279451,-41.15331169942692,-4859282000.0,499041000.0,-17471440000.0,12520943000.0,205092000.0,177694000.0,147493500.0,6.440473060075295,10.113675720740067,8.483143256490347,13.97412878844459,8.898841774750343,10.60927503860578,0.4183206644764077,0.836964743925384,2024-10-31,0.94,bmo,2105670000.0,2025-04-11,2024-09-30,0.0531914893617021,18.15875,12785598.03125
2024-06-30,NCLH,USD,1513761,2024-08-08,2024-08-08 11:29:03,2024,Q2,2372492000.0,1666202000.0,706290000.0,0.297699634,0,0.0,0.0,353771000.0,1896000.0,353771000.0,2019973000.0,0.0,178472000.0,234695000.0,584496000.0,0.2463637391,352519000.0,0.1485859594,-176576000.0,164985000.0,0.0695408035,1549000.0,163436000.0,0.0688879035,0.38,0.32,434807434,513589734,https://www.sec.gov/Archives/edgar/data/1513761/000155837024011514/0001558370-24-011514-index.htm,https://www.sec.gov/Archives/edgar/data/1513761/000155837024011514/nclh-20240630x10q.htm,5.456420048236802,0.3758813378521951,1.542965799430191,0.7595063335554654,1.3663473840237976,1.594114878909821,0.1307337353390328,1.594114878909821,32.86957600637528,7687395433.12,21206761433.12,11.759030190900411,3.240219749158269,11.458452291378803,23.27827855922529,11.090794166660656,11.090794166660656,8.93860187225921,36.28213269743505,31.60975212607673,64.21640518872695,0.0212602566658481,0.0429585030291552,20.361841089661,0.7016794859537712,23.129954696011605,0.2385230684259493,1.9752061948092696,4.104927922856653,0.0,0.0,0.0,0.0,0.0316343980781783,0.5077620425313724,0.143584888800468,1.451475319031083,0.0096877038995284,3.6717782818317137,0.0232722338034304,0.0083909963186323,-42.76520545874568,-5051574000.0,56844000.0,-17838358000.0,12978794000.0,245828000.0,193711000.0,153905000.0,7.941383996236867,9.855101602326728,8.098531870685546,11.333037168665776,9.132325939567336,11.113125371003996,0.2357931306112968,0.7834594658747256,2024-07-31,0.35,bmo,2382920000.0,2025-04-11,2024-06-30,0.142857142857143,17.554761904761907,14039888.555555556
2024-03-31,NCLH,USD,1513761,2024-05-07,2024-05-07 15:01:11,2024,Q1,2191215000.0,1599656000.0,591559000.0,0.2699684878,0,0.0,0.0,362469000.0,18137000.0,362469000.0,1962125000.0,0.0,218177000.0,240973000.0,448504000.0,0.2046827901,229090000.0,0.1045493026,-200040000.0,18354000.0,0.0083761749,1001000.0,17353000.0,0.0079193507,0.0407,0.0403,426803519,431019206,https://www.sec.gov/Archives/edgar/data/1513761/000155837024007014/0001558370-24-007014-index.htm,https://www.sec.gov/Archives/edgar/data/1513761/000155837024007014/nclh-20240331x10q.htm,5.134013433474057,0.0406580527748647,1.89120043314357,1.2847129313383192,1.3116433559677374,0.8483786657813381,-0.5542784664809663,0.8483786657813381,34.31373769905585,8937265687.86,22804498687.86,128.75678107330145,4.078680406924925,11.072332489472492,16.29936111734024,24.682374562913743,24.682374562913743,10.407239220186062,50.845697447202255,28.25237612334933,41.58976270765247,0.0019416453092103,0.0613520979626704,39.84370503547451,0.7277129982323497,30.91886137024419,0.2409865001525342,1.050019021253386,46.51478130582608,0.0,0.0,0.0,0.0,0.0301968889273584,0.320689172430625,0.1181312650743993,1.074190884455935,0.0100163607861391,0.8809665446225287,0.0144397833567669,0.0009025550061584,-43.609314172501,-5008365000.0,-236568000.0,-17872943000.0,12817861000.0,281292000.0,189654500.0,157762500.0,11.595471005811843,11.532098151102486,8.882603509754597,7.761651075225016,7.804304023496007,10.13216450572907,0.0479244167902543,0.606487501805251,2024-05-01,0.12,bmo,2244460000.0,2025-04-11,2024-03-31,0.3333333333333334,18.185245901639345,12272481.852459015
2023-12-31,NCLH,USD,1513761,2024-02-28,2024-02-28 11:45:34,2023,Q4,1986456000.0,1321813000.0,664643000.0,0.3345873254,0,0.0,0.0,328258000.0,-35266000.0,328258000.0,1650071000.0,0.0,197381000.0,229352000.0,312747000.0,0.1574396815,124330000.0,0.0625888517,-232647000.0,-108317000.0,-0.054527762,1832000.0,-106485000.0,-0.0536055166,-0.25,-0.25,425426293,425426293,https://www.sec.gov/Archives/edgar/data/1513761/000155837024001935/0001558370-24-001935-index.htm,https://www.sec.gov/Archives/edgar/data/1513761/000155837024001935/nclh-20231231x10k.htm,4.669330581314117,-0.2503018777920245,0.6088011114066239,-0.9135871627943786,0.945910035701531,0.7070719533547966,-0.7001259792845008,0.7070719533547966,35.080525688147816,8525542911.719999,22849924911.72,-20.01583066093816,4.29183576767872,32.917154099305016,-21.935509621987112,28.34223575821041,28.34223575821041,11.502859822578502,73.06201150361154,88.22364830779924,-58.79094773820061,-0.0124901136622766,-0.0455881817761666,48.957627315853685,0.7554919486441023,45.80182064096538,0.1566144771864015,0.629898521134253,-2.432267455510165,0.0,0.0,0.0,0.0,0.030711501929668,2.5006332046332047,0.3260399424905459,2.823886427848896,0.0114203385325423,,0.0083057679274057,-0.0056358174311649,-43.4875372171696,-5092953000.0,-297852000.0,-18246435000.0,12692650000.0,259843500.0,166376000.0,161854500.0,12.6981871231983,11.870378033806595,10.733848131316607,7.087625904927731,7.58189838130528,8.384691016581455,-0.3539977460630903,1.5223882742010024,2024-02-27,-0.13,bmo,1969190000.0,2025-04-11,2023-12-31,0.3846153846153845,16.04031746031746,15133486.174603175
2023-09-30,NCLH,USD,1513761,2023-11-08,2023-11-08 11:02:31,2023,Q3,2536037000.0,1482746000.0,1053291000.0,0.4153295082,0,0.0,0.0,325365000.0,12060000.0,529973000.0,2012719000.0,181201000.0,181201000.0,221276000.0,747988000.0,0.2949436463,523318000.0,0.2063526676,-169141000.0,354177000.0,0.1396576627,8309000.0,345868000.0,0.136381291,0.81,0.68,425398415,511585445,https://www.sec.gov/Archives/edgar/data/1513761/000155837023018153/0001558370-23-018153-index.htm,https://www.sec.gov/Archives/edgar/data/1513761/000155837023018153/nclh-20230930x10q.htm,5.96155723805412,0.8130448722993009,0.4938875947621948,-2.1589384624293912,1.602163938481059,1.031240325613343,-0.3760498261376926,1.031240325613343,33.041726307325334,7010565879.2,20203704879.2,5.06737099066696,2.764378390062921,33.367916454623774,-7.633381074445046,15.980755979648409,15.980755979648409,7.966644366466262,27.01073396792462,96.16278458821796,-21.99859199898956,0.0493352471055401,-0.1310035474775115,31.627710354511635,0.7206951923100897,17.638169328919716,0.2982577984436431,2.888052494191533,0.6074542889194722,0.0,0.0,0.0,0.0,0.0310962223631381,5.371315427488946,0.4449887757946749,5.022958116348423,0.0092912682267648,4.343386331433605,0.0338672048394869,0.0185420543913057,-42.0052916746293,-3791064000.0,-159971000.0,-17201840000.0,12781867000.0,229266000.0,153371000.0,159956500.0,8.496500642537944,9.615443238423843,10.0797237018343,10.592596150633208,9.359942934336612,8.92881617217562,0.7884145451892917,2.652826057191586,2023-11-01,0.69,bmo,1968230000.0,2025-04-11,2023-09-30,0.1014492753623189,18.446349206349208,12588643.507936507
2023-06-30,NCLH,USD,1513761,2023-08-08,2023-08-08 12:16:58,2023,Q2,2205492000.0,1383610000.0,821882000.0,0.3726524512,0,0.0,0.0,352222000.0,-8043000.0,549337000.0,1932947000.0,176973000.0,177692000.0,211799000.0,475582000.0,0.2156353322,272545000.0,0.1235756013,-185735000.0,86810000.0,0.039360832,694000.0,86116000.0,0.0390461629,0.2,0.19,424178775,461075240,https://www.sec.gov/Archives/edgar/data/1513761/000155837023013825/0001558370-23-013825-index.htm,https://www.sec.gov/Archives/edgar/data/1513761/000155837023013825/nclh-20230630x10q.htm,5.199439788094065,0.2030181731747422,2.435958753476055,0.6996295370978899,2.1197076633549146,0.035883455036146,-1.37545307400164,0.035883455036146,31.34999152185302,9234371931.75,21455545931.75,26.80794489917669,4.186989538728773,8.936932929974585,31.11646785283454,606.6862841961764,606.6862841961764,9.728235664309825,45.11429350091046,20.764463071794538,72.29737010644679,0.0093255936230933,0.0321373237068392,861.987320149793,0.7035692751669704,25.69730141174393,0.3177216114508953,1.5338056862436125,11.998722653165498,0.0,0.0,0.0,0.0,0.0321027560175742,0.7127908934830957,0.3339454416520214,3.4318397852869365,0.0201932267267348,0.4048609063546618,0.0193175525217188,0.0047710876828916,-41.23873006139923,-3969656000.0,-583438000.0,-16784412000.0,11683713000.0,239202500.0,175780500.0,149899000.0,8.941515090510416,9.64832575653544,10.007516568975362,10.06540827689443,9.328043255487838,8.993240168995776,5.657709743118061,1.7363292163781652,2023-08-01,0.27,bmo,2169850000.0,2025-04-11,2023-06-30,0.111111111111111,15.308709677419357,14545832.661290323
2023-03-31,NCLH,USD,1513761,2023-05-05,2023-05-05 11:53:26,2023,Q1,1821939000.0,1280418000.0,541521000.0,0.2972223549,0,0.0,0.0,336013000.0,194790000.0,530803000.0,1811221000.0,168823000.0,171257000.0,207990000.0,207319000.0,0.113790308,1763000.0,0.0009676504,-180212000.0,-169494000.0,-0.0930294593,-10173000.0,-159321000.0,-0.0874458475,-0.38,-0.38,422655215,422655215,https://www.sec.gov/Archives/edgar/data/1513761/000155837023008225/0001558370-23-008225-index.htm,https://www.sec.gov/Archives/edgar/data/1513761/000155837023008225/nclh-20230331x10q.htm,4.310698023683441,-0.3769526421198896,1.190883211981662,0.6285430548869485,1.6576158891118853,-0.2355300407212531,-1.651954063786957,-0.2355300407212531,31.4724828368674,5684712641.75,18114864641.75,-8.920218680760854,3.120144330710304,11.29413855588646,21.39869320872403,-57.10524211184554,-57.10524211184554,9.942629606013154,87.37677029963486,35.9898211358087,68.1889227151929,-0.0280262187449732,0.0467318256421523,-131.9037248362599,0.715545371016274,59.9566465205794,0.2885620864575642,0.0102944697151065,-3.159238267397267,0.0,0.0,0.0,0.0,0.0326232401820727,0.4722042862280041,0.130452226995525,1.1281588790370047,0.0154533164941307,,0.0001195539189502,-0.0089748035605163,-41.3627884610391,-4054866000.0,-698207000.0,-16805569000.0,11052219000.0,292780500.0,215987500.0,147332500.0,12.808337710538058,14.285155316466966,10.258618669840631,7.0266729402327135,6.300246515083672,8.773110971030778,1.600444006911239,0.5623401570947137,2023-05-01,-0.43,bmo,2181090000.0,2025-04-11,2023-03-31,-0.3023255813953489,14.965967741935485,15032733.596774194
2022-12-31,NCLH,USD,1513761,2023-02-28,2023-02-28 16:20:52,2022,Q4,1519129000.0,1219459000.0,299670000.0,0.1972643535,0,0.0,0.0,378527000.0,202112000.0,580639000.0,1800098000.0,172179000.0,177120000.0,213943000.0,-95973000.0,-0.0631763333,-280969000.0,-0.1849540098,-201126000.0,-482095000.0,-0.3173496128,385000.0,-482480000.0,-0.3176030475,-1.14,-1.14,421400765,421400765,https://www.sec.gov/Archives/edgar/data/1513761/000155837023002361/0001558370-23-002361-index.htm,https://www.sec.gov/Archives/edgar/data/1513761/000155837023002361/nclh-20221231x10k.htm,3.604950740893885,-1.1449433415243089,0.5614607747567805,0.1926550845250601,2.24723607229332,0.1627690448070259,-1.2578714706414926,0.1627690448070259,32.74471986305008,5157945363.6,17832488363.6,-2.672621333319516,3.395330721485799,21.80027626204565,63.53323105992487,75.19857362627751,75.19857362627751,11.738626781267422,-185.8073454367374,75.36977330346576,219.65250186118124,-0.0935411226735546,0.0157397944873415,198.59063142394777,0.734009839800139,-132.06363247996833,0.370509239540394,-1.5863200090334235,-0.4903830210578677,0.0,0.0,0.0,0.0,0.0322593421359356,0.6568681318681319,0.1023053341750437,0.7174214097770392,0.0162198206998878,,-0.0193477335524254,-0.0268655860406753,-40.87095926368335,-3181982000.0,-530068000.0,-16616234000.0,11933043000.0,359695000.0,185023500.0,152298500.0,19.32981333382484,16.88189598830301,10.975793364106543,4.656020130443311,5.33115475076724,8.199862826711136,-7.034159000451955,0.3688056902317204,2023-02-28,-0.89,bmo,1501219737.0,2025-04-11,2022-12-31,0.1685393258426966,15.05888888888889,18194206.682539683
2022-09-30,NCLH,USD,1513761,2022-11-08,2022-11-08 15:20:15,2022,Q3,1615510000.0,1238898000.0,376612000.0,0.2331226671,0,0.0,0.0,375291000.0,186551000.0,561842000.0,1800740000.0,152330000.0,152330000.0,200272000.0,48334000.0,0.0299187254,-153769000.0,-0.0951829453,-120869000.0,-306099000.0,-0.1894751503,-10705000.0,-295394000.0,-0.1828487598,-0.7,-0.7,420798538,420798538,https://www.sec.gov/Archives/edgar/data/1513761/000155837022016836/0001558370-22-016836-index.htm,https://www.sec.gov/Archives/edgar/data/1513761/000155837022016836/nclh-20220930x10q.htm,3.839153072342661,-0.7019843780921121,0.1954498235447766,-2.898997714673619,2.8201476308361126,0.9500579586139152,-0.4726157104661804,0.9500579586139152,33.40900153032376,4780271391.679999,17499686391.68,-4.045674075709052,2.9589859497496143,58.12233438725758,-3.918595707233578,11.957165241343429,11.957165241343429,10.832298402164025,362.05748317292176,212.7750792349687,-14.345251629797342,-0.0617943994799394,-0.2551934607987341,34.78419292466163,0.7337966914445196,263.156680597509,0.4626844993323688,-1.0094465962056065,-0.2784247479637365,0.0,0.0,0.0,0.0,0.0315899552998167,15.83243966198553,0.8060234848437955,6.442947408004829,0.0161453658596975,,-0.0096982116406232,-0.0160957745281646,-40.37954499737354,-2505370000.0,-198876000.0,-16393762000.0,12604938000.0,495687000.0,120820500.0,155138500.0,21.90058866859382,10.265130785585251,11.323934658059017,4.109478578950849,8.767545380559781,7.947767513471901,-0.7388858455712224,3.094447538218396,2022-11-08,-0.71,bmo,1583272520.0,2025-04-11,2022-09-30,-0.0985915492957745,13.1696875,20241706.15625
2022-06-30,NCLH,USD,1513761,2022-08-09,2022-08-09 15:04:22,2022,Q2,1187181000.0,1073316000.0,113865000.0,0.0959120808,0,0.0,0.0,329080000.0,181587000.0,510667000.0,1583983000.0,0.0,144377000.0,194589000.0,-171222000.0,-0.1442256909,-396802000.0,-0.3342388397,-113386000.0,-510188000.0,-0.4297474437,-867000.0,-509321000.0,-0.4290171423,-1.22,-1.22,417476229,419107330,https://www.sec.gov/Archives/edgar/data/1513761/000155837022012832/0001558370-22-012832-index.htm,https://www.sec.gov/Archives/edgar/data/1513761/000155837022012832/nclh-20220630x10q.htm,2.843709216315643,-1.2200000014851144,0.6280261767910144,0.2423299650912579,4.558913460914681,2.160158920090274,0.72616350091636,2.160158920090274,32.07113619875109,4642335666.48,15983657666.48,-2.2786885218163007,3.910385751187055,17.70626832279374,45.88784550772485,5.147769405565443,5.147769405565443,13.463538977190504,-93.35049039539312,60.96304786098418,157.99280068085443,-0.1097122303493808,0.0217922630477749,14.686559882015713,0.6929535608898563,-66.23752788777144,0.6221854858544675,-2.748374048498029,-0.5147755541200932,0.0,0.0,0.0,0.0,0.0313217566917104,0.614140343115193,0.1356313822407872,0.8221295237317212,0.0253103781142049,,-0.0262598187470571,-0.0275092426001811,-37.803964402485775,-1901715000.0,303156000.0,-15079638000.0,12338289000.0,571608500.0,96061000.0,148176500.0,45.35369080199228,8.4134029493644,12.94654137271782,1.9844029980476583,10.69721734970499,6.951663568592654,-0.564773262808891,0.3856962116997564,2022-08-09,-0.82,bmo,1263531700.0,2025-04-11,2022-06-30,0.3902439024390243,16.763387096774192,21205689.532258064
2022-03-31,NCLH,USD,1513761,2022-05-10,2022-05-10 14:50:15,2022,Q1,521940000.0,735413000.0,-213473000.0,-0.4089991187,0,0.0,0.0,296207000.0,179076000.0,475283000.0,1210696000.0,0.0,327685000.0,194197000.0,-493292000.0,-0.945112465,-688756000.0,-1.3196076177,-289565000.0,-978321000.0,-1.8743936085,4393000.0,-982714000.0,-1.8828102847,-2.35,-2.35,417734591,417734591,https://www.sec.gov/Archives/edgar/data/1513761/000155837022008057/0001558370-22-008057-index.htm,https://www.sec.gov/Archives/edgar/data/1513761/000155837022008057/nclh-20220331x10q.htm,1.2494536273631216,-2.352484139863821,-0.8881500550669025,-1.2838175519920016,5.11530537819407,3.6089948797177778,2.175886363214772,3.6089948797177778,33.27697609796456,9140032851.08,20576451851.08,-2.3252016484653724,17.5116543109936,-24.635476713844064,-17.04292012992849,6.0626298260946845,6.0626298260946845,39.42302151795226,-41.7125188551203,-55.460489988383095,-38.36778610854101,-0.1075175566665366,-0.0586753908588666,9.00321105968286,0.7049032556529846,-23.18387283799453,0.7696328184107952,-2.101884431695073,0.3775371064216038,0.0,0.0,0.0,0.0,0.0310902988092955,-0.4454962251793073,0.3166724144537686,0.8455981664142758,0.0628271448825535,,-0.0430025467733535,-0.0526731412560749,-36.222404311258,-962170000.0,908943000.0,-14533380000.0,13168888000.0,856217000.0,162479000.0,130080500.0,93.9695942062306,11.23279028246713,17.372605597127055,0.9577566101060444,8.012256771185148,5.1805700357857365,-0.6518391458753703,0.395667496925099,2022-05-10,-1.73,bmo,737483819.0,2025-04-11,2022-03-31,0.0520231213872832,20.431290322580644,22992946.56451613
2021-12-31,NCLH,USD,1513761,2022-03-01,2022-03-01 13:18:53,2021,Q4,487437000.0,717699000.0,-230262000.0,-0.4723933554,0,0.0,0.0,273632000.0,66489000.0,456610000.0,1174309000.0,0.0,950020000.0,196365000.0,-489338000.0,-1.0038999912,-686872000.0,-1.4091503107,-883531000.0,-1570403000.0,-3.2217558372,2318000.0,-1572721000.0,-3.2265113235,-4.01,-4.01,391737562,391737578,https://www.sec.gov/Archives/edgar/data/1513761/000155837022002516/0001558370-22-002516-index.htm,https://www.sec.gov/Archives/edgar/data/1513761/000155837022002516/nclh-20211231x10k.htm,1.2442947709977323,-4.014731168414225,-0.8057894637124433,-1.3503198347877603,4.458717185767343,6.209897227062438,4.68168278435347,6.209897227062438,34.19792049453761,8124637035.879999,19064580035.88,-1.291493697210122,16.668076153184924,-25.7387331728643,-15.359324113949535,3.33982982997143,3.33982982997143,39.11188530185439,-38.95994187224372,-60.39631511281196,-36.04087943550781,-0.1935743089881497,-0.0651070315712517,5.116473804287505,0.6645327452662829,-22.35661853361071,0.8850363711227011,-0.7230079366750174,0.200708199356402,0.1546254921237758,-0.7987913940234791,0.0,0.0,0.0319628515720665,-0.6757725132896996,0.4376216823917757,1.0793444381476685,0.0720154604595055,,-0.0432341615300836,-0.0867412475902007,-34.75753685831128,-428864000.0,1833991000.0,-12995619000.0,13698601000.0,1078928500.0,164061500.0,113191000.0,215.5613340800965,29.239945994072727,14.822996827360774,0.4175145806369826,3.0779810611908807,6.071646715451969,-0.6465052514747293,0.544530371075317,2022-02-24,-1.69,bmo,571853187.0,2025-04-11,2021-12-31,0.1538461538461538,23.91390625,19844278.40625
2021-09-30,NCLH,USD,1513761,2021-11-09,2021-11-09 15:02:36,2021,Q3,153081000.0,439756000.0,-286675000.0,-1.8727013803,0,0.0,0.0,229142000.0,4720000.0,402431000.0,842187000.0,0.0,161205000.0,187260000.0,-498464000.0,-3.2562107642,-689106000.0,-4.5015775962,-156485000.0,-845591000.0,-5.5238141899,294000.0,-845885000.0,-5.5257347417,-2.29,-2.29,369382096,370016479,https://www.sec.gov/Archives/edgar/data/1513761/000155837021015236/0001558370-21-015236-index.htm,https://www.sec.gov/Archives/edgar/data/1513761/000155837021015236/nclh-20210930x10q.htm,0.414424525870902,-2.290000000433156,-1.81464128136844,-2.4374354083474583,5.237979915518157,7.805573229515704,6.184869339200458,7.805573229515704,34.0290938194254,9866195784.16,20339912784.16,-2.9159388640772685,64.4508187440636,-14.719162555289008,-10.9582391018554,3.4219139600151083,3.4219139600151083,132.87026335182028,-40.805179078448994,-30.344672777638536,-22.591243116982938,-0.0857356795369957,-0.0912555375644873,4.303678259069054,0.6624941330837377,-21.011982811195995,1.1161124656784978,-4.274718526100307,0.7924197733734492,0.0,0.0,0.0,0.0,0.0319625273364528,-0.3432050914819721,1.5027926391910165,1.2202443151378848,0.2607900392602609,,-0.0422033214801554,-0.0466531262285338,-35.50549862059368,341353000.0,2284580000.0,-12565587000.0,14420132000.0,706491000.0,102789500.0,100109000.0,582.2705626433064,19.43257169885118,22.13939093497303,0.1545673193428003,4.631399353350676,4.065152481581112,-0.2933801186790273,0.6227941269790185,2021-11-03,-2.11,bmo,148727985.0,2025-04-11,2021-09-30,0.0284360189573459,25.445,14839842.796875
2021-06-30,NCLH,USD,1513761,2021-08-09,2021-08-09 15:32:30,2021,Q2,4368000.0,249727000.0,-245359000.0,-56.1719322344,0,0.0,0.0,185483000.0,25501000.0,359745000.0,609472000.0,0.0,137259000.0,187371000.0,-373963000.0,-85.6142399267,-605104000.0,-138.5311355311,-111758000.0,-716862000.0,-164.1167582418,927000.0,-717789000.0,-164.3289835165,-1.94,-1.94,369933159,369933309,https://www.sec.gov/Archives/edgar/data/1513761/000155837021010944/0001558370-21-010944-index.htm,https://www.sec.gov/Archives/edgar/data/1513761/000155837021010944/nclh-20210630x10q.htm,0.0118075384531831,-1.940320791843372,-1.7031292942301504,-2.171135461798384,7.434153800741068,10.053848673781632,8.435559030273359,10.053848673781632,33.58208286486695,10879734206.19,20415461206.19,-3.7893218641515833,2490.781640611264,-17.26821334095714,-13.545907437594549,2.9252479278602257,2.9252479278602257,4673.869323761447,-54.59219550113247,-32.40323089528668,-25.4184470460236,-0.0659748654145995,-0.07382303508325,3.303316634635136,0.6631481721477019,-25.499118896789252,1.5892426144209282,-4.408483232429203,0.8777565551993691,0.0056470129541441,-0.0855933986171423,0.0,0.0,0.0323135210229584,-0.2747919192945254,39.63621794871795,0.9177997953741844,5.1398809523809526,,-0.0362648947636876,-0.0400374945894448,-31.61170529187409,1284883000.0,3120593000.0,-11341877000.0,15315426000.0,220589500.0,101669500.0,88366000.0,8707.376373626374,39.869617622443705,33.17098271312273,0.0103360640608805,2.2573579925516145,2.7132147629860603,-0.1929928383449145,0.4680061675682336,2021-08-06,-2.0,bmo,4368000.0,2025-04-11,2021-06-30,-0.035,30.13825396825397,18290732.57142857
2021-03-31,NCLH,USD,1513761,2021-05-10,2021-05-10 14:08:50,2021,Q1,3100000.0,200855000.0,-197755000.0,-63.7919354839,0,0.0,0.0,203195000.0,27243000.0,373511000.0,574366000.0,0.0,824441000.0,182541000.0,-387556000.0,-125.0180645161,-571266000.0,-184.2793548387,-797198000.0,-1368464000.0,-441.44,1728000.0,-1370192000.0,-441.9974193548,-4.16,-4.16,329373156,329377207,https://www.sec.gov/Archives/edgar/data/1513761/000155837021006631/0001558370-21-006631-index.htm,https://www.sec.gov/Archives/edgar/data/1513761/000155837021006631/nclh-20210331x10q.htm,0.0094118173977723,-4.159999001254371,-2.5867651460946623,-3.000733308090232,10.650634200438605,13.289671365932444,11.472100658986308,13.289671365932444,39.59999703193784,9087405374.04,17798107374.04,-1.65805328268593,2931.4210883999995,-10.66583104448182,-9.194419219333826,2.0760483265768253,2.0760483265768253,5741.324959367742,-45.923962921590686,-20.889527686896063,-18.00769898249729,-0.1507792316511189,-0.1087616276944629,2.7914111130225043,0.6439795669742998,-22.475982825707767,2.087961464133114,-0.6929131375077173,0.6218186940224436,0.1279530242286385,-0.8486117274075458,0.0,0.0,0.0315518884389642,-0.1600331451119762,43.983870967741936,0.7418066678272981,8.580967741935483,,-0.0332535862046163,-0.0745677283224166,-33.4945867598269,1969269000.0,3778602000.0,-10817209000.0,15969265000.0,19579500.0,87923500.0,83536000.0,539.4483870967741,41.542356426277664,37.9487192253118,0.1668370916527635,2.166463526442385,2.371621541840337,-0.3130249715518449,0.4139681619955696,2021-05-06,-2.06,bmo,12860000.0,2025-04-11,2021-03-31,-0.0145631067961166,26.611475409836064,21187316.360655736
2020-12-31,NCLH,USD,1513761,2021-02-26,2021-02-26 15:57:03,2020,Q4,9579000.0,206992000.0,-197413000.0,-20.6089362146,0,186564000.0,0.0,186564000.0,-1324000.0,349467000.0,556459000.0,27800000.0,159205000.0,174411000.0,-377373000.0,-39.3958659568,-546880000.0,-57.091554442,-160529000.0,-707409000.0,-73.8499843407,31524000.0,-738933000.0,-77.1409332916,-2.51,-2.51,293892873,293892955,https://www.sec.gov/Archives/edgar/data/1513761/000155837021001998/0001558370-21-001998-index.htm,https://www.sec.gov/Archives/edgar/data/1513761/000155837021001998/nclh-20201231x10k.htm,0.0325935089960483,-2.514293703202527,-2.16955584356753,-2.41931691892372,11.230221292232562,14.815279307572728,12.778281969430406,14.815279307572728,40.71321593429726,7473695760.39,15979332760.39,-2.528543102145256,780.2166990698403,-11.721293127990627,-10.51123141457343,1.7164711830307262,1.7164711830307262,1668.16293562898,-42.343603703471096,-25.06102058193241,-22.47381615199291,-0.0988711641054867,-0.0951363318491435,2.711491569449979,0.6416607203408692,-22.539071422703795,1.85879012677236,-3.4350679940956628,0.862888786940088,0.1137322186039379,-1.1503072673706547,19.476354525524584,0.0,0.0325370229775376,-0.1151208327256017,7.662908445557991,0.4208622162592956,3.1619166927654243,,-0.0343913379778801,-0.041511555359358,-36.367353488017386,1643641000.0,3755446000.0,-10487668000.0,15653526000.0,49537000.0,99800000.0,81820000.0,193.34168493579708,36.14748396073279,35.81921040426683,0.4654971328603363,2.489799846035412,2.512618200798728,-0.1697095040197698,0.2497610753561893,2021-02-25,-2.31,bmo,2600000.0,2025-04-11,2020-12-31,0.0086580086580086,20.86375,25028938.625
2020-09-30,NCLH,USD,1513761,2020-11-09,2020-11-09 16:31:58,2020,Q3,6518000.0,190157000.0,-183639000.0,-28.1741331697,0,0.0,0.0,156656000.0,-23680000.0,334144000.0,524301000.0,0.0,139664000.0,185833000.0,-372988000.0,-57.2243019331,-517783000.0,-79.4389383246,-163344000.0,-681127000.0,-104.4993863148,-3761000.0,-677366000.0,-103.9223688248,-2.5,-2.5,270946400,271435350,https://www.sec.gov/Archives/edgar/data/1513761/000155837020013385/0001558370-20-013385-index.htm,https://www.sec.gov/Archives/edgar/data/1513761/000155837020013385/nclh-20200930x10q.htm,0.0240564185388696,-2.5,-2.1784603892135124,-2.723457480889209,8.696225526524804,15.08699137541595,12.870567758051038,15.08699137541595,40.88306026579427,4635892904.0,13217135904.0,-1.711,711.2446922368824,-7.85417081013679,-6.282455342175411,1.134089599062177,1.134089599062177,2027.7901049401653,-35.43582073417912,-22.39258869013937,-17.911558309877478,-0.1461133839859731,-0.1591734354698544,2.6756556025956475,0.6285157306584281,-23.00675356847941,1.1363310779491282,-3.7073476343223737,0.871384155685405,0.2726318373121761,-1.865892294564533,0.0,0.0,0.0345092933660582,-0.2501753506165226,22.65495550782449,0.7946112907825844,3.967781528076097,,-0.0331351115860341,-0.0403157931387694,-40.076408101380935,318233000.0,3487234000.0,-10661772000.0,14372198000.0,76354500.0,300695500.0,81761000.0,1083.8662166308684,55.12161003802122,38.459325715067024,0.0830360782715042,1.6327534688830885,2.340134631240847,-0.1657056690622702,0.5449970916756968,2020-11-09,-2.24,amc,6197919.0,2025-04-11,2020-09-30,0.0491071428571427,15.831875,34958811.984375
2020-06-30,NCLH,USD,1513761,2020-08-10,2020-08-10 14:45:24,2020,Q2,16929000.0,301652000.0,-284723000.0,-16.8186543801,0,131436000.0,0.0,131436000.0,-14418000.0,310688000.0,612340000.0,0.0,114537000.0,184180000.0,-438531000.0,-25.9041290094,-595411000.0,-35.1710673991,-128955000.0,-724366000.0,-42.7884694902,-9123000.0,-715243000.0,-42.2495717408,-2.99,-2.99,239211705,239342745,https://www.sec.gov/Archives/edgar/data/1513761/000155837020010131/0001558370-20-010131-index.htm,https://www.sec.gov/Archives/edgar/data/1513761/000155837020010131/nclh-20200630x10q.htm,0.0707699483183734,-2.990000008569815,-5.332845230127848,-5.814937024089185,9.447485021688216,18.13048822171975,15.627855668684774,18.13048822171975,43.74262120660024,3930248313.15,12019509313.15,-1.3737458154606197,232.160689535708,-3.080906962605797,-2.8254820184528984,0.9062083601431856,0.9062083601431856,709.9952338088488,-27.40857388223409,-9.422048425309187,-8.640906306429686,-0.1819841758107008,-0.3539219126043326,2.3862463324513925,0.590436739173459,-18.4462694769583,1.06455973729176,-5.19841623230921,1.783560272522765,0.0,0.0,7.763955342902712,0.0,0.0341543236475869,-0.0904004847614486,6.812097584027408,0.626137474210012,1.322523480418217,,-0.0384720415542053,-0.0422485734875423,-45.29165389293973,166813000.0,3738366000.0,-10440366000.0,14253986000.0,85245000.0,424571500.0,83889500.0,394.5401382243488,144.6813878243804,24.54374577327516,0.2281136728066511,0.6220565157229851,3.666921945467586,-0.1649155815334244,0.4820917939613364,2020-08-06,-2.19,bmo,13762424.0,2025-04-11,2020-06-30,0.2694063926940638,14.651111111111112,62764224.55555555
2020-03-31,NCLH,USD,1513761,2020-05-15,2020-05-15 16:48:01,2020,Q1,1246882000.0,994260000.0,252622000.0,0.2026029729,0,270689000.0,0.0,270689000.0,5823000.0,468886000.0,1463146000.0,0.0,68907000.0,195195000.0,-1757855000.0,-1.4098006066,-1824061000.0,-1.4628978524,-63084000.0,-1887145000.0,-1.5134912526,-6173000.0,-1880972000.0,-1.5085405034,-8.8,-8.8,213630798,213630802,https://www.sec.gov/Archives/edgar/data/1513761/000155837020006750/0001558370-20-006750-index.htm,https://www.sec.gov/Archives/edgar/data/1513761/000155837020006750/nclh-20200515x10q.htm,5.836620991323545,-8.8047791685916,-0.2466919587128069,-3.102811046935283,6.3673450304670025,20.47763731145169,17.675330688976782,20.47763731145169,40.60804472583583,2341393546.0800004,9587354546.08,-0.3111946304995502,1.8777988182362089,-44.42787700574942,-3.532280836380753,0.5352179957729228,0.5352179957729228,7.689063236200378,-5.454007609319312,-181.91978418018635,-14.463706364700627,-0.8033557635576276,-0.2831031977130732,1.9672920418391944,0.5227770566442819,-4.122047040284893,0.5731262287599167,-26.47134543660296,0.0280179609265847,0.0,0.0,0.2170927160709674,0.0,0.0363649915088884,-11.57767404793078,0.4893446212231791,3.125874125874126,0.0262719327089492,,-0.1329355189246668,-0.1185697040756184,-49.67742642612794,-1263458000.0,3775995000.0,-10391520000.0,12902777000.0,85693000.0,232496500.0,90471500.0,6.949278279740986,32.968680224488565,7.740872608774365,12.950985178183782,2.7298635974257035,11.626596192525376,-0.4299704616639396,2.856119088222476,2020-05-14,-0.52,bmo,1054555322.0,2025-04-11,2020-03-31,0.9038461538461536,40.21032258064516,11391604.403225806
2019-12-31,NCLH,USD,1513761,2020-02-27,2020-02-27 17:05:58,2019,Q4,1480618000.0,887422000.0,593196000.0,0.4006408135,0,0.0,229859000.0,229859000.0,-7278000.0,393820000.0,1281242000.0,0.0,73207000.0,164605000.0,370401000.0,0.2501664845,199376000.0,0.134657285,-80485000.0,118891000.0,0.0802982268,-2406000.0,121297000.0,0.081923224,0.57,0.56,214772450,214862930,https://www.sec.gov/Archives/edgar/data/1513761/000155837020001661/0001558370-20-001661-index.htm,https://www.sec.gov/Archives/edgar/data/1513761/000155837020001661/nclh-20191231x10kc19a9c.htm,6.893891651373349,0.5647698296499388,1.59168925064644,-3.16304069725889,1.1774135835392296,30.33712657279833,20.06366738378223,30.33712657279833,32.010157727399395,12544858804.5,19093675804.5,25.8556658542668,8.472718016733554,36.696861511301705,-18.466407988559386,1.925363625320175,1.925363625320175,12.895747454441322,51.54866159783586,55.853795380151,-28.106462806955047,0.0096690606000674,-0.0541523831066408,1.0439122908340148,0.407662959115769,17.680343735573068,0.2037013271435307,2.7234554072697965,2.818297237359539,0.0,0.0,0.0,0.0,0.1322450722369773,2.987222503371352,0.6897018677336085,6.203851644846754,0.008769986586682,19.6342458640058,0.0146903399855603,0.0083779390768553,-45.6860214147578,-2854245000.0,4309123000.0,-9438875000.0,12487548000.0,71403500.0,86464000.0,94840500.0,4.565532770775446,10.220537692326763,9.677954794900284,19.71292388395532,8.805798942218958,9.299485470569126,0.0186164575703863,4.7547299479053295,2020-02-20,0.7,bmo,1419770684.0,2025-04-11,2019-12-31,0.0428571428571429,52.77859375,1544087.390625
2019-09-30,NCLH,USD,1513761,2019-11-08,2019-11-08 14:59:36,2019,Q3,1913851000.0,990764000.0,923087000.0,0.4823191565,0,0.0,255148000.0,255148000.0,10251000.0,411363000.0,1402127000.0,0.0,60188000.0,156026000.0,676981000.0,0.3537271188,511724000.0,0.2673792265,-49937000.0,461787000.0,0.2412868086,11203000.0,450584000.0,0.2354331659,2.1,2.09,215499462,215590430,https://www.sec.gov/Archives/edgar/data/1513761/000155837019010568/0001558370-19-010568-index.htm,https://www.sec.gov/Archives/edgar/data/1513761/000155837019010568/nclh-20190930x10qf6d484.htm,8.881001289924335,2.0908822500911857,1.9535083572505625,1.0157009115874267,1.8898330242699168,29.111088917706905,18.87228841434416,29.111088917706905,29.410375047711256,11156407147.74,17026881147.74,6.189970764463453,5.829297655742271,26.501038405007364,50.96972879456147,1.7783601343923192,1.7783601343923192,8.89665974401351,25.15119500804306,40.44581962976864,77.78987471726904,0.0403879128856709,0.0196194883443582,1.0006867063345313,0.3938624105458747,8.671549127671234,0.2478874664628774,8.502093440552935,0.9342985991513236,0.0,0.0,0.0,0.0,0.1384321724666501,0.4800631858995677,0.1055970396859525,1.2952777101252355,0.0132821207084564,37.00711863580223,0.0379864509148712,0.0328116489130846,-42.507361340883534,-2556875000.0,4066968000.0,-8822756000.0,11938478000.0,71416000.0,73963500.0,92605000.0,3.183539366439707,6.554123888231708,8.561938059921435,28.27042157818547,13.731812448891906,10.511638763341608,0.071824254187187,0.9378074456631358,2019-11-07,2.16,bmo,1853774959.0,2025-04-11,2019-09-30,0.0324074074074073,50.72140625,2125876.21875
2019-06-30,NCLH,USD,1513761,2019-08-08,2019-08-08 16:50:15,2019,Q2,1664277000.0,958424000.0,705853000.0,0.4241199031,0,0.0,240901000.0,240901000.0,3616000.0,397172000.0,1355596000.0,0.0,65969000.0,156757000.0,465438000.0,0.2796637819,308681000.0,0.1854745334,-62353000.0,246328000.0,0.1480090153,6138000.0,240190000.0,0.1443209273,1.11,1.11,216387582,216810766,https://www.sec.gov/Archives/edgar/data/1513761/000155837019007736/0001558370-19-007736-index.htm,https://www.sec.gov/Archives/edgar/data/1513761/000155837019007736/nclh-20190630x10q.htm,7.691185347225701,1.1099990016987205,2.4234154065273485,1.5022488674973964,1.940615058030456,28.42280940132692,18.226032028030147,28.42280940132692,29.64604965177715,11429592081.24,17358735081.239998,11.896407095674258,6.86760201651528,21.79568548492841,35.16061895123482,1.85836661162475,1.85836661162475,10.43019586357319,37.29548313897877,33.102277627904044,53.40031956772121,0.0210147482335994,0.0284409100245626,1.0323112060579385,0.3976623541421862,12.738845990228558,0.252212459780754,4.679182646394518,2.1832590865564763,0.0,0.0,0.0,0.0,0.1381973680658565,0.3801108701994862,0.1197691249713839,1.2715795785834123,0.0178161447883976,26.64317973462031,0.0231734022872157,0.0174562762758965,-42.950156446593134,-2678987000.0,3943887000.0,-8912070000.0,11779524000.0,66094000.0,71220500.0,90528500.0,4.063061617747526,7.115681577255995,8.541146715858535,22.150783932706897,12.648120777027026,10.537226790975856,0.0390531064690213,0.9211665390299524,2019-08-08,1.26,bmo,1613068476.0,2025-04-11,2019-06-30,0.0317460317460317,55.57873015873016,2100188.777777778
2019-03-31,NCLH,USD,1513761,2019-05-10,2019-05-10 14:39:06,2019,Q1,1403630000.0,826651000.0,576979000.0,0.411062032,0,0.0,248942000.0,248942000.0,-434000.0,418683000.0,1245334000.0,0.0,73503000.0,169714000.0,327915000.0,0.2336192586,158296000.0,0.112776159,-73937000.0,84359000.0,0.0601005963,-33798000.0,118157000.0,0.0841795915,0.54,0.54,218809259,218873272,https://www.sec.gov/Archives/edgar/data/1513761/000114420419025197/0001144204-19-025197-index.htm,https://www.sec.gov/Archives/edgar/data/1513761/000114420419025197/tv519991_10q.htm,6.41485651208206,0.5400000006398267,2.446774887163253,1.4661993805298703,1.39467132878504,26.98835518656,16.90443090436132,26.98835518656,30.23635759399011,12277387522.49,18515171522.49,25.97685182107281,8.746883097746556,22.93222817283895,38.269010848799006,2.0790448181126044,2.0790448181126044,13.190920344029408,56.46332593046978,34.583427234434794,57.71238372687941,0.0096239529609664,0.0261308034312933,1.1079013401854807,0.4151039524987258,19.02256377414879,0.2240597535443311,2.153599172822878,4.53106460048918,0.0,0.0,0.0,0.0,0.1399938443355419,0.4007624533739776,0.1528600842102263,1.264238660334445,0.019235126065986,18.10824441808844,0.0170981168666628,0.0087170906900715,-43.24672110881743,-2661025000.0,3698846000.0,-9087396000.0,11726438000.0,56151500.0,113114500.0,90151500.0,3.658271766776145,7.258020615713281,9.809568971670029,24.601780769095942,12.400075001875049,9.174715042008414,0.0200086295332567,0.9805755066333824,2019-05-09,0.71,bmo,1200695542.0,2025-04-11,2019-03-31,0.1690140845070422,51.54377049180328,2182571.8524590163
2018-12-31,NCLH,USD,1513761,2019-02-27,2019-02-27 15:37:01,2018,Q4,1381193000.0,817258000.0,563935000.0,0.4082955822,0,0.0,208943000.0,208943000.0,9299000.0,354355000.0,1171613000.0,0.0,68178000.0,146818000.0,356291000.0,0.2579588805,209580000.0,0.1517383885,-58879000.0,150701000.0,0.109109299,-3933000.0,154634000.0,0.1119568373,0.7,0.7,221443295,223032810,https://www.sec.gov/Archives/edgar/data/1513761/000114420419010508/0001144204-19-010508-index.htm,https://www.sec.gov/Archives/edgar/data/1513761/000114420419010508/tv513897_10k.htm,6.237231070825604,0.6983006642851841,1.603435317380009,0.6771575540365763,0.7422667730806661,26.927891404433808,16.963913944651157,26.927891404433808,29.625051415532813,9386981275.05,15715221275.05,15.17612762240193,6.796285005100662,26.436987847607515,62.59990713728393,1.5742042094324653,1.5742042094324653,11.378005300526429,44.10782555565535,44.25950171811192,104.8016783707453,0.0164732404879732,0.0159744645915682,1.0887288128913613,0.4269435622982289,17.761436578527103,0.1746748135216632,3.074012144680102,2.2961961793654693,0.0,0.0,0.0,0.0,0.1451045872114702,0.5776832737206749,0.14850784792567,1.3970902750343963,0.019682984202787,20.569022831653843,0.0168842658478794,0.0118953677806724,-40.6066087934611,-2600187000.0,3756545000.0,-8692656000.0,11725522000.0,50905500.0,109493500.0,93076000.0,3.6000834061568514,17.57188060563494,9.933435952905937,24.999420803996458,5.121819458023113,9.060309084055786,0.0259322445191607,0.9262777633434328,2019-02-21,0.79,bmo,1283697023.0,2025-04-11,2018-12-31,0.0759493670886075,48.46523809523809,2635092.571428572
2018-09-30,NCLH,USD,1513761,2018-11-09,2018-11-09 15:47:05,2018,Q3,1858356000.0,928944000.0,929412000.0,0.5001259177,0,0.0,235436000.0,235436000.0,98000.0,379136000.0,1308080000.0,0.0,69540000.0,145312000.0,695588000.0,0.3743028785,550276000.0,0.296109034,-69442000.0,480834000.0,0.2587415974,10456000.0,470378000.0,0.253115119,2.12,2.11,222752738,222928067,https://www.sec.gov/Archives/edgar/data/1513761/000114420418058705/0001144204-18-058705-index.htm,https://www.sec.gov/Archives/edgar/data/1513761/000114420418058705/tv505805_10q.htm,8.34268533211026,2.1116597902379093,2.093352495626788,1.5984360201220065,1.2949111314627253,27.82497784606356,17.91957322652528,27.82497784606356,29.74015071365812,12643445408.88,18912144408.88,6.719832458618388,6.8035647684727785,27.114401477332187,35.509710295234456,2.039893807427772,2.039893807427772,10.176814565605296,27.18871574679264,40.55789064739437,53.11564587840114,0.0372033084960872,0.0281613111367513,1.0576096829829835,0.4279908452021994,9.01208617744987,0.238324161197623,7.913085993672707,0.991330376845856,0.0,0.0,0.0,0.0,0.1440610096994526,0.2364229037100579,0.0593234019746485,0.7586709975776261,0.0155847426434978,36.35972985103635,0.0415880826723348,0.0358802428681249,-39.26636583025974,-2324771000.0,3991634000.0,-8390624000.0,11910825000.0,45387000.0,57049500.0,94543000.0,2.2549931229538367,5.757150054255154,9.296039373740506,39.911429921395126,15.6327347996567,9.681542470036478,0.0758907986169933,0.4949164755047814,2018-11-08,2.21,bmo,1809236458.0,2025-04-11,2018-09-30,0.0271493212669683,51.77888888888889,1804221.9365079368
2018-06-30,NCLH,USD,1513761,2018-08-09,2018-08-09 16:38:03,2018,Q2,1522174000.0,862783000.0,659391000.0,0.4331902923,0,0.0,226535000.0,226535000.0,12922000.0,367239000.0,1230022000.0,0.0,72988000.0,140296000.0,444597000.0,0.2920802747,292152000.0,0.1919307517,-60066000.0,232086000.0,0.1524700855,5410000.0,226676000.0,0.1489159584,1.02,1.01,224390879,224431683,https://www.sec.gov/Archives/edgar/data/1513761/000114420418043330/0001144204-18-043330-index.htm,https://www.sec.gov/Archives/edgar/data/1513761/000114420418043330/tv499867_10q.htm,6.783582321989122,1.0101836625899576,2.865713628226395,-2.0701376190963625,0.9163830585110369,25.34324490078761,15.51015360120765,25.34324490078761,30.75871902975165,10602469032.75,17226450032.75,11.693418174784714,6.965346295988501,16.48803967521461,-22.824569518535263,1.864402138912037,1.864402138912037,11.317004516402198,38.74621293609719,26.7890800459536,-37.08440978375528,0.0213795484146022,-0.0438124363829918,1.2008504617628952,0.4454759098807631,14.898843222064029,0.2031023859970691,4.0027401764673645,2.8368243660555152,0.0,0.0,0.0,0.0,0.1439339173259447,1.7223811893505847,0.727617210647403,7.894451730626675,0.0208471567639442,24.00062434615645,0.0224621169358665,0.0172729344008583,-41.70177523124725,-2634675000.0,3480337000.0,-8971363000.0,11657482000.0,42685500.0,60124500.0,86781500.0,2.614076971489462,5.703450346147293,9.715351368768276,34.4289785578576,15.779921720681834,9.26368965813434,0.0398600757931579,4.935851247322757,2018-08-09,1.02,bmo,1283154942.0,2025-04-11,2018-06-30,0.1862745098039215,52.65609375,1998064.671875
2018-03-31,NCLH,USD,1513761,2018-05-07,2018-05-07 17:11:24,2018,Q1,1293403000.0,768091000.0,525312000.0,0.4061471946,0,0.0,227015000.0,227015000.0,-1666000.0,358259000.0,1126350000.0,0.0,59698000.0,134546000.0,301494000.0,0.2331013613,167053000.0,0.1291577335,-61364000.0,105689000.0,0.0817138974,2534000.0,103155000.0,0.0797547246,0.45,0.45,229187628,229233333,https://www.sec.gov/Archives/edgar/data/1513761/000114420418025758/0001144204-18-025758-index.htm,https://www.sec.gov/Archives/edgar/data/1513761/000114420418025758/tv492517_10q.htm,5.643424172966265,0.4500897404461989,2.664895157429702,2.037138758641893,1.316598119336529,24.60461347416188,14.977322423355243,24.60461347416188,27.97784093301929,12140068655.16,18190797655.16,29.421910365857208,9.386145428114826,19.87695457823928,26.002156100212684,2.152848288213329,2.152848288213329,14.064292146500357,60.33552128785316,29.78382322243889,38.96188511387123,0.008497068915352,0.0384583492286557,1.1265108644630066,0.4385559943624381,20.06915228827108,0.2459235252265768,2.7983014506348622,5.920808492075032,0.0,0.0,0.0,0.0,0.152327116665982,0.2355651392279467,0.1112367916264304,1.0693294486643974,0.0217271801596254,15.78516366966788,0.0134045305414028,0.0084012506709883,-36.97006389018521,-2332768000.0,3432617000.0,-8085137000.0,10959260000.0,42560000.0,59503000.0,81274000.0,2.864002944171306,7.683425531610188,9.423922425858397,31.424548701377585,11.713525383923262,9.55016350230644,0.0182929002692463,0.6277563987878089,2018-05-02,0.54,bmo,1164062700.0,2025-04-11,2018-03-31,0.111111111111111,56.85262295081968,2079212.5409836064
2017-12-31,NCLH,USD,1513761,2018-02-27,2018-02-27 11:54:39,2017,Q4,1249553000.0,753439000.0,496114000.0,0.3970331791,0,0.0,185841000.0,185841000.0,1285000.0,318920000.0,1072359000.0,0.0,84309000.0,133079000.0,314869000.0,0.2519853099,177194000.0,0.1418059098,-83024000.0,94170000.0,0.0753629498,-4627000.0,98797000.0,0.079065874,0.43,0.43,228796328,230196680,https://www.sec.gov/Archives/edgar/data/1513761/000114420418011097/0001144204-18-011097-index.htm,https://www.sec.gov/Archives/edgar/data/1513761/000114420418011097/tv486495_10k.htm,5.461420692031386,0.4318120000597212,0.988228272614585,-0.072540499863267,0.7700735476838597,25.13049947200201,15.486743301229904,25.13049947200201,27.937834736578463,12183404466.0,18314979466.0,30.829388711195683,9.75021024798468,53.8843114244393,-734.0726918117732,2.118939182220633,2.118939182220633,14.657224996458734,58.166982033798185,81.00281493832456,-1103.5114458034584,0.0081091455410276,-0.0013622629082303,1.0970472537491092,0.447522073458079,19.473415928529008,0.2081657142650604,2.101721049947218,2.288561393564582,0.0,0.0,0.0,0.0,0.1565432073189187,1.0734045987890477,0.1942294564536278,1.7907870756380648,0.0187066895121695,15.62568887725791,0.0152075413536436,0.0083103606848113,-35.380295744956186,-1971684000.0,3543310000.0,-7826766000.0,11275260000.0,50362500.0,49246000.0,80518000.0,3.166324277561656,6.382693224003536,9.809539989302388,28.424125929801416,14.100630696386128,9.174742148780458,0.0171827862212131,1.060768772477852,2018-02-22,0.63,bmo,1176049882.0,2025-04-11,2017-12-31,0.0793650793650794,55.34555555555556,2739167.3174603176
2017-09-30,NCLH,USD,1513761,2017-11-09,2017-11-09 16:01:43,2017,Q3,1651738000.0,838165000.0,813573000.0,0.4925557201,0,0.0,202221000.0,202221000.0,-3262000.0,336753000.0,1174918000.0,0.0,66339000.0,137339000.0,611224000.0,0.3700490029,476820000.0,0.2886777443,-69601000.0,407219000.0,0.2465397054,6527000.0,400692000.0,0.2425881102,1.76,1.74,229816956,230282890,https://www.sec.gov/Archives/edgar/data/1513761/000114420417057704/0001144204-17-057704-index.htm,https://www.sec.gov/Archives/edgar/data/1513761/000114420417057704/tv478195_10q.htm,7.187189443062678,1.743526704791965,1.9141625041800656,1.6345965351660128,2.2753064399652043,24.09571554850809,14.20275099283797,24.09571554850809,29.045041393725537,12421606471.8,18507406471.8,7.750096378140816,7.520324937611171,28.23689205172911,33.066263654174804,2.2431373698444306,2.2431373698444306,11.204807585585607,30.27925354992605,42.071179753447886,49.26663739837831,0.0322576633634036,0.0302423040733767,1.1934230038839904,0.4632772377541663,9.956742536287845,0.3420124951456541,7.187627187627188,1.0978681880347,0.0,0.0,0.0,0.0,0.1593797653394641,0.1460513244844933,0.038897815513114,0.4678132212991212,0.0129826885377705,30.745069188776167,0.0380138307590348,0.0334145405438131,-35.3436867382405,-1663828000.0,3264033000.0,-7862679000.0,11526567000.0,53561500.0,46150500.0,78002000.0,3.092960263673779,4.838319423979765,8.473689548000692,29.09833697413854,18.601500255220937,10.621111322308812,0.0723583701543122,0.279565969014053,2017-11-09,1.82,bmo,1616216752.0,2025-04-11,2017-09-30,0.0219780219780219,55.94222222222223,1783933.174603175
2017-06-30,NCLH,USD,1513761,2017-08-09,2017-08-09 16:33:16,2017,Q2,1344103000.0,752242000.0,591861000.0,0.4403390216,0,0.0,193649000.0,193649000.0,-5609000.0,316790000.0,1069032000.0,0.0,64196000.0,123141000.0,402346000.0,0.2993416427,275071000.0,0.2046502389,-69805000.0,205266000.0,0.1527159749,6793000.0,198473000.0,0.1476620467,0.87,0.87,228129885,229090085,https://www.sec.gov/Archives/edgar/data/1513761/000157104917007327/0001571049-17-007327-index.htm,https://www.sec.gov/Archives/edgar/data/1513761/000157104917007327/t1702271_10q.htm,5.891832190245482,0.8700000002191733,2.125048193488547,-2.0282349241529665,0.9613602356394472,21.88117089525557,12.209242116612648,21.88117089525557,29.579298652607484,12385171456.65,18849582456.65,15.600574708713529,9.21445116680046,25.54765589145336,-26.767116251423705,2.481128649827946,2.481128649827946,14.02391219768872,46.84918566768404,38.88219456513892,-40.73814938080964,0.0160250506579328,-0.037359272870749,1.3389547431170918,0.4792515166881588,16.066795742967496,0.1936290162452663,4.284861985170416,2.442584129831262,0.0,0.0,0.0,0.0,0.1582122583280176,1.954441847656806,0.7049221674231811,7.459067112773076,0.0178684222860896,20.69598802624636,0.0223642465678752,0.016906110196836,-37.95556312142094,-2140211000.0,2785293000.0,-8440511000.0,11040332000.0,49154000.0,59182500.0,74264000.0,3.37199604494596,5.652143857960604,9.22310905267188,26.69042276455053,15.923161593497312,9.758097783081892,0.0397602123023413,4.1532831176415135,2017-08-08,0.97,bmo,1278215598.0,2025-04-11,2017-06-30,0.0515463917525773,51.638888888888886,1733230.3333333333
2017-03-31,NCLH,USD,1513761,2017-05-10,2017-05-10 15:14:35,2017,Q1,1150781000.0,719798000.0,430983000.0,0.3745134826,0,0.0,192044000.0,192044000.0,-2815000.0,311249000.0,1031047000.0,0.0,52960000.0,121593000.0,243976000.0,0.2120090617,119734000.0,0.104045861,-55775000.0,63959000.0,0.0555787765,2049000.0,61910000.0,0.0537982466,0.27,0.27,228555952,229297145,https://www.sec.gov/Archives/edgar/data/1513761/000157104917004802/0001571049-17-004802-index.htm,https://www.sec.gov/Archives/edgar/data/1513761/000157104917004802/t1701379_10q.htm,5.035007795377825,0.2708745909185511,1.9030088527294184,1.3876995861389774,0.9616419877789926,20.23697899584781,10.221483971679724,20.23697899584781,27.253339698630995,11594643444.96,17550807444.96,46.82055986496527,10.075456098910218,26.657784553781635,36.55690360270772,2.50679708717436,2.50679708717436,15.251214127588131,71.93661444142046,40.35187850610653,55.33617130710319,0.0053395346130209,0.0273546143532225,1.3352597744310508,0.4723030324211427,24.412909466504903,0.1948137016761483,2.2608383685800604,7.025424002584397,0.0,0.0,0.0,0.0,0.1750578969461507,0.2707865840200117,0.1023452768163534,0.9686166144432656,0.0158179531987406,11.105758715903686,0.0104400833270896,0.0057392360354681,-35.70022429343691,-2018408000.0,2336181000.0,-7962618000.0,10419859000.0,55582000.0,54562500.0,68847000.0,3.7499837067174377,8.892869944067641,8.932381029122059,24.00010427746147,10.120467359363357,10.07570094766164,0.0133851298147875,0.5153092665904409,2017-05-10,0.37,bmo,1064472424.0,2025-04-11,2017-03-31,0.0810810810810811,48.52258064516129,1202619.2741935484
2016-12-31,NCLH,USD,1513761,2017-02-27,2017-02-27 16:05:32,2016,Q4,1125137000.0,695110000.0,430027000.0,0.3821996788,0,0.0,161462000.0,161462000.0,4979000.0,276477000.0,971587000.0,0.0,88023000.0,115015000.0,277743000.0,0.2468526055,153550000.0,0.1364722696,-83044000.0,70506000.0,0.0626643689,-1726000.0,72232000.0,0.0641984043,0.32,0.32,227179659,227821878,https://www.sec.gov/Archives/edgar/data/1513761/000157104917001650/0001571049-17-001650-index.htm,https://www.sec.gov/Archives/edgar/data/1513761/000157104917001650/t1700165_10k.htm,4.952630904336378,0.3179510010621153,0.6642628158888116,-0.1111367105274156,0.5649581505886493,19.974173832173943,10.26179020719456,19.974173832173943,28.553216553599984,9661950897.27,15932290897.27,33.440687289809226,8.587355048558532,64.02586293061289,-382.68183211620726,2.129249517769473,2.129249517769473,14.160311941807976,57.36342913149927,105.57688442066969,-631.0318004305292,0.0074759229029418,-0.0026131368569813,1.410108719653853,0.4931964617300057,22.576050521525296,0.1777455035372433,1.744430432955023,2.0891986931000117,0.1056679971628166,14.134441798648798,0.0,0.0,0.1700686863043842,1.1673083422240187,0.156563156308965,1.489443556637834,0.0161091493746983,11.953794072171783,0.014018797183595,0.006708363304049,-36.21494673517403,-1901725000.0,2331270000.0,-8025092000.0,10422420000.0,59526500.0,44748000.0,66119000.0,5.0565842204104925,4.92034354274863,8.578426436103639,17.79857628727359,18.29140571548865,10.491434608708778,0.0159181052359706,0.7753995264162272,2017-02-22,0.56,bmo,1105045267.0,2025-04-11,2016-12-31,0.0,40.02936507936508,1819245.349206349
2016-09-30,NCLH,USD,1513761,2016-11-09,2016-11-09 16:13:24,2016,Q3,1484736000.0,784734000.0,700002000.0,0.4714656343,0,0.0,174813000.0,174813000.0,-5333000.0,286388000.0,1071122000.0,0.0,60662000.0,115098000.0,532995000.0,0.3589830111,413614000.0,0.278577471,-65995000.0,347619000.0,0.2341284915,5241000.0,342378000.0,0.2305985711,1.51,1.5,227598607,228252000,https://www.sec.gov/Archives/edgar/data/1513761/000157104916019690/0001571049-16-019690-index.htm,https://www.sec.gov/Archives/edgar/data/1513761/000157104916019690/t1602589_10q.htm,6.523484565966609,1.5043062192379764,1.4970258583348888,0.8334145911534512,0.6829171849896252,19.93301742835359,9.815978355262956,19.93301742835359,28.307822639705343,8580467483.900001,14807195483.900002,6.265346695684302,5.779119980858551,25.183265733253897,45.23558910556505,1.8913343218359844,1.8913343218359844,9.972948378634316,27.78111517725307,43.45841754367944,78.0624379699922,0.0399020217304503,0.022106487829004,1.406776074469546,0.4930843970721622,11.68252610249627,0.1859093422744848,6.818337674326597,0.995160319880366,0.0,0.0,0.0,0.0,0.1779002946689185,0.443286442573249,0.1017265022199232,1.3122469547689797,0.0113420837105047,25.974422937327287,0.0364992778767446,0.0321762182168944,-35.92426204963548,-1912290000.0,2234103000.0,-7969914000.0,10444554000.0,58102000.0,49002500.0,66840000.0,3.384722940643994,5.905771892131602,7.5674942082285215,26.5900641140442,15.23932885384705,11.892972432293169,0.0754680632094459,0.6636112671814376,2016-11-09,1.59,bmo,1457240888.0,2025-04-11,2016-09-30,0.0188679245283019,38.77453125,2401274.9375
2016-06-30,NCLH,USD,1513761,2016-08-09,2016-08-09 16:05:04,2016,Q2,1186835000.0,705900000.0,480935000.0,0.4052248206,0,0.0,149307000.0,149307000.0,-10753000.0,253917000.0,959817000.0,0.0,68420000.0,107582000.0,336742000.0,0.2837310999,227018000.0,0.1912801695,-79173000.0,147845000.0,0.1245708123,2599000.0,145246000.0,0.1223809544,0.64,0.64,226972409,227884704,https://www.sec.gov/Archives/edgar/data/1513761/000157104916017267/0001571049-16-017267-index.htm,https://www.sec.gov/Archives/edgar/data/1513761/000157104916017267/t1601915_10q.htm,5.2289835809955205,0.6399280011166467,1.8413779976226097,-0.9469432912438268,0.6430913812083653,18.144764899596236,7.9946413222410655,18.144764899596236,29.172563436994672,9042580774.56,15449563774.56,15.564250951076108,7.6190715428513665,21.635970480497296,-42.07221316037781,2.1956746323501024,2.1956746323501024,13.01744873934456,45.87952727773786,36.965808113470295,-71.88183955036524,0.016062449827225,-0.0237686569087305,1.5911541023237157,0.5057164635616881,19.0263851850972,0.169747371409702,3.318006430868168,2.877476832408466,0.0,0.0,0.0,0.0,0.1777930719293914,1.5142579592383631,0.5332434584419907,5.882694130988456,0.0136531194310919,16.1633913672511,0.020372824751188,0.0136330643908536,-37.95307560929135,-2152234000.0,1814563000.0,-8399358000.0,10220063000.0,52989500.0,50380500.0,65040000.0,4.577670864104952,5.930004249893753,8.63115172120697,19.66065334791108,15.17705489024102,10.427345377195444,0.0352679136190343,2.788321288866437,2016-08-09,0.83,bmo,1158909470.0,2025-04-11,2016-06-30,0.0240963855421686,47.65828125,1757902.46875
2016-03-31,NCLH,USD,1513761,2016-05-10,2016-05-10 16:08:21,2016,Q1,1077632000.0,664481000.0,413151000.0,0.3833878356,0,0.0,180574000.0,180574000.0,2805000.0,281869000.0,946350000.0,0.0,59754000.0,104686000.0,239739000.0,0.222468338,131282000.0,0.1218245189,-56949000.0,74333000.0,0.0689780927,1104000.0,73229000.0,0.0679536242,0.32,0.32,228112035,228841340,https://www.sec.gov/Archives/edgar/data/1513761/000157104916015066/0001571049-16-015066-index.htm,https://www.sec.gov/Archives/edgar/data/1513761/000157104916015066/t1601208_10q.htm,4.724134787539816,0.3210220802247457,1.4470784060122035,0.8682970190503101,0.6789076253692621,17.21790347449226,7.077592376921279,17.21790347449226,27.88038342650356,12612314415.15,18757544415.15,43.05778590158953,11.703730415531462,38.2080195311364,63.67636740302622,3.2111923546272783,3.2111923546272783,17.406261520769615,78.24152271908201,56.824512914879314,94.70207056707513,0.0058061508450849,0.0157044134391446,1.6040532018063909,0.5078373001398788,25.633000888466206,0.1577919504081982,2.1970412022626102,4.507722350434937,0.0163367319603528,2.813694028322113,0.0,0.0,0.1864562038585528,0.3999654645921187,0.1225158495664568,1.261171503352884,0.0141467588193372,11.151899469867615,0.0122640866186236,0.0072557034789408,-36.20089466125713,-2097173000.0,1614484000.0,-8085212000.0,9705107000.0,45304500.0,49869000.0,60278000.0,3.8094358742130896,7.347839893089494,8.449406378812938,23.62554534891369,12.248497695852535,10.65163586233429,0.0186446672035494,0.5787813869618935,2016-05-10,0.38,bmo,1077632000.0,2025-04-11,2016-03-31,0.0,48.16532786885246,2542117.5409836066
2015-12-31,NCLH,USD,1513761,2016-02-29,2016-02-29 17:08:07,2015,Q4,1036523000.0,657748000.0,378775000.0,0.3654284565,0,0.0,143120000.0,143120000.0,-11079000.0,260853000.0,918601000.0,0.0,68690000.0,122474000.0,229317000.0,0.2212367695,117922000.0,0.1137668918,-79769000.0,38153000.0,0.0368086381,-159000.0,38312000.0,0.0369620356,0.17,0.17,228923797,230153510,https://www.sec.gov/Archives/edgar/data/1513761/000157104916012414/0001571049-16-012414-index.htm,https://www.sec.gov/Archives/edgar/data/1513761/000157104916012414/t1600485_10k.htm,4.527808002415756,0.1673570004607253,0.3068400966632578,-3.1603267527490817,0.5064436354775297,16.515888909530887,6.877502560382571,16.515888909530887,28.246198450045803,13414934504.2,19696534504.2,87.53741976534768,12.942244893938678,190.97895169910169,-18.5423864633698,3.5480984596707645,3.5480984596707645,19.002505978352627,85.89216893732258,280.4056561394018,-27.22493759858682,0.0028559215095686,-0.0539304906612471,1.6920761833224012,0.5216195477823165,27.39264860433374,0.1438446088960198,1.7167273256660358,1.8334464397577783,0.0,0.0,0.0,0.0,0.1799021374822183,11.29958857110317,0.7657495299187765,6.480697944053432,0.013846291881608,7.886134453991836,0.0112473930962528,0.0038089931888099,-36.27891293450807,-2026108000.0,1574424000.0,-8143466000.0,9639153000.0,43495500.0,44875000.0,56559500.0,3.9069465897042326,6.224146633665173,7.959841763106843,23.035892079295937,14.459813577207177,11.30675743042305,0.0101330907090412,3.46716684941234,2016-02-23,0.5,bmo,1036523000.0,2025-04-11,2015-12-31,0.02,58.84625,1498228.40625
2015-09-30,NCLH,USD,1513761,2015-11-04,2015-11-04 17:03:15,2015,Q3,1284910000.0,717722000.0,567188000.0,0.4414223564,0,0.0,150558000.0,150558000.0,-1733000.0,260356000.0,978078000.0,0.0,49784000.0,113144000.0,434291000.0,0.3379933225,306832000.0,0.2387964916,-51517000.0,255315000.0,0.1987026329,3528000.0,251787000.0,0.1959569153,1.11,1.09,230274756,230997459,https://www.sec.gov/Archives/edgar/data/1513761/000157104915008804/0001571049-15-008804-index.htm,https://www.sec.gov/Archives/edgar/data/1513761/000157104915008804/t1502450_10q.htm,5.579899517948029,1.0934198970554982,1.2217274914841294,0.5918104197231241,0.9995885089549286,17.018339604711166,7.43649903161769,17.018339604711166,24.898625883247053,13194743518.8,18648304518.8,13.101096878313813,10.269002123728509,46.90080267441076,96.82154637765171,3.3669559622689462,3.3669559622689462,14.513315733242017,42.93965225804817,66.28552113971699,136.839164646057,0.0190823716763612,0.0103282795763197,1.4503431325266771,0.4838393774157424,12.55738893967409,0.1814664033213753,6.163265306122449,1.1173452163932212,0.0,0.0,0.0,0.0,0.1878288080570929,0.5155953976248787,0.1128903969927854,1.2820299794951566,0.0106552209882404,20.461776575345866,0.0305544079541732,0.0263908059663071,-32.73967968073756,-1990086000.0,1712438000.0,-7387075000.0,8940214000.0,39398000.0,49661500.0,57373500.0,2.941490065452055,5.5503105659294265,6.890049350584209,30.596737706869867,16.215308842799693,13.062315728169477,0.0642495050899565,0.6299170717610053,2015-11-03,1.34,bmo,1275392148.0,2025-04-11,2015-09-30,0.0074626865671641,58.92546875,1407097.40625
2015-06-30,NCLH,USD,1513761,2015-08-07,2015-08-07 14:53:10,2015,Q2,1085433000.0,656279000.0,429154000.0,0.3953758546,0,0.0,107164000.0,107164000.0,-3717000.0,211771000.0,868050000.0,0.0,52446000.0,110184000.0,307447000.0,0.2832482521,217383000.0,0.2002730707,-56163000.0,161220000.0,0.1485305864,2726000.0,158494000.0,0.1460191463,0.7,0.69,229701782,230228144,https://www.sec.gov/Archives/edgar/data/1513761/000157104915006416/0001571049-15-006416-index.htm,https://www.sec.gov/Archives/edgar/data/1513761/000157104915006416/t1501698_10q.htm,4.725400867808679,0.6899990005301744,1.710570099103541,1.1535826918399787,0.7529676021407617,16.283961610711405,6.064950771692315,16.283961610711405,25.321375173310585,12872487863.28,18463448863.28,20.304377237119382,11.859311319335234,32.761007590024455,48.5790922457544,3.441422998881152,3.441422998881152,17.010215152183505,60.05408692646212,46.99023178521891,69.67865070299645,0.0123126159980402,0.0205849873633115,1.5409673422083676,0.4931743083376977,18.18512133798671,0.161642188960134,4.144891888799909,2.4790906911302635,0.0,0.0,0.0,0.0,0.2008425835475457,0.325615072749993,0.117870932613989,1.1611576998475277,0.001990910539849,15.899941440502491,0.0218087120264467,0.0169692663710369,-33.593438774454086,-2074171000.0,1393130000.0,-7547015000.0,8947969000.0,33879500.0,69915000.0,58218000.0,3.0513997639651644,7.550889179754342,8.200917597546166,29.494660471182847,11.919126060187793,10.974381699302688,0.0423729198720476,0.5569874072635623,2015-08-04,0.73,bmo,1056488119.0,2025-04-11,2015-06-30,0.0273972602739726,53.770317460317465,1336078.857142857
2015-03-31,NCLH,USD,1513761,2015-05-08,2015-05-08 11:05:01,2015,Q1,938182000.0,623700000.0,314482000.0,0.3352036172,0,0.0,154157000.0,154157000.0,-30139000.0,254133000.0,877833000.0,0.0,50989000.0,104533000.0,166569000.0,0.1775444423,60349000.0,0.064325472,-81128000.0,-20779000.0,-0.0221481546,677000.0,-21456000.0,-0.022869763,-0.1,-0.0957,214560000,224301117,https://www.sec.gov/Archives/edgar/data/1513761/000157104915003821/0001571049-15-003821-index.htm,https://www.sec.gov/Archives/edgar/data/1513761/000157104915003821/t1500927_10q.htm,4.372585756897838,-0.1,1.3945842654735272,1.121639634601044,0.5659116331096197,16.216405667412378,5.190594705443699,16.216405667412378,28.009605704697982,11588385600.0,17425715600.0,-135.02499999999998,12.351959001558331,38.728387618557456,48.15272065453609,3.330577756113712,3.330577756113712,18.573918067070142,104.6155983406276,58.236745961192696,72.40832713507494,-0.0018515089798185,0.0207672585558423,1.7125842675961778,0.5140073478765196,35.04451608642665,0.1367552260661714,1.183569005079527,-13.945842654735271,0.0,0.0,0.0,0.0,0.2040672534881107,0.1957175608745346,0.0624217902283352,0.5602345670745124,0.0127960246519332,,0.0063595839367908,-0.0023253396891462,-37.00776938851603,-2049148000.0,1113694000.0,-7788719000.0,8945420000.0,31695000.0,93376000.0,56595000.0,2.9698075639907824,12.232178932178932,8.172438672438673,30.304993862652623,7.357642534417063,11.012624702039377,-0.0061665946234284,0.2729446308724832,2015-05-07,0.23,bmo,799192074.0,2025-04-11,2015-03-31,0.1739130434782609,47.76081967213115,1556636.4098360655
2014-12-31,NCLH,USD,1513761,2015-02-27,2015-02-27 17:21:08,2014,Q4,788909000.0,518620000.0,270289000.0,0.342611125,0,0.0,139585000.0,139585000.0,-14158000.0,223847000.0,742467000.0,0.0,56438000.0,91571000.0,178315000.0,0.2260273365,46442000.0,0.0588686401,-70596000.0,-24154000.0,-0.030616966,1494000.0,-25609000.0,-0.0324612851,-0.12,-0.12,212698622,212699335,https://www.sec.gov/Archives/edgar/data/1513761/000157104915001498/0001571049-15-001498-index.htm,https://www.sec.gov/Archives/edgar/data/1513761/000157104915001498/t1500098_10k.htm,3.709046126307297,-0.1204004039104682,-0.3061749972221259,-1.1859973404059008,0.3987990105549437,16.543656780249382,3.962569160415153,16.543656780249382,29.339832770519784,9945787564.72,16045067564.72,-97.09269753524153,12.607014959545396,-152.7231172507409,-39.42673259621026,2.82646095848799,2.82646095848799,20.33829955637469,89.98159192844123,-246.38096470862828,-63.60527854087053,-0.0025748589373496,-0.0253635017195445,1.757440364122788,0.5338723534741867,34.20508650422006,0.1359796491803168,0.8228852900528013,2.539106363069245,0.0,0.0,0.0,0.0,0.231016771459512,-2.873593047003363,0.2372098683118078,2.0436273492699653,0.0064215264371429,,0.004895313175458,-0.0028749904013558,-37.2698676910093,-1802864000.0,842833000.0,-7780940000.0,9496889000.0,29184000.0,100933500.0,53909000.0,3.699894411142477,17.697871273764992,9.814411322355484,24.32501850024667,5.085357363482149,9.1701883122624,-0.0072777382600325,0.8798223431837748,2015-02-17,0.38,bmo,810823138.0,2025-04-11,2014-12-31,-0.0526315789473684,40.1453125,1191336.796875
2014-09-30,NCLH,USD,1513761,2014-10-31,2014-10-31 10:20:35,2014,Q3,907017000.0,511298000.0,395719000.0,0.4362861997,0,0.0,97111000.0,97111000.0,3242000.0,160897000.0,672195000.0,0.0,32284000.0,72078000.0,327978000.0,0.3616007197,234822000.0,0.2588948167,-29042000.0,205780000.0,0.2268755712,2502000.0,201078000.0,0.2216915449,0.99,0.97,207296907,208507181,https://www.sec.gov/Archives/edgar/data/1513761/000157104914005621/0001571049-14-005621-index.htm,https://www.sec.gov/Archives/edgar/data/1513761/000157104914005621/t1402007_10q.htm,4.375448785639624,0.9700000010130396,0.8761153392414099,0.5033601393772846,0.2695119807069769,13.912334929338815,10.96327983321044,13.760996443617946,16.865639968279893,7466834590.14,10874876590.14,9.283505144943756,8.23229839147447,41.113308244537926,71.55910288121137,2.6175430062483085,2.6175430062483085,11.989716389152573,33.15733552293141,59.878406033279006,104.22038995773634,0.0269294836483353,0.0139744625035337,1.2142944781835034,0.4697434204736095,10.39106891315881,0.1463027542086715,7.273633998265395,0.8934365745432363,0.0,0.0,0.0,0.0,0.0829028936477097,0.425463615540481,0.0851924495351244,1.0720469491384337,0.004930447830636,17.33013986370628,0.0359494233283372,0.0297333069731272,-21.173072784921,-1112388000.0,2272654000.0,-4299429000.0,5818875000.0,26540500.0,101319500.0,51914500.0,2.573535005407837,17.581840726934196,9.02344620945124,34.971352560148055,5.118917944815987,9.974016347072938,0.0704890815855784,0.3727551998641253,2014-10-29,1.08,amc,882503027.0,2025-04-11,2014-09-30,0.0277777777777778,33.9575,911989.171875
2014-06-30,NCLH,USD,1513761,2014-07-31,2014-07-31 16:00:57,2014,Q2,765927000.0,470796000.0,295131000.0,0.3853252333,0,0.0,83084000.0,83084000.0,-325000.0,146543000.0,617339000.0,0.0,31860000.0,71520000.0,220108000.0,0.2873746454,148588000.0,0.1939976003,-32185000.0,116403000.0,0.1519766244,3124000.0,111616000.0,0.1457266815,0.54,0.54,206696679,210472991,https://www.sec.gov/Archives/edgar/data/1513761/000157104914003533/0001571049-14-003533-index.htm,https://www.sec.gov/Archives/edgar/data/1513761/000157104914003533/t1401324_10q.htm,3.705560262049493,0.5399990001774533,1.4077342771433692,1.208137456335232,0.3071312045608628,13.134129745742069,10.176510866921088,12.97096795638405,17.098039586789877,6552284724.3,9991049724.3,14.675953098794078,8.554711773184652,22.518454309663404,26.238736191624152,2.4439193826238617,2.4439193826238617,13.044388987853932,45.39157924428008,34.33657207963598,40.00932942078664,0.0170346687753139,0.0381115916824994,1.3062942363009202,0.4787891075125332,15.623080487760554,0.152347271541416,4.663779033270559,2.5686490876508445,0.0,0.0,0.0,0.0,0.0835743628365658,0.1417858640290885,0.0538641410996087,0.5768456375838926,0.0042353905789977,12.553763136011302,0.0229239837330069,0.0166504735679549,-21.722154761857592,-1169676000.0,2103451000.0,-4389798000.0,5746982000.0,22572500.0,91172500.0,50336000.0,3.189664289155494,19.64322126781026,10.04881094996559,28.216135568244617,4.581733248990317,8.95628352927748,0.0416313571965673,0.1995968208081369,2014-07-28,0.57,amc,752721362.0,2025-04-11,2014-06-30,0.0175438596491228,32.30936507936508,1163165.9365079366
2014-03-31,NCLH,USD,1513761,2014-05-01,2014-05-01 14:24:27,2014,Q1,664028000.0,445910000.0,218118000.0,0.3284771124,0,0.0,83389000.0,83389000.0,388000.0,145029000.0,590939000.0,0.0,31172000.0,69708000.0,142797000.0,0.2150466547,73089000.0,0.1100691537,-30784000.0,42305000.0,0.0637096628,-9387000.0,51267000.0,0.0772060817,0.25,0.24,211013814,213613390,https://www.sec.gov/Archives/edgar/data/1513761/000119312514176597/0001193125-14-176597-index.htm,https://www.sec.gov/Archives/edgar/data/1513761/000119312514176597/d712723d10q.htm,3.146846111221894,0.2429556578698681,1.0811330105620478,-2.455649657135717,0.3068993388271727,12.65303417528864,9.75592526847555,12.487239342538969,17.465027194854645,6809415777.780001,10398845777.78,33.20564777429926,10.25471181603788,29.84831624299754,-13.141125366246218,2.5842381262020964,2.5842381262020964,15.660251943863814,72.8225787501138,45.58218318084985,-20.068173319065338,0.0075288397232683,-0.0760969834873169,1.386799899809486,0.4992813809836698,25.136592505444792,0.1489589383319144,2.344700372128833,4.413332817457246,0.0,0.0,0.0,0.0,0.0835275906936275,3.271366828267597,1.123913449432855,10.706231709416423,0.0027634376863626,8.262053171731209,0.0138983359467635,0.0076431565594032,-21.54655618897064,-1069665000.0,2058635000.0,-4461709000.0,5868928000.0,18130000.0,83189000.0,45910500.0,2.439656159077629,16.064003946984815,9.709448094907044,36.89044444444445,5.602588264857395,9.269321914106348,0.0194563146589347,3.536782667697765,2014-04-29,0.22,amc,635157217.0,2025-04-11,2014-03-31,0.0454545454545455,34.17770491803279,1133700.950819672
2013-12-31,NCLH,USD,1513761,2014-02-21,2014-02-21 16:39:56,2013,Q4,600345000.0,417789000.0,182556000.0,0.304085151,0,0.0,64232000.0,64232000.0,235000.0,121126000.0,538915000.0,0.0,24633000.0,64968000.0,144925000.0,0.24140286,61430000.0,0.1023244967,-24398000.0,37032000.0,0.0616845314,625000.0,36092000.0,0.060118765,0.18,0.17,210914163,212922103,https://www.sec.gov/Archives/edgar/data/1513761/000119312514062855/0001193125-14-062855-index.htm,https://www.sec.gov/Archives/edgar/data/1513761/000119312514062855/d662798d10k.htm,2.8463949099520645,0.1711217468122328,0.3647834688085882,0.0846410679400415,0.2677250270765363,12.475530152045788,9.577052442893558,12.369524942713308,14.94646900502362,7481125361.61,10552447361.61,51.8198309986285,12.461376977587886,97.2357659623333,419.06371059881246,2.867531304902281,2.867531304902281,17.577305318791694,72.81316102542695,137.15520759065743,591.1072911500113,0.0048244078605083,0.0023862720028204,1.1988881938343552,0.4702750482710964,21.1924926686217,0.1700846499449552,2.493809117850039,2.1132749196583074,0.0,0.0,0.0,0.0,0.0919158054650007,0.7679690140112818,0.0984200751234706,0.9094631203053812,0.0029849503202325,6.901132595254069,0.010302381114671,0.0059758449499043,-18.622232116294622,-892564000.0,2019936000.0,-3836788000.0,5366436000.0,17988500.0,92673500.0,44808000.0,2.737425980061465,18.695848861506647,9.417074169018331,32.877601314348304,4.813902843711112,9.55710854397804,0.0138341405676244,0.2801424008685467,2014-02-18,0.18,bmo,568747894.0,2025-04-11,2013-12-31,0.0555555555555556,32.4521875,909049.0625
2013-09-30,NCLH,USD,1513761,2013-10-31,2013-10-31 06:23:07,2013,Q3,797885000.0,456102000.0,341783000.0,0.42836123,0,0.0,77606000.0,77606000.0,-626000.0,133703000.0,589805000.0,0.0,26627000.0,64197000.0,272277000.0,0.3412484255,208080000.0,0.2607894621,-27253000.0,180827000.0,0.2266329108,7933000.0,170858000.0,0.214138629,0.84,0.82,208363668,210703244,https://www.sec.gov/Archives/edgar/data/1513761/000119312513419559/0001193125-13-419559-index.htm,https://www.sec.gov/Archives/edgar/data/1513761/000119312513419559/d609673d10q.htm,3.829290430805816,0.8199990028971845,0.698600679270054,0.3302783093643753,0.2733681958411291,12.35766304517158,9.423706248058563,12.251161752441408,15.0682123718421,6428019157.8,9484100157.8,9.405499241768018,8.056322850786767,44.15970512973764,93.4060733790578,2.518128535349084,2.518128535349084,11.886550264511802,34.83254243950095,65.1546076805232,137.8142369409166,0.0265801945833771,0.0107059419567058,1.2195105803783215,0.4712766493746394,11.2241614238441,0.1735577525295872,7.814624253577196,0.8419204830705519,0.0,0.0,0.0,0.0,0.0925479471880384,0.5272287600557835,0.096185540522757,1.1954608470800816,0.0024151350131911,15.034415834345436,0.0342407559862431,0.0285037967414937,-18.897069665715424,-890694000.0,1963558000.0,-3843610000.0,5343210000.0,17043500.0,97829500.0,45665000.0,1.9984458913251912,19.44808398121473,9.057381901416788,45.03499463791838,4.627705232398868,9.936646260430056,0.0669323464555331,0.3683223699056785,2013-10-28,0.84,amc,779329534.0,2025-04-11,2013-09-30,0.0238095238095238,31.42265625,567826.0
2013-06-30,NCLH,USD,1513761,2013-07-30,2013-07-30 17:08:15,2013,Q2,644433000.0,421079000.0,223354000.0,0.3465899481,0,0.0,74111000.0,74111000.0,429000.0,127965000.0,549044000.0,0.0,103686000.0,60466000.0,156284000.0,0.2425139619,95389000.0,0.1480200424,-103257000.0,-7868000.0,-0.0122091823,1047000.0,-8841000.0,-0.0137190367,-0.0433,-0.0433,203997492,204001107,https://www.sec.gov/Archives/edgar/data/1513761/000119312513310468/0001193125-13-310468-index.htm,https://www.sec.gov/Archives/edgar/data/1513761/000119312513310468/d549923d10q.htm,3.15902413153197,-0.0433387681060314,0.8367014629768096,-2.4666136581718368,0.4060834238099358,11.687854476171696,8.69110194746904,11.537656551189365,16.151649550671927,6313722377.4,9422092377.4,-178.53530079742112,9.797329400263488,36.99049346691273,-12.547566943636808,2.68252048088652,2.68252048088652,14.620747816142252,60.28827248726677,55.20164265987052,-18.72498152242822,-0.001400283299064,-0.079696725627523,1.3558540702473985,0.4843508509276507,19.889240101353945,0.1716522227715712,0.9199795536523736,-19.14582164890633,0.0,0.0,0.0,0.0,0.0927855596145664,3.948021208659226,1.0456758111394049,11.144577117719049,0.0009357062720251,,0.0189945154344486,-0.0014790951705141,-20.03214823837148,-970064000.0,1772963000.0,-4003321000.0,5242956000.0,14878500.0,82399500.0,43860000.0,2.286195772097332,20.753825291691108,9.709840671227964,39.366707391569946,4.336549948506694,9.268947148297343,-0.0037562886287825,3.3033151211486462,2013-07-29,0.27,bmo,599989344.0,2025-04-11,2013-06-30,0.0740740740740739,30.6825,395769.546875
2013-03-31,NCLH,USD,1513761,2013-05-08,2013-05-08 17:17:08,2013,Q1,527631000.0,362689000.0,164942000.0,0.3126086223,0,0.0,85206000.0,85206000.0,-832000.0,133954000.0,496643000.0,0.0,127656000.0,55480000.0,85636000.0,0.1623028215,30988000.0,0.0587304385,-126292000.0,-97500000.0,-0.1847882327,125719000.0,-96395000.0,-0.182693966,-0.49,-0.49,196724891,198350433,https://www.sec.gov/Archives/edgar/data/1513761/000119312513207830/0001193125-13-207830-index.htm,https://www.sec.gov/Archives/edgar/data/1513761/000119312513207830/d518339d10q.htm,2.6820754471786694,-0.4899990006856834,0.4173086566864586,-0.0155394672451489,0.4127642393762973,12.207850200308409,9.100312578137354,12.061081787560884,14.060157745874667,5887975987.63,8445101987.63,-15.270439306058408,11.1592684804911,71.72149324112308,-1926.0634568629373,2.4815352824211927,2.4815352824211927,16.00569713991407,98.61625937257696,102.86987012156648,-2762.545628927053,-0.016371500189966,-0.0005191936934563,1.1119443338116883,0.4403280855445756,29.86040917371199,0.197647164534069,0.2427461302249796,-0.842,0.0,0.0,0.0,0.0,0.1020289632543522,1.0372373469760643,0.1613855137397158,1.5348233597692862,0.03554188438511,,0.0137294604983231,-0.0179159542041483,-17.67826751521748,-839375000.0,1790258000.0,-3383375000.0,4769498000.0,14224500.0,73412500.0,40986000.0,2.2834708347310904,16.799268795028247,10.494362939046953,39.41368491820423,5.357376032142277,8.576032725639024,-0.0406264553475659,0.4328481239316076,2013-05-06,0.03111,amc,263815500.0,2025-04-11,2013-03-31,0.9286403085824494,29.22666666666667,984068.6875
2012-12-31,NCLH,USD,1513761,2013-02-20,2013-02-20 16:41:59,2012,Q4,503171000.0,344594000.0,158577000.0,0.3151552852,0,0.0,60435000.0,60435000.0,-793000.0,109072000.0,453666000.0,0.0,47659000.0,48637000.0,104068000.0,0.2068243202,49505000.0,0.0983860358,-9137000.0,1053000.0,0.0020927279,39315000.0,1053000.0,0.0020927279,0.0059,0.0053,179173047,200468080,https://www.sec.gov/Archives/edgar/data/1513761/000119312513067341/0001193125-13-067341-index.htm,https://www.sec.gov/Archives/edgar/data/1513761/000119312513067341/d488060d10k.htm,2.808296272374047,0.0058770000155213,0.1231825900689181,-0.289742240081456,0.2539444451151182,11.267230388731404,7.855277473737442,11.267230388731404,16.927836249835053,4441699835.13,7381552835.13,1054.5346237250712,8.827416196740273,201.2459714163382,-85.5588056233386,2.2001857727869845,2.2001857727869845,14.670068098380074,70.93009220058039,334.445781121381,-142.18809637342528,0.000237071400384,-0.0116878676918699,1.4787877256804096,0.5027178072577132,28.2493465810816,0.1745116068433766,1.0387335025913258,20.96011396011396,0.0,0.0,0.0,0.0,0.1029447697176373,3.352136287436002,0.1470374882495215,1.3365308187007732,0.0092712020366833,1.220612160480459,-0.3449608235371053,0.0001976686364074,-21.448572005364177,-780160000.0,1407454000.0,-3754714000.0,4791312000.0,15090500.0,73043500.0,41428000.0,2.694074181540669,20.66588507054679,10.363761411980477,33.406652502987654,4.355003412279149,8.68410574330284,0.0005216011222597,0.4129248301503741,2013-02-20,,bmo,,2025-04-11,2012-12-31,,,
2012-09-30,NCLH,USD,1513761,2012-09-30,2012-09-29 20:00:00,2012,Q3,674411000.0,394071000.0,280340000.0,0.4156812389,0,0.0,57779000.0,57779000.0,1246000.0,106202000.0,500273000.0,0.0,47196000.0,55039000.0,230821000.0,0.3422556868,174138000.0,0.2582075322,-45552000.0,128188000.0,0.1900740053,48442000.0,128188000.0,0.1900740053,0.64,0.63,179050272,203325892,,,3.766601371038409,0.7159330090266492,0.6743078279155029,0.367790561077729,0.3836576132093225,11.234342051153098,7.820049555691265,11.234342051153098,16.52102488847378,4438656242.88,7280860242.88,8.656536186850563,6.581530020832994,36.763624821965465,67.40249104642157,2.2066267777075157,2.2066267777075157,10.79588002402096,31.54331816810429,60.30447047566986,110.56231671875236,0.0288799116186627,0.0148362469172137,1.4471193808438627,0.4939885209404337,12.313455014924983,0.205477081722545,3.689677091278922,0.9418588323400008,0.0,0.0,0.0,0.0,0.1037446185014093,0.4545657845695117,0.0813776762241422,0.9971474772434092,0.0002446579311428,13.452446504451329,0.0209795103484962,0.02427199448319,-21.108654054432265,-725490000.0,1400182000.0,-3693507000.0,4820274000.0,12279500.0,67772500.0,40480500.0,2.017627233245009,15.292904070586264,9.860532746637029,44.60685230504663,5.885082361374532,9.127295888824552,0.0637271863155675,0.3065172668377739,2013-02-11,0.01,amc,905707800.0,2025-04-11,2012-09-30,3.0,,
2012-06-30,NCLH,USD,1513761,2012-06-30,2012-06-29 20:00:00,2012,Q2,583234000.0,387741000.0,195493000.0,0.3351879349,0,0.0,61807000.0,61807000.0,-1999000.0,108487000.0,496228000.0,0.0,48905000.0,53272000.0,142348000.0,0.2440667039,87006000.0,0.1491785458,-50904000.0,84936000.0,0.14562937,50975000.0,36031000.0,0.0617779485,0.18,0.18,200468080,203325892,,,2.9093609316755065,0.1797343497278968,0.4856334235355574,-0.2658079031833896,0.327737962073563,9.203729591264604,6.159394552988187,9.203729591264604,15.075357632995736,4969603703.2,7877125703.2,34.48144447281507,8.52077159973527,51.04673360313906,-93.26284020568254,2.6934733092906766,2.6934733092906766,13.505943931938123,55.33710135161717,80.91219367668509,-147.82730366700446,0.0072502763101208,-0.0107223841542311,1.6114558164693282,0.5085755172011526,20.425450304886617,0.1567401664981755,1.7790818934669257,2.7019510976658987,0.0,0.0,0.0,0.0,0.1043916213293539,1.5473426875115557,0.2582839820723757,2.8277519147019072,0.0002829053175912,6.100827234567479,0.0068640364687193,0.0068815478411867,-19.50160843561728,-834963000.0,1234762000.0,-3845926000.0,4701017000.0,8713500.0,70429500.0,38730000.0,1.4567051989424484,15.919286327729075,8.770648448319884,61.78326271186441,5.653519771375248,10.2614989678717,0.0195284257262931,0.7514413267189469,2012-06-29,,bmo,,2025-04-11,2012-06-30,,,
2012-03-31,NCLH,USD,1513761,2012-03-31,2012-03-30 20:00:00,2012,Q1,515430000.0,352027000.0,163403000.0,0.3170226801,0,0.0,71162000.0,71162000.0,3010000.0,116959000.0,468986000.0,0.0,46170000.0,52470000.0,95904000.0,0.1860660031,46444000.0,0.0901072891,3010000.0,49454000.0,0.0959470733,43160000.0,3284000.0,0.0063713792,0.0164,0.0162,200468080,203325892,,,2.5711325214468057,0.0163816603620885,0.7903203342896286,0.668939414195018,0.3191181359147052,9.32665190388415,6.282316865607732,9.32665190388415,14.783286196984577,4969603703.2,7823037703.2,378.3194049330085,9.641665605804862,31.367027930873423,37.0586625245151,2.657974185749983,2.657974185749983,15.17769183633083,81.57154762262262,49.37726563237689,58.33690802604007,0.0006608172796324,0.0269842442192423,1.5603643586978846,0.5227446410918876,29.753023857190524,0.2106635668500623,1.0059345895603204,48.2442143727162,0.0,0.0,0.0,0.0,0.1093528851138186,0.1535844578815153,0.0472091263605145,0.4637507146941109,0.000320121063966,1.854099777684383,0.0012167487437523,0.0006606783138378,-18.064944553766367,-691941000.0,1259404000.0,-3526575000.0,4534550000.0,8073000.0,76301000.0,37954000.0,1.3946219661253711,18.477986063568988,10.143142429415926,64.53361712783273,4.87066067104808,8.872989867419468,0.0017564352707605,0.1213809200946105,2012-03-30,,bmo,,2025-04-11,2012-03-31,,,
2011-12-31,NCLH,USD,1513761,2011-12-31,2011-12-30 19:00:00,2011,Q4,488594000.0,343530000.0,145064000.0,0.2969009034,0,0.0,0.0,57974000.0,0.0,102675000.0,446205000.0,5000.0,45753000.0,51522000.0,94883000.0,0.1941959991,42389000.0,0.086757103,1469000.0,43858000.0,0.0897636893,48002000.0,-3172000.0,-0.0064920977,-0.0158,-0.0158,200468080,200468080,,,2.437265823067692,-0.0158229679258663,0.1668295521162272,-0.169762687406394,0.2939420580074394,9.200781490998468,6.193858892647648,9.200781490998468,15.383167235402263,4969603703.2,7948758703.2,-391.677467150063,10.171233586986332,148.5947764382251,-146.02737726845322,2.694336347869271,2.694336347869271,16.26863756656856,83.77431893173699,237.6736844635809,-233.56719273624824,-0.0006382802713136,-0.0068480309562885,1.6471357788147554,0.5461806040582042,31.39819567256516,0.1861199394210749,0.9264747666819662,-10.543505674653217,0.0,0.0,0.0,0.0,0.1083688350249559,2.017581628991747,0.1381023917608485,1.3096541283335277,0.0006242401666823,,-0.0008098596495556,-0.000639565256928,-18.13149380190601,-665303000.0,1241671000.0,-3565805000.0,4577582000.0,10332000.0,72468500.0,38897500.0,1.5029042517918765,21.04453759496987,9.492795389048991,59.88405441843363,4.2766442167639775,9.480874316939891,-0.0017197417351283,0.3365922395226212,2011-12-30,,bmo,,2025-04-11,2011-12-31,,,
2011-09-30,NCLH,USD,1513761,2011-09-30,2011-09-29 20:00:00,2011,Q3,666634000.0,397200000.0,269434000.0,0.4041708044,0,-610000.0,60818000.0,60208000.0,-2622000.0,106725000.0,503925000.0,9000.0,49897000.0,55719000.0,221051000.0,0.331592748,162709000.0,0.2440754597,67000.0,160086000.0,0.2401407669,52511000.0,107509000.0,0.1612714023,0.54,0.53,200468080,203325892,,,3.325387263648158,0.5362898671948173,0.4456370310924312,0.3460151860585486,0.2386165418454648,9.203280641985495,6.196358043634677,9.203280641985495,15.172041354414128,4969603703.2,7913381703.2,11.55625041438391,7.45477083857109,55.62823165577147,71.64425435305989,2.69360470079633,2.69360470079633,11.870654216856623,35.79889574442097,88.57998682725889,114.08320771570676,0.0216333145298433,0.0139578534109942,1.6215020997699685,0.540061616870588,13.317189245920623,0.1851009121890496,3.2608974487444136,0.8106862193506235,0.0,0.0,-0.000915044837197,0.0,0.1088191628250898,0.2235492970359093,0.029957967940429,0.3584235180100145,0.0004575224185985,10.538101747850904,0.0223160250590801,0.0217779443341571,-18.039948055570743,-638920000.0,1242172000.0,-3549300000.0,4581190000.0,10904500.0,63932000.0,40459000.0,1.6882577246285069,14.639728096676738,9.41714501510574,53.3093962415034,6.147655161739669,9.557036644931546,0.0582715977113916,0.0996218450338827,2011-09-29,,bmo,,2025-04-11,2011-09-30,,,
2011-06-30,NCLH,USD,1513761,2011-06-30,2011-06-29 20:00:00,2011,Q2,568586000.0,382907000.0,185679000.0,0.3265627363,0,0.0,0.0,62967000.0,0.0,109477000.0,492384000.0,14000.0,46696000.0,52055000.0,128305000.0,0.2256562772,76202000.0,0.1340201834,-392000.0,75858000.0,0.1334151738,47026000.0,29224000.0,0.0513976777,0.15,0.14,200468080,203325892,,,2.836291942338152,0.1457788192514239,0.4886014771029882,0.1022606691299682,0.3001824529870291,8.82496604945785,5.818043451107029,8.82496604945785,15.560357539215222,4969603703.2,7982085703.2,42.51303469066521,8.740285028474144,50.73664563395236,242.4196928390244,2.809075962566784,2.809075962566784,14.038484421354026,62.21180548848447,81.49226335337778,389.370034302439,0.00588054938489,0.0041250774154888,1.7368251179679888,0.548091198369493,23.47906940493356,0.198157973132084,1.6318742504711323,3.357177131889224,0.0,0.0,0.0,0.0,0.1075241312646614,0.7907074089577228,0.1362133432761271,1.487830179617712,0.000534659664501,5.380157566376384,0.0059190090334681,0.0058409251302685,-18.70697569408556,-678291000.0,1166332000.0,-3669360000.0,4568365000.0,10032000.0,62713500.0,38315500.0,1.4727059758770005,14.86747434755698,9.250627436949442,61.11199484092863,6.053482783697474,9.72906979698656,0.0165189099237814,0.3863408079730199,2011-06-29,,bmo,,2025-04-11,2011-06-30,,,
2011-03-31,NCLH,USD,1513761,2011-03-31,2011-03-30 20:00:00,2011,Q1,495510000.0,344239000.0,151271000.0,0.3052834453,0,0.0,0.0,70202000.0,0.0,116459000.0,460698000.0,10000.0,47879000.0,51753000.0,89257000.0,0.1801315816,34812000.0,0.0702548889,-260000.0,37244000.0,0.0751629634,45437000.0,-10625000.0,-0.0214425541,-0.053,-0.0523,200468080,203325892,,,2.4717650810044174,-0.053000956561264,0.6797141968935903,0.5804415346323465,0.2454206175866003,8.673530469289675,5.666607870938854,8.673530469289675,15.61200665961384,4969603703.2,8002234703.2,-116.93185184,10.029270253274404,36.47121115506271,42.70886647645239,2.858121048605735,2.858121048605735,16.1494918431515,89.65386135765262,58.72725653855469,68.77135358542455,-0.0021379974409545,0.0234143418568917,1.7724236613782418,0.5538903779333142,33.97639400831307,0.2016726461871287,0.7270828546962134,-12.824564705882352,0.0,0.0,0.0,0.0,0.1083384510810714,0.1460505940804779,0.0401626606930233,0.3845380944099859,0.0005993824544408,,-0.0015721991504614,-0.0021416280283376,-18.702723146747356,-624383000.0,1135974000.0,-3667474000.0,4591334000.0,9319500.0,63286000.0,35018500.0,1.9543500635708664,16.25489848622614,9.745147993109438,46.051115241635685,5.536792498351375,9.235365133873476,-0.0061106554878574,0.0992726622612437,2011-03-30,,bmo,,2025-04-11,2011-03-31,,,
2010-12-31,NCLH,USD,1513761,2010-12-31,2010-12-30 19:00:00,2010,Q4,483606000.0,356506000.0,127100000.0,0.2628172521,0,0.0,0.0,63658000.0,0.0,110555000.0,467061000.0,20000.0,54673000.0,52999000.0,69544000.0,0.1438030132,16545000.0,0.0342117343,-1204000.0,15341000.0,0.0317221044,55857000.0,-39312000.0,-0.081289314,-0.2,-0.2,200468080,200468080,,,2.412384056354508,-0.1961010451140151,-0.0615010629123599,-0.5493941978194234,0.27459234407792,8.638123336144089,5.631200737793269,8.638123336144089,16.255745054274975,4969603703.2,8118641703.2,-31.603605153642658,10.27614153505126,-403.08246436856194,-45.12242775477591,2.8698363099624173,2.8698363099624173,16.78771914161528,116.74108051305647,-658.4996109335713,-73.71469549647708,-0.0079104899198876,-0.0221619281088916,1.8502882769676403,0.5759104004969522,45.281232025767856,0.1980401550855098,0.3026173796938159,0.3136192511192511,0.0,0.0,0.0,0.0,0.1083473697284431,-7.93308459729094,0.2022452161470287,1.845449914149324,0.0013089167628193,,-0.0087594234269893,-0.0079246545008276,-18.728703592113018,-523934000.0,1128876000.0,-3702462000.0,4718139000.0,7566500.0,57671000.0,33969500.0,1.4662969442066476,16.257538442550757,8.271024891586677,61.379109023987816,5.535893414494014,10.881360070811589,-0.0227018112016853,0.4878931349070635,2010-12-30,,bmo,,2025-04-11,2010-12-31,,,
2010-09-30,NCLH,USD,1513761,2010-09-30,2010-09-29 20:00:00,2010,Q3,634105000.0,375234000.0,258871000.0,0.4082462684,0,0.0,0.0,74755000.0,0.0,121296000.0,496530000.0,15000.0,46213000.0,52676000.0,190251000.0,0.300030752,137575000.0,0.2169593364,1624000.0,139199000.0,0.2195204264,44574000.0,93001000.0,0.1466649845,0.46,0.46,200468080,203325892,,,3.163122029202853,0.4639192434027402,0.5909868543660417,0.4629614849406449,0.3754313404907155,8.799151465909187,5.792228867558366,8.799151465909187,15.434980970536555,4969603703.2,7942349703.2,13.359006094558122,7.83719368748078,41.94678750780762,53.54657094893814,2.817317112456198,2.817317112456198,12.525291084599552,41.74669096719597,67.03875705386835,85.57736537620274,0.0187139670594086,0.018675332188005,1.7279456492222849,0.5562871507313386,15.62538961687455,0.1753574799337584,2.9769761755350226,1.2739002806421436,0.0,0.0,0.0,0.0,0.1100146207502228,0.2166298090720327,0.0404743693867734,0.4872237831270408,0.0009887952310737,9.583692035934837,0.0191966152865675,0.019071623841078,-18.042570667609528,-708598000.0,1161157000.0,-3564569000.0,4486686000.0,7951500.0,49391500.0,35014500.0,1.0295771205084332,12.218695533986793,8.436975327395706,87.41452991452991,7.365761733702373,10.66732999772572,0.0527231796384135,0.1280253694253968,2010-09-29,,bmo,,2025-04-11,2010-09-30,,,
2010-06-30,NCLH,USD,1513761,2010-06-30,2010-06-29 20:00:00,2010,Q2,477915000.0,321394000.0,156521000.0,0.3275080297,0,0.0,0.0,61786000.0,0.0,100682000.0,422076000.0,37000.0,37047000.0,43656000.0,99495000.0,0.208185556,55839000.0,0.1168387684,-33769000.0,22070000.0,0.04617976,70779000.0,-14940000.0,-0.0312607891,-0.0745,-0.0735,200468080,203325892,,,2.383995496938964,-0.0745255803317914,0.8962524108576289,-3.231437144506996,0.4960440584855204,8.28592761500983,5.279005016659012,8.28592761500983,15.990465913575868,4969603703.2,8038693703.2,-83.15936585006693,10.398509574296684,27.659618763288247,-7.671509267057734,2.991819522426589,2.991819522426589,16.820341908498374,80.79495153726317,44.74143542717203,-12.409221523927137,-0.0030062759310928,-0.1303524463294472,1.9075309560618976,0.5721000624546237,30.84667571234736,0.2280736390109076,1.50724755040894,-12.026104417670682,0.0,0.0,0.0,0.0,0.1088382410799034,4.605498970334502,1.7314166745132502,18.954324720542424,0.0013182260443802,,-0.0251926353342373,-0.0030269698147895,-18.72618698198736,-609960000.0,1058272000.0,-3697138000.0,4606200000.0,8050500.0,43792500.0,33058000.0,1.628762436835002,13.396640883152765,9.75988973036211,55.25667707249393,6.718102006688963,9.221415660057955,-0.0089942350204447,4.127689555364625,2010-06-29,,bmo,,2025-04-11,2010-06-30,,,
2010-03-31,NCLH,USD,1513761,2010-03-31,2010-03-30 20:00:00,2010,Q1,416502000.0,294164000.0,122338000.0,0.293727281,0,0.0,0.0,64199000.0,0.0,102056000.0,396220000.0,28000.0,35839000.0,42582000.0,62864000.0,0.1509332488,20282000.0,0.0486960447,-603000.0,19679000.0,0.0472482725,36414000.0,-16132000.0,-0.0387321069,-0.0805,-0.0793,200468080,203325892,,,2.0776474738521964,-0.0804716641172998,0.6641007386313073,0.5317903977530987,0.4513885701903266,8.432419764782503,5.425497166431684,8.432419764782503,12.610501382564246,4969603703.2,7371278703.2,-77.0146866972477,11.931764320939635,37.32867403685092,46.61611060436932,2.9398441599805016,2.9398441599805016,17.698063162241716,117.25755127258844,55.36861214292689,69.14441549992027,-0.0032461340910568,0.0214518111235618,1.4742772701163194,0.516587331923245,38.20429816747264,0.3008393123729922,0.565919808030358,-8.252603520952144,0.0,0.0,0.0,0.0,0.1249495261887567,0.1992323350684664,0.0636827674296882,0.6228923019116058,0.0015125977786421,,-0.0040672966882627,-0.0038213977427885,-15.07543495203825,-420090000.0,1087639000.0,-2953094000.0,4007496000.0,7660000.0,34060500.0,30064000.0,1.6102683780630105,12.160053575556493,9.564970560639642,55.891304347826086,7.401283180274248,9.409333717173656,-0.0095431283501071,0.1323103408782086,2010-03-30,,bmo,,2025-04-11,2010-03-31,,,
2009-12-31,NCLH,USD,1513761,2009-12-31,2009-12-30 19:00:00,2009,Q4,401656000.0,301765000.0,99891000.0,0.2486978907,0,0.0,0.0,62517000.0,0.0,100886000.0,402651000.0,69000.0,37490000.0,43443000.0,42448000.0,0.1056824746,-995000.0,-0.0024772442,-584000.0,-1579000.0,-0.0039312247,38005000.0,-39000000.0,-0.0970980142,-0.19,-0.19,200468080,200468080,,,2.0035907961008057,-0.1945446876131102,-0.170510936204906,-0.3041980548723766,0.250174491619813,8.502854918349096,5.495932319998276,8.502854918349096,12.94560710114049,4969603703.2,7477142703.2,-31.856433994871797,12.372785924273508,-145.38656904803696,-81.49296027024367,2.915491354145461,2.915491354145461,18.61578739817157,176.1482921032793,-218.74503256684804,-122.61229056442885,-0.0078477082538568,-0.0122709985829922,1.5005071716833347,0.5315955112787518,59.07319543912552,0.3067820693954716,-0.0265404107762069,0.8764615384615385,0.0,0.0,0.0,0.0,0.1252854709324704,-0.7840383827745597,0.0667237636186189,0.6169003061482863,0.0022033780150178,,-0.0057728040381294,-0.0092668364161009,-15.146109545220366,-342476000.0,1101759000.0,-2955235000.0,4096443000.0,,,,1.7630011751349417,8.463009295312578,8.608851258429572,51.04931367564819,10.634515083168877,10.454356487095096,-0.0228799255639754,0.1336871186674706,2009-12-30,,bmo,,2025-04-11,2009-12-31,,,
2009-09-30,NCLH,USD,1513761,2009-09-30,2009-09-29 20:00:00,2009,Q3,550676000.0,344831000.0,205845000.0,0.373804197,0,0.0,0.0,54202000.0,0.0,92414000.0,437245000.0,132000.0,25813000.0,43142000.0,156573000.0,0.284328716,113431000.0,0.2059850075,-2125000.0,111306000.0,0.2021261141,27806000.0,85625000.0,0.155490706,0.43,0.42,200468080,203325892,,,2.746951035795824,0.4271253558172453,0.2923008989760365,-0.029381236154903,,,,,,4969603703.2,,14.509791834160584,9.02455110300794,84.8098657473932,-843.7357730390491,0.0,0.0,,,,,0.0172297440829869,-0.0011852051696209,0.0,0.0,,0.0,4.3943361871925,0.6843445255474453,0.0,0.0,0.0,0.0,0.0,1.1005170913186682,0.117105158023956,1.494761485327523,0.0049121443462217,,0.0,0.0,,,,,,,,,,,,0.0,0.0,0.0,0.0,0.3216821351309396,2009-09-29,,bmo,,2025-04-11,2009-09-30,,,
2009-06-30,NCLH,USD,1513761,2009-06-30,2009-06-29 20:00:00,2009,Q2,478417000.0,332608000.0,145809000.0,0.3047738688,0,0.0,0.0,61654000.0,0.0,99789000.0,432397000.0,287000.0,26635000.0,45132000.0,91152000.0,0.1905283466,46020000.0,0.096192234,-4253000.0,41767000.0,0.0873024997,30601000.0,15419000.0,0.0322292059,0.0769,0.0758,200468080,203325892,,,2.3864996362513176,0.0769149881617063,0.110880495288826,0.0388440892934176,,,,,,4969603703.2,,80.57597287761851,10.387598482495395,223.5740373942775,638.192333787081,0.0,0.0,,,,,0.0031026618863132,0.00156692574802,0.0,0.0,,0.0,1.727801764595457,1.4415980284065115,0.0,0.0,0.0,0.0,0.0,0.6496760842181033,0.0301849641630627,0.3199725250376672,0.0006521507387906,,0.0,0.0,,,,,,,,,,,,0.0,0.0,0.0,0.0,0.0720364059954083,2009-06-29,,bmo,,2025-04-11,2009-06-30,,,
2009-03-31,NCLH,USD,1513761,2009-03-31,2009-03-30 20:00:00,2009,Q1,424455000.0,310250000.0,114205000.0,0.2690626804,0,0.0,0.0,63303000.0,0.0,101287000.0,411537000.0,348000.0,25412000.0,37984000.0,50902000.0,0.1199231956,12918000.0,0.0304343217,-12918000.0,30253000.0,0.071274929,7729000.0,5189000.0,0.0122250886,0.0259,0.0255,200468080,203325892,,,2.1173196251493005,0.0258844201031904,0.0203673322954956,-0.2595276016012125,,,,,,4969603703.2,,239.42974095201387,11.70819922771554,1217.1451636541758,-95.51970521460012,0.0,0.0,,,,,0.00104414764434,-0.0104690440339335,0.0,0.0,,0.0,0.5083425153470801,0.7868568124879552,0.0,0.0,0.0,0.0,0.0,13.742346313984816,0.1321930475551,1.4772009267059816,0.0004075814868478,,0.0,0.0,,,,,,,,,,,,0.0,0.0,0.0,0.0,0.2798949338967081,2009-03-30,,bmo,,2025-04-11,2009-03-31,,,
