date,symbol,reportedCurrency,cik,fillingDate,acceptedDate,calendarYear,period,revenue,costOfRevenue,grossProfit,grossProfitRatio,researchAndDevelopmentExpenses,generalAndAdministrativeExpenses,sellingAndMarketingExpenses,sellingGeneralAndAdministrativeExpenses,otherExpenses,operatingExpenses,costAndExpenses,interestIncome,interestExpense,depreciationAndAmortization,ebitda,ebitdaratio,operatingIncome,operatingIncomeRatio,totalOtherIncomeExpensesNet,incomeBeforeTax,incomeBeforeTaxRatio,incomeTaxExpense,netIncome,netIncomeRatio,eps,epsdiluted,weightedAverageShsOut,weightedAverageShsOutDil,link,finalLink,revenuePerShare,netIncomePerShare,operatingCashFlowPerShare,freeCashFlowPerShare,cashPerShare,bookValuePerShare,tangibleBookValuePerShare,shareholdersEquityPerShare,interestDebtPerShare,marketCap,enterpriseValue,peRatio,priceToSalesRatio,pocfratio,pfcfRatio,pbRatio,ptbRatio,evToSales,enterpriseValueOverEBITDA,evToOperatingCashFlow,evToFreeCashFlow,earningsYield,freeCashFlowYield,debtToEquity,debtToAssets,netDebtToEBITDA,currentRatio,interestCoverage,incomeQuality,dividendYield,payoutRatio,salesGeneralAndAdministrativeToRevenue,researchAndDdevelopementToRevenue,intangiblesToTotalAssets,capexToOperatingCashFlow,capexToRevenue,capexToDepreciation,stockBasedCompensationToRevenue,grahamNumber,roic,returnOnTangibleAssets,grahamNetNet,workingCapital,tangibleAssetValue,netCurrentAssetValue,investedCapital,averageReceivables,averagePayables,averageInventory,daysSalesOutstanding,daysPayablesOutstanding,daysOfInventoryOnHand,receivablesTurnover,payablesTurnover,inventoryTurnover,roe,capexPerShare,report_date,epsEstimated,time,revenueEstimated,updatedFromDate,fiscalDateEnding,surprise(%),QuarterAvgPrice,QuarterAvgVolume
2025-03-31,NDAQ,USD,1120193,2025-04-28,2025-04-28 12:42:39,2025,Q1,2090000000.0,357000000.0,1733000000.0,0.8291866029,432000000,6000000.0,14000000.0,20000000.0,313000000.0,333000000.0,690000000.0,11000000.0,-96000000.0,156000000.0,548000000.0,0.2622009569,547000000.0,0.261722488,-59000000.0,488000000.0,0.233492823,93000000.0,395000000.0,0.1889952153,0.687,0.682,575120541,579189522,https://www.sec.gov/Archives/edgar/data/1120193/000112019325000012/0001120193-25-000012-index.htm,https://www.sec.gov/Archives/edgar/data/1120193/000112019325000012/ndaq-20250331.htm,3.6340207852183113,0.6868125407470014,1.1528018088993974,1.0676022785282504,1.2310462755667773,20.09144027425722,-16.438293063853546,20.075791380923743,16.732144505337708,43628644240.26,52639644240.26,27.6130659748481,20.87494939725359,65.80489327339366,71.05642384407166,3.7786804296085226,3.7786804296085226,25.186432650842107,96.05774496397812,79.3961451587632,85.73231960954398,0.0090536849558001,0.0140733229439526,0.8417633812575784,0.3171272881521845,16.443430656934307,0.9808054196462176,-5.697916666666667,1.678481012658228,0.0031630595541782,0.3493670886075949,0.0028708133971291,0.2066985645933014,0.6855157111625934,0.0739064856711915,0.023444976076555,0.3141025641025641,0.0167464114832535,17.6135422028443,0.019186867201464,0.040983606557377,-30.679655380279662,-153000000.0,-9454000000.0,-11274000000.0,21858000000.0,1004000000.0,134500000.0,0.0,42.45933014354067,0.0,0.0,2.1196754563894524,0.0,0.0,0.0342109821583232,0.085199530371147,2025-04-24,0.771,bmo,1230536724.0,2025-05-11,2025-03-31,0.0246433203631647,78.69075,2828629.316666667
2024-12-31,NDAQ,USD,1120193,2025-02-21,2025-02-21 16:56:38,2024,Q4,2029000000.0,1219000000.0,810000000.0,0.3992114342,0,96000000.0,20000000.0,116000000.0,178000000.0,294000000.0,1513000000.0,8000000.0,97000000.0,153000000.0,689000000.0,0.3395761459,517000000.0,0.2548053228,-77000000.0,440000000.0,0.2168555939,85000000.0,355000000.0,0.174963036,0.62,0.61,575120541,579017204,https://www.sec.gov/Archives/edgar/data/1120193/000112019325000008/0001120193-25-000008-index.htm,https://www.sec.gov/Archives/edgar/data/1120193/000112019325000008/ndaq-20241231.htm,3.527956063735863,0.6172619037093304,1.225829977788952,1.1215040222324453,1.349282358530818,19.47417837054789,-16.799956376449437,19.45852947721441,17.326802452009794,44462569024.71,53738569024.71,31.311668327260563,21.913538208334156,63.0674737939149,68.93421554218604,3.9730648757671343,3.9730648757671343,26.48524841040414,77.9950203551669,76.22492060242553,83.31561089102325,0.0079842440008967,0.0145065841706434,0.8817800017871504,0.3246586609639743,13.462989840348332,0.985320172108327,5.329896907216495,1.9859154929577465,0.0031037342876725,0.3887323943661971,0.047313947757516,0.0,0.6863628886329989,0.0851063829787234,0.0295712173484475,0.392156862745098,0.0177427304090685,16.439212309019357,0.0182214310676218,0.0372390643029476,-30.6935655076872,-116000000.0,-9662000000.0,-11409000000.0,21714000000.0,983000000.0,279000000.0,0.0,45.33267619517004,19.860541427399507,0.0,1.9853228962818004,4.5315985130111525,0.0,0.0317219193995174,0.1043259555565065,2025-01-29,0.74,bmo,1225649004.0,2025-04-29,2024-12-31,0.027027027027027,77.32875,2594829.484375
2024-09-30,NDAQ,USD,1120193,2024-10-29,2024-10-29 11:12:58,2024,Q3,1902000000.0,1168000000.0,734000000.0,0.3859095689,0,90000000.0,11000000.0,101000000.0,185000000.0,286000000.0,1422000000.0,8000000.0,98000000.0,153000000.0,633000000.0,0.332807571,448000000.0,0.2355415352,-92000000.0,356000000.0,0.1871713985,51000000.0,306000000.0,0.1608832808,0.53,0.53,575120541,579017204,https://www.sec.gov/Archives/edgar/data/1120193/000112019324000019/0001120193-24-000019-index.htm,https://www.sec.gov/Archives/edgar/data/1120193/000112019324000019/ndaq-20240930.htm,3.3071327911412576,0.5320623733381834,0.4242588859297933,0.3268879940770538,0.5355399051900669,19.267265225360816,-17.658906743864673,19.251616332027343,18.004921163127086,41989550698.41,51980550698.41,34.30518847909314,22.076525078028396,172.08832253446724,223.3486739277128,3.792408841980672,3.792408841980672,27.329416770983176,82.11777361518168,213.03504384594265,276.49229094898936,0.0072875273707462,0.0044773043977133,0.9263908959537572,0.3356348167539267,15.783570300157978,0.9527291062649692,4.571428571428571,0.8,0.003286531951513,0.4509803921568627,0.0473186119873817,0.0,0.6949280104712042,0.2295081967213114,0.0294426919032597,0.3684210526315789,0.0189274447949526,15.181201046518964,0.0165969136348309,0.0328220529872358,-32.10283529066301,-375000000.0,-10156000000.0,-11921000000.0,21834000000.0,952000000.0,295000000.0,0.0,44.66876971608833,22.26883561643836,0.0,2.014830508474576,4.041522491349481,0.0,0.0276372832369942,0.0973708918527394,2024-10-24,0.694,bmo,1170247769.0,2025-04-25,2024-09-30,0.0662824207492796,68.26046875,2934740.34375
2024-06-30,NDAQ,USD,1120193,2024-08-06,2024-08-06 15:14:51,2024,Q2,1792000000.0,786000000.0,1006000000.0,0.5613839286,0,96000000.0,12000000.0,108000000.0,12000000.0,261000000.0,1309000000.0,6000000.0,99000000.0,153000000.0,654000000.0,0.3649553571,483000000.0,0.26953125,-82000000.0,341000000.0,0.1902901786,119000000.0,222000000.0,0.1238839286,0.39,0.38,576375433,578950776,https://www.sec.gov/Archives/edgar/data/1120193/000112019324000014/0001120193-24-000014-index.htm,https://www.sec.gov/Archives/edgar/data/1120193/000112019324000014/ndaq-20240630.htm,3.10908463026043,0.3851656182577094,0.7980909207141728,0.7078719470682228,1.0652778811271784,18.925164702500428,-17.77834274903941,18.907814899876207,17.988275360792485,34282810754.84,44111810754.84,38.60676886806306,19.131032787299105,74.52784946704348,84.02649694813725,3.1457892048853,3.1457892048853,24.61596582301339,67.44925191871559,95.8952407713913,108.11718322264704,0.0064755483903448,0.0119010078525256,0.942282987704166,0.3399205561072492,15.029051987767584,0.9381337440636632,4.878787878787879,2.072072072072072,0.0040253408912954,0.6216216216216216,0.0535714285714285,0.0,0.7002648129758359,0.1130434782608695,0.0290178571428571,0.3398692810457516,0.0217633928571428,12.80075797973682,0.0136537450195651,0.0245168415240198,-31.17412535520056,-482000000.0,-10247000000.0,-11993000000.0,21629000000.0,942500000.0,283500000.0,-6500000.0,48.21428571428572,34.46564885496183,0.0,1.8666666666666667,2.611295681063123,0.0,0.020370710222059,0.0902189736459499,2024-07-25,0.642,bmo,1130623909.0,2025-04-25,2024-06-30,0.0747663551401868,60.570317460317455,2643353.4444444445
2024-03-31,NDAQ,USD,1120193,2024-05-02,2024-05-02 11:29:52,2024,Q1,1674000000.0,712000000.0,962000000.0,0.5746714456,0,90000000.0,11000000.0,101000000.0,-517000000.0,517000000.0,1229000000.0,6000000.0,103000000.0,155000000.0,610000000.0,0.3643966547,445000000.0,0.2658303465,-98000000.0,312000000.0,0.1863799283,79000000.0,234000000.0,0.1397849462,0.41,0.4,575451665,578931090,https://www.sec.gov/Archives/edgar/data/1120193/000112019324000010/0001120193-24-000010-index.htm,https://www.sec.gov/Archives/edgar/data/1120193/000112019324000010/ndaq-20240331.htm,2.9090193005176204,0.4066371065239684,0.9210156686226636,0.8532428175353355,1.0113794700724343,18.800883997789807,-18.15269749892895,18.78350634366485,18.36296711384092,35844884212.85,45899884212.85,38.29581646672008,21.412714583542417,67.63185700537736,73.00383750071283,3.316207254403737,3.316207254403737,27.41928567075866,75.24571182434426,86.60355511858491,93.48245257199592,0.0065281282151865,0.0136979100583614,0.9680821537607548,0.3457230647239568,16.483606557377048,0.990261057757338,4.320388349514563,2.264957264957265,0.003543043945849,0.5427350427350427,0.053763440860215,0.0,0.7025803680576205,0.0735849056603773,0.0232974910394265,0.2516129032258064,0.017921146953405,13.109408456301749,0.0143490379079757,0.0259942235058875,-31.59040299240424,-72000000.0,-10446000000.0,-12127000000.0,22168000000.0,927000000.0,299000000.0,-16500000.0,49.73118279569893,33.62359550561798,-1.6432584269662922,1.8097297297297297,2.6766917293233083,-54.76923076923077,0.0216486261448792,0.067772851087328,2024-04-25,0.653,bmo,1113481718.0,2025-04-25,2024-03-31,-0.0352220520673813,57.8555737704918,3189957.1147540985
2023-12-31,NDAQ,USD,1120193,2024-02-21,2024-02-21 17:03:01,2023,Q4,1648000000.0,335000000.0,1313000000.0,0.796723301,0,52000000.0,16000000.0,68000000.0,362000000.0,430000000.0,765000000.0,30000000.0,106000000.0,125000000.0,613000000.0,0.3719660194,352000000.0,0.213592233,-75000000.0,278000000.0,0.1686893204,81000000.0,197000000.0,0.119538835,0.36,0.36,547100000,550600000,https://www.sec.gov/Archives/edgar/data/1120193/000112019324000006/0001120193-24-000006-index.htm,https://www.sec.gov/Archives/edgar/data/1120193/000112019324000006/ndaq-20231231.htm,3.0122463900566623,0.3600804240541034,0.7622006945713764,0.6854322792908061,1.2081886309632608,19.789800767684152,-19.60884664595138,19.76969475415829,20.06397367940048,31808394000.0,42206394000.0,40.365982233502535,19.30120995145631,76.27912230215827,84.822384,2.9408648298816567,2.9408648298816567,25.610675970873785,68.8521924959217,101.21437410071944,112.550384,0.0061933337470606,0.0117893408890747,1.0050850591715976,0.3365530478932541,16.96247960848287,1.0078670360110804,3.320754716981132,2.116751269035533,0.0039926567810999,0.6446700507614214,0.0315533980582524,0.0,0.6673168013374199,0.1007194244604316,0.0254854368932038,0.336,0.0194174757281553,12.655840611598812,0.0105497736813087,0.0183324027545133,-36.78715042953756,71000000.0,-10728000000.0,-12378000000.0,22604000000.0,762000000.0,309000000.0,2970000000.0,50.73422330097088,89.19402985074628,-5.373134328358209,1.7739504843918192,1.0090361445783131,-16.75,0.0182137573964497,0.0767684152805702,2024-01-31,0.7,bmo,1067020000.0,2025-04-25,2023-12-31,0.0285714285714286,52.72142857142857,2486064.8253968256
2023-09-30,NDAQ,USD,1120193,2023-11-03,2023-11-03 15:02:31,2023,Q3,1451000000.0,288000000.0,1163000000.0,0.8015161957,0,26000000.0,12000000.0,38000000.0,183000000.0,221000000.0,509000000.0,72000000.0,97000000.0,64000000.0,525000000.0,0.3618194349,431000000.0,0.2970365265,-40000000.0,391000000.0,0.2694693315,97000000.0,294000000.0,0.2026188835,0.6,0.6,491315824,494111962,https://www.sec.gov/Archives/edgar/data/1120193/000112019323000031/0001120193-23-000031-index.htm,https://www.sec.gov/Archives/edgar/data/1120193/000112019323000031/ndaq-20230930.htm,2.953293847095794,0.5983931020304365,0.6106052061535067,0.5352972307279075,11.422388056444932,13.187037102228564,-8.049811967790395,13.162612893982423,20.785001217465368,23873035888.16,28648035888.16,20.30020058517007,16.452815911895243,79.57678629386668,90.77199957475284,3.691516296298129,3.691516296298129,19.74364981954514,54.56768740601905,95.49345296053332,108.92789311087452,0.012315149249443,0.0110166131040935,1.564094634297201,0.415400410677618,9.095238095238097,1.7524120317820655,4.443298969072165,1.020408163265306,0.0045239323773464,0.3673469387755102,0.0179186767746381,0.0,0.4285010266940451,0.1233333333333333,0.025499655410062,0.578125,0.0206753962784286,13.312376839252227,0.0187305933616177,0.0211267605633802,-17.97774378217462,5303000000.0,-3955000000.0,-5520000000.0,16676000000.0,596000000.0,242500000.0,6558500000.0,36.905582356995176,89.375,1862.5,2.438655462184874,1.006993006993007,0.0483221476510067,0.0454615741456626,0.0753079754255991,2023-10-18,0.68,bmo,958590000.0,2025-04-25,2023-09-30,0.0441176470588234,50.67095238095238,2805884.26984127
2023-06-30,NDAQ,USD,1120193,2023-08-02,2023-08-02 12:04:05,2023,Q2,1433000000.0,769000000.0,664000000.0,0.4633635729,0,140000000.0,9000000.0,149000000.0,74000000.0,223000000.0,992000000.0,8000000.0,36000000.0,65000000.0,515000000.0,0.3593859037,382000000.0,0.2665736218,-45000000.0,337000000.0,0.23517097,70000000.0,267000000.0,0.1863224006,0.54,0.54,490778304,493631085,https://www.sec.gov/Archives/edgar/data/1120193/000112019323000022/0001120193-23-000022-index.htm,https://www.sec.gov/Archives/edgar/data/1120193/000112019323000022/ndaq-20230630.htm,2.919851974548574,0.544033829172693,0.8435580722003555,0.7640924567032206,11.481762649393728,12.728761538733384,-8.686203047802211,12.70431058011888,21.18064289981327,24465298454.4,29477298454.4,22.90758282247191,17.072783289881368,59.09492380289855,65.24079587840001,3.923865028773055,3.923865028773055,20.57034086140963,57.2374727269903,71.20120399613526,78.60612921173333,0.0109134168339557,0.0153278326319602,1.6614274258219728,0.4037494640838757,9.732038834951457,1.5953471977440958,10.61111111111111,1.556390977443609,0.0044144157980045,0.4044943820224719,0.0976971388695045,0.0,0.4096347975211443,0.0942028985507246,0.0272156315422191,0.6,0.0237264480111653,12.470382170077135,0.0174500010949664,0.0176272529213705,-19.863856899428058,5067000000.0,-4263000000.0,-5832000000.0,16523000000.0,631500000.0,191000000.0,7134500000.0,37.49476622470342,23.28998699609883,837.6202860858258,2.400335008375209,3.864321608040201,0.1074472544362162,0.042822774659182,0.0794656154971349,2023-07-19,0.65,bmo,914850000.0,2025-04-25,2023-06-30,0.0923076923076922,54.166935483870965,3248379.3870967743
2023-03-31,NDAQ,USD,1120193,2023-05-04,2023-05-04 11:36:36,2023,Q1,1533000000.0,875000000.0,658000000.0,0.4292237443,0,148000000.0,9000000.0,157000000.0,69000000.0,226000000.0,1101000000.0,6000000.0,36000000.0,69000000.0,510000000.0,0.3326810176,412000000.0,0.268754077,-16000000.0,396000000.0,0.2583170254,95000000.0,302000000.0,0.1969993477,0.62,0.61,489931178,494769011,https://www.sec.gov/Archives/edgar/data/1120193/000112019323000017/0001120193-23-000017-index.htm,https://www.sec.gov/Archives/edgar/data/1120193/000112019323000017/ndaq-20230331.htm,3.1290109077320243,0.6164131077202031,1.1532231982182608,1.0715790779904193,1.163428713246741,12.61197547219581,-9.121689332455588,12.58748223612746,11.403642492823757,26784537501.26,31962537501.26,22.17263038183775,17.47197488666667,47.40626106417699,51.01816666906667,4.343203745947787,4.343203745947787,20.849665689015005,62.67164215933334,56.5708628340885,60.88102381192381,0.0112751620215877,0.0196008611302436,0.9001135073779796,0.2671961492178099,10.152941176470588,0.9811580882352942,11.444444444444445,1.8770764119601329,0.0036588274109788,0.3245033112582781,0.0965427266797129,0.0,0.5125391095066185,0.0707964601769911,0.0260926288323548,0.5797101449275363,0.0169602087410306,13.21285372202932,0.0249670426661577,0.0298212698726177,-20.35081751829233,-164000000.0,-4469000000.0,-6056000000.0,11440000000.0,671500000.0,184000000.0,7077500000.0,39.09980430528376,18.822857142857146,731.52,2.3018018018018016,4.781420765027322,0.1230314960629921,0.0489703259283282,0.0816441202278414,2023-04-19,0.66,bmo,908670000.0,2025-04-25,2023-03-31,0.0454545454545453,57.78806451612903,2487591.2258064514
2022-12-31,NDAQ,USD,1120193,2023-02-23,2023-02-23 16:16:55,2022,Q4,1582000000.0,928000000.0,654000000.0,0.4134007585,0,133000000.0,20000000.0,153000000.0,96000000.0,249000000.0,1177000000.0,4000000.0,31000000.0,63000000.0,477000000.0,0.301517067,349000000.0,0.2206068268,-27000000.0,322000000.0,0.203539823,82000000.0,241000000.0,0.1523388116,0.49,0.48,491300000,497000000,https://www.sec.gov/Archives/edgar/data/1120193/000112019323000014/0001120193-23-000014-index.htm,https://www.sec.gov/Archives/edgar/data/1120193/000112019323000014/ndaq-20221231.htm,3.2200284958273966,0.4905353144718095,1.0054956238550783,0.9362914716059434,1.3901892937105638,12.546305719519642,-9.191939751679218,12.51984530836556,11.972318339100346,30141255000.0,35490255000.0,31.26686203319502,19.05262642225032,61.014686234817816,65.52446739130434,4.9002202893838405,4.9002202893838405,22.433789506953225,74.4030503144654,71.84262145748988,77.15272826086957,0.0079956856474622,0.0152614746798034,0.9512274426922452,0.2803814452750623,11.21383647798742,0.9738539898132428,11.258064516129032,2.058333333333333,0.0032513576491755,0.4066390041493776,0.084070796460177,0.0,0.5117883841288097,0.068825910931174,0.0214917825537294,0.5396825396825397,0.0189633375474083,11.755087866462077,0.0201023356725258,0.0236552807224185,-20.337370242214533,-231000000.0,-4516000000.0,-6100000000.0,11425000000.0,657500000.0,187000000.0,3516000000.0,38.51453855878635,17.941810344827584,683.0495689655172,2.336779911373708,5.0162162162162165,0.1317620332244782,0.0391806210372297,0.0692041522491349,2023-01-25,0.65,bmo,909528217.0,2025-04-25,2022-12-31,-0.0153846153846153,62.29015873015873,2037187.619047619
2022-09-30,NDAQ,USD,1120193,2022-11-02,2022-11-02 14:30:59,2022,Q3,1557000000.0,975000000.0,582000000.0,0.3737957611,0,97000000.0,10000000.0,107000000.0,6000000.0,170000000.0,1145000000.0,2000000.0,30000000.0,63000000.0,484000000.0,0.3108542068,398000000.0,0.2556197816,-16000000.0,382000000.0,0.2453436095,88000000.0,294000000.0,0.1888246628,0.6,0.59,491228889,496339086,https://www.sec.gov/Archives/edgar/data/1120193/000112019322000020/0001120193-22-000020-index.htm,https://www.sec.gov/Archives/edgar/data/1120193/000112019322000020/ndaq-20220930.htm,3.169601859470444,0.598499002366288,0.4722849270373428,0.3888207804488469,0.8753556837330062,11.978122890895367,-9.45587709520887,11.959801492863749,11.925194407692908,27842853428.52,33369853428.52,23.67589577255102,17.882372144200385,120.01229926086206,145.77410172,4.739209094216171,4.739209094216171,21.43214735293513,68.94597815809918,143.83557512293103,174.71127449486912,0.0105592625682125,0.0068599290834306,0.992,0.2540429798177934,11.419421487603303,0.9573003970004412,13.266666666666667,0.7891156462585034,0.0035556700484797,0.336734693877551,0.0622992935131663,0.0,0.4589599407174927,0.1767241379310344,0.0263326910725754,0.6507936507936508,0.0173410404624277,12.690681951514676,0.0245699956786439,0.0236867547534643,-32.8848737558674,-484000000.0,-4645000000.0,-6206000000.0,11011000000.0,645000000.0,182000000.0,4353500000.0,36.87861271676301,17.446153846153845,-1.015384615384615,2.4404388714733543,5.158730158730159,-88.63636363636364,0.0500425531914893,0.0834641465884959,2022-10-19,0.65,bmo,885886418.0,2025-04-25,2022-09-30,0.0461538461538461,58.8190625,2131140.96875
2022-06-30,NDAQ,USD,1120193,2022-08-03,2022-08-03 15:23:20,2022,Q2,1552000000.0,906000000.0,646000000.0,0.4162371134,0,146000000.0,11000000.0,157000000.0,65000000.0,222000000.0,1128000000.0,,,65000000.0,497000000.0,0.3202319588,412000000.0,0.2654639175,-15000000.0,397000000.0,0.2557989691,90000000.0,307000000.0,0.1978092784,0.62,0.62,492235377,496580127,https://www.sec.gov/Archives/edgar/data/1120193/000112019322000017/0001120193-22-000017-index.htm,https://www.sec.gov/Archives/edgar/data/1120193/000112019322000017/ndaq-20220630.htm,3.1529631402336205,0.6236853634353875,0.7618306556621184,0.6765056222279611,1.249402275285874,11.886589776744144,-10.096795623041942,11.868305841008254,12.567158495802303,25030168920.45,30762168920.45,20.3828737137215,16.127686160083762,66.74711712119999,75.16567243378378,4.284520527293735,4.284520527293735,19.82098512915593,61.89571211358149,82.03245045453333,92.378885646997,0.0122651988876182,0.0133039453732145,1.0588839438548443,0.27376526818906,11.533199195171026,0.939931928985374,,1.2254901960784317,0.0038753234270324,0.3159609120521172,0.0940721649484536,0.0,0.4788900690387679,0.112,0.027061855670103,0.6461538461538462,0.0154639175257731,12.905308769679252,0.0249979989189221,0.026072186836518,-22.91992921914672,-653000000.0,-4970000000.0,-6527000000.0,11144000000.0,636500000.0,180500000.0,7659500000.0,37.80927835051546,17.3841059602649,866.0264900662252,2.380368098159509,5.177142857142857,0.1039229181004817,0.0525504964053406,0.0853250334341572,2022-07-20,0.64,bmo,881225777.0,2025-04-25,2022-06-30,0.0781249999999998,52.91935483870968,2875046.64516129
2022-03-31,NDAQ,USD,1120193,2022-05-04,2022-05-04 15:46:15,2022,Q1,1535000000.0,897000000.0,638000000.0,0.4156351792,0,141000000.0,10000000.0,151000000.0,67000000.0,218000000.0,1115000000.0,,,67000000.0,495000000.0,0.32247557,405000000.0,0.2638436482,-31000000.0,374000000.0,0.2436482085,91000000.0,284000000.0,0.1850162866,0.57,0.57,495144339,501744414,https://www.sec.gov/Archives/edgar/data/1120193/000112019322000013/0001120193-22-000013-index.htm,https://www.sec.gov/Archives/edgar/data/1120193/000112019322000013/ndaq-20220331.htm,3.1001061288514498,0.5735701241653497,1.2218659335212556,1.151179474557216,1.4359449235266326,12.162110168041323,-10.233379644879673,12.143933650022,12.877053210134752,29411573736.6,35301573736.6,25.89046983855634,19.160634356091204,48.61417146545454,51.59925216947368,4.891331072110427,4.891331072110427,22.997767906579803,71.3163105789899,58.34970865553719,61.932585502807015,0.0096560626963863,0.0193801258342965,1.0603692000665226,0.3061998751380684,11.8989898989899,0.9239633939667834,,2.137809187279152,0.0030260196478112,0.3133802816901408,0.0918566775244299,0.0,0.5325361379244105,0.0578512396694214,0.022801302931596,0.5223880597014925,0.01628664495114,12.51884357513604,0.023352679970383,0.0291760838298746,-20.849980878000103,-673000000.0,-5067000000.0,-6623000000.0,11397000000.0,604500000.0,185500000.0,6270500000.0,36.410423452768725,18.662207357859533,662.3076923076924,2.471819645732689,4.82258064516129,0.1358885017421602,0.0472309995010809,0.0706864589640395,2022-04-20,0.65,bmo,892539390.0,2025-04-25,2022-03-31,0.0153846153846153,59.163387096774194,2952227.8870967743
2021-12-31,NDAQ,USD,1120193,2022-02-23,2022-02-23 13:58:10,2021,Q4,1467000000.0,819000000.0,648000000.0,0.4417177914,0,181000000.0,25000000.0,206000000.0,81000000.0,287000000.0,1106000000.0,,,80000000.0,484000000.0,0.329925017,343000000.0,0.2338104976,-30000000.0,314000000.0,0.2140422631,55000000.0,259000000.0,0.1765507839,0.52,0.51,501300000,509100000,https://www.sec.gov/Archives/edgar/data/1120193/000112019322000007/0001120193-22-000007-index.htm,https://www.sec.gov/Archives/edgar/data/1120193/000112019322000007/ndaq-20211231.htm,2.926391382405745,0.516656692599242,0.7660083782166367,0.6662677039696788,1.1988829044484342,12.776780371035308,-9.656892080590463,12.756832236185916,12.399760622381809,35091000000.0,40914000000.0,33.87162162162162,23.920245398773005,91.3828125,105.062874251497,5.4872556684910085,5.4872556684910085,27.88957055214724,84.53305785123968,106.546875,122.49700598802396,0.0073808098942748,0.0095181100567096,0.9720093823299452,0.3090231170768083,12.03099173553719,0.9429623983739838,,1.4826254826254823,0.0025647601949217,0.3474903474903475,0.1233810497614178,0.0,0.5590852597564007,0.1302083333333333,0.0340831629175187,0.6172839506172839,0.016359918200409,12.17765625651349,0.0212354861641976,0.0292028413575374,-19.34570117693996,-449000000.0,-4841000000.0,-6287000000.0,11672000000.0,570000000.0,175500000.0,5085500000.0,36.07361963190184,20.32967032967033,652.7472527472528,2.4948979591836733,4.427027027027027,0.1378787878787878,0.0405003909304143,0.0997406742469579,2022-01-26,0.59,bmo,866449516.0,2025-04-25,2021-12-31,0.0847457627118644,68.11625,2217343.640625
2021-09-30,NDAQ,USD,1120193,2021-11-04,2021-11-04 13:02:29,2021,Q3,1357000000.0,749000000.0,608000000.0,0.4480471629,0,160000000.0,12000000.0,172000000.0,67000000.0,239000000.0,988000000.0,,,67000000.0,436000000.0,0.3212969786,356000000.0,0.2623434046,15000000.0,371000000.0,0.2733971997,83000000.0,288000000.0,0.2122328666,0.56,0.56,503100000,510600000,https://www.sec.gov/Archives/edgar/data/1120193/000112019321000027/0001120193-21-000027-index.htm,https://www.sec.gov/Archives/edgar/data/1120193/000112019321000027/ndaq-20210930.htm,2.697276883323395,0.5724508050089445,0.4611409262572053,0.3975352812562115,0.969986086265156,12.63168356191612,-10.01788908765653,12.61180679785331,12.572053269727688,32369454000.0,38391454000.0,28.098484375,23.85368754605748,139.52350862068965,161.84727,5.1015687943262416,5.1015687943262416,28.291417833456155,88.05379357798165,165.48040517241378,191.95727,0.0088972770439686,0.0061786646138671,0.9968479117415288,0.343806055335109,13.811926605504588,0.9823056300268096,,0.8027681660899654,0.0028112923993095,0.3159722222222222,0.1179071481208548,0.0,0.6193944664891015,0.1379310344827586,0.0235814296241709,0.4848484848484848,0.0169491525423728,12.745268787518336,0.020784882306577,0.0411311053984575,-17.9377857284834,-99000000.0,-5040000000.0,-6546000000.0,12174000000.0,555500000.0,167000000.0,3925000000.0,36.61016949152543,19.94659546061415,508.3978638184246,2.458333333333333,4.5120481927710845,0.177026707634129,0.0453900709219858,0.0636056450009938,2021-10-20,0.57,bmo,830430000.0,2025-04-25,2021-09-30,0.0350877192982456,62.9415625,2033750.9375
2021-06-30,NDAQ,USD,1120193,2021-08-04,2021-08-04 13:19:59,2021,Q2,1412000000.0,797000000.0,615000000.0,0.4355524079,0,129000000.0,9000000.0,138000000.0,68000000.0,206000000.0,1003000000.0,0.0,33000000.0,68000000.0,484000000.0,0.342776204,376000000.0,0.2662889518,78000000.0,454000000.0,0.321529745,113000000.0,341000000.0,0.2415014164,0.69,0.68,492257457,499314471,https://www.sec.gov/Archives/edgar/data/1120193/000112019321000022/0001120193-21-000022-index.htm,https://www.sec.gov/Archives/edgar/data/1120193/000112019321000022/ndaq-20210630.htm,2.8684176946861366,0.6927269361812837,0.1482963822323569,0.0690695478890429,1.2696608067838775,13.551851587288397,-9.866788061678871,13.529505557089,12.454864650227128,28846286980.2,34554286980.2,21.148304237683284,20.429381714022664,395.1546161671233,848.4202053,4.331274321351351,4.331274321351351,24.471874631869685,71.39315491776858,473.34639698904107,1016.3025582411764,0.0118212787744246,0.0011786612267754,0.9156156156156156,0.3390980370349775,11.793388429752063,1.024923391215526,11.393939393939394,0.2140762463343108,0.0030506525869482,0.2580645161290322,0.0913597733711048,0.0,0.6410498804426402,0.5342465753424658,0.0276203966005665,0.5735294117647058,0.0169971671388102,14.521559523127092,0.0209490465778725,0.0528272656855151,-17.182573630367575,122000000.0,-4857000000.0,-6295000000.0,12526000000.0,566500000.0,175500000.0,3697000000.0,35.63031161473088,18.971141781681304,408.6700125470514,2.525939177101968,4.744047619047619,0.2202265819287095,0.0512012012012012,0.0792268343433139,2021-07-21,0.58,bmo,830610000.0,2025-04-25,2021-06-30,0.0862068965517242,55.034126984126985,2196361.0
2021-03-31,NDAQ,USD,1120193,2021-05-05,2021-05-05 14:36:32,2021,Q1,1652000000.0,1040000000.0,612000000.0,0.3704600484,0,119000000.0,10000000.0,129000000.0,1000000.0,192000000.0,1232000000.0,1000000.0,29000000.0,63000000.0,490000000.0,0.2966101695,365000000.0,0.2209443099,30000000.0,395000000.0,0.2391041162,97000000.0,298000000.0,0.1803874092,0.6,0.59,494128827,501276246,https://www.sec.gov/Archives/edgar/data/1120193/000112019321000016/0001120193-21-000016-index.htm,https://www.sec.gov/Archives/edgar/data/1120193/000112019321000016/ndaq-20210331.htm,3.343257688546068,0.6030815927280437,0.7973629111907693,0.7123648343633269,2.00150233291287,12.81851949107191,-10.404169356425747,12.814471963603935,12.80030561746603,24286431847.05,29808431847.05,20.37452336161913,14.70122993162833,61.640689967131976,68.9955450200284,3.835507240532217,3.835507240532217,18.043844943734868,60.83353438173469,75.65591839352791,84.6830450200284,0.0122702256913132,0.0144936894071887,0.9943145925457992,0.3405083829096809,11.26938775510204,1.017638588912887,12.586206896551724,1.3221476510067114,0.0033351955738133,0.2718120805369127,0.0720338983050847,0.0,0.620605732828556,0.1065989847715736,0.0254237288135593,0.6666666666666666,0.011501210653753,13.186503465287162,0.0203975621190811,0.0424803991446899,-17.90828528204852,98000000.0,-5141000000.0,-6502000000.0,12451000000.0,570000000.0,179000000.0,3877000000.0,31.271186440677965,15.836538461538462,326.6826923076923,2.8780487804878048,5.683060109289618,0.2754966887417218,0.0470625394819962,0.0849980768274424,2021-04-21,0.58,bmo,770170000.0,2025-04-25,2021-03-31,0.1206896551724139,47.483442622950825,2870728.655737705
2020-12-31,NDAQ,USD,1120193,2021-02-23,2021-02-23 16:49:38,2020,Q4,1463000000.0,880000000.0,583000000.0,0.3984962406,0,159000000.0,19000000.0,178000000.0,61000000.0,231000000.0,1111000000.0,0.0,24000000.0,53000000.0,412000000.0,0.2816131237,318000000.0,0.2173615858,-51000000.0,267000000.0,0.1825017088,43000000.0,225000000.0,0.1537935748,0.45,0.45,493500000,501900000,https://www.sec.gov/Archives/edgar/data/1120193/000112019321000011/0001120193-21-000011-index.htm,https://www.sec.gov/Archives/edgar/data/1120193/000112019321000011/ndaq-20201231.htm,2.964539007092198,0.4559270516717325,0.8814589665653495,0.7598784194528876,5.957446808510638,13.041540020263424,-5.408308004052685,13.0354609929078,12.06484295845998,21837375000.0,25022375000.0,24.26375,14.926435406698564,50.20086206896552,58.233,3.3945865070729053,3.3945865070729053,17.10346889952153,60.73391990291263,57.52270114942529,66.72633333333333,0.0103034361959713,0.0171723936599522,0.9218094201772112,0.3298292452305467,7.730582524271845,1.5556458164094231,13.25,1.933333333333333,0.0037092370305496,0.36,0.1086807928913192,0.0,0.5064241615217754,0.1379310344827586,0.0410116199589883,1.1320754716981132,0.0157211209842788,11.563841671251057,0.0204355815284513,0.0253549695740365,-12.541033434650457,2736000000.0,-2669000000.0,-3883000000.0,12697000000.0,535000000.0,160000000.0,3695000000.0,34.81886534518113,17.897727272727273,406.9431818181818,2.5848056537102475,5.0285714285714285,0.2211610957527016,0.0349759054873309,0.121580547112462,2021-01-27,0.48,bmo,1310758620.0,2025-04-25,2020-12-31,0.1041666666666667,42.33453125,2346939.75
2020-09-30,NDAQ,USD,1120193,2020-11-04,2020-11-04 16:30:00,2020,Q3,1414000000.0,897000000.0,517000000.0,0.3656294201,0,121000000.0,7000000.0,128000000.0,1000000.0,179000000.0,1076000000.0,0.0,24000000.0,51000000.0,397000000.0,0.2807637907,326000000.0,0.2305516266,31000000.0,357000000.0,0.2524752475,93000000.0,264000000.0,0.1867043847,0.54,0.53,492600000,502500000,https://www.sec.gov/Archives/edgar/data/1120193/000112019320000021/0001120193-20-000021-index.htm,https://www.sec.gov/Archives/edgar/data/1120193/000112019320000021/ndaq-20200930.htm,2.870483150629314,0.535931790499391,-0.0081201786439301,-0.1299228583028826,1.544863987007714,12.208688591149006,-5.692245229395047,12.202598457166058,8.103938286642306,20147340000.0,23531340000.0,19.078920454545457,14.248472418670438,-5036.835,-314.8021875,3.351745133921144,3.351745133921144,16.64168316831683,59.27289672544081,-5882.835,-367.6771875,0.0131034667603763,-0.0031765980025154,0.6601231076360007,0.2675477041332344,8.523929471032746,1.155972122086037,13.583333333333334,-0.0151515151515151,0.0040203818469336,0.3068181818181818,0.0855728429985855,0.0,0.5945654372597937,-15.0,0.0424328147100424,1.1764705882352942,0.0169731258840169,12.130317798706574,0.0225937797799532,0.0439048727756527,-12.12444173771823,649000000.0,-2804000000.0,-4007000000.0,10289000000.0,513500000.0,137000000.0,3269500000.0,32.07920792079208,14.548494983277592,342.2408026755853,2.805555555555556,6.186206896551724,0.2629727352682497,0.0439194809515887,0.1218026796589525,2020-10-21,0.49,bmo,1349307189.0,2025-04-25,2020-09-30,0.0408163265306122,42.64140625,2234858.671875
2020-06-30,NDAQ,USD,1120193,2020-08-05,2020-08-05 13:00:01,2020,Q2,1398000000.0,888000000.0,510000000.0,0.364806867,0,124000000.0,4000000.0,128000000.0,57000000.0,178000000.0,1066000000.0,1000000.0,26000000.0,50000000.0,389000000.0,0.2782546495,315000000.0,0.2253218884,1000000.0,316000000.0,0.226037196,75000000.0,241000000.0,0.1723891273,0.49,0.48,492300000,498300000,https://www.sec.gov/Archives/edgar/data/1120193/000112019320000015/0001120193-20-000015-index.htm,https://www.sec.gov/Archives/edgar/data/1120193/000112019320000015/ndaq-20200630.htm,2.839731870810481,0.4895388990452975,0.8957952468007313,0.8104814137720902,1.862685354458664,11.69408897014016,-5.984156002437538,11.687995124923829,7.944342880357506,19603386000.0,22777386000.0,20.33546265560166,14.022450643776825,44.45212244897959,49.13129323308271,3.4069144942648597,3.4069144942648597,16.292836909871244,58.55369151670951,51.64940136054422,57.08618045112782,0.0122937945516147,0.0203536266642915,0.6751824817518248,0.2668452503606017,8.159383033419022,1.1099082136973406,12.115384615384617,1.829875518672199,0.0040809276519882,0.3319502074688796,0.0886981402002861,0.0,0.5977745724294251,0.0952380952380952,0.0300429184549356,0.84,0.0164520743919885,11.346315964831728,0.0233013910545249,0.0411543715846994,-12.042961608775135,467000000.0,-2946000000.0,-4086000000.0,9971000000.0,545500000.0,156000000.0,3199000000.0,33.66952789699571,13.074324324324325,317.02702702702703,2.673040152963671,6.883720930232558,0.2838874680306905,0.0418839068474104,0.085313833028641,2020-07-22,0.48,bmo,1316298701.0,2025-04-25,2020-06-30,0.0625,37.22904761904762,2498830.698412698
2020-03-31,NDAQ,USD,1120193,2020-05-06,2020-05-06 15:19:39,2020,Q1,1353000000.0,847000000.0,506000000.0,0.3739837398,0,155000000.0,9000000.0,164000000.0,5000000.0,212000000.0,1059000000.0,2000000.0,26000000.0,48000000.0,349000000.0,0.2579453067,275000000.0,0.2032520325,-2000000.0,273000000.0,0.2017738359,70000000.0,203000000.0,0.1500369549,0.41,0.41,494700000,500400000,https://www.sec.gov/Archives/edgar/data/1120193/000112019320000007/0001120193-20-000007-index.htm,https://www.sec.gov/Archives/edgar/data/1120193/000112019320000007/ndaq-20200331.htm,2.734990903577926,0.4103497068930665,0.7681423084697797,0.7155852031534263,2.565191024863554,10.911663634525976,-6.323024054982818,10.907620780270872,8.983222154841318,15657255000.0,19060255000.0,19.282333743842365,11.572250554323723,41.20330263157894,44.229533898305085,2.9016410303928835,2.9016410303928835,14.08740206947524,54.6139111747851,50.15856578947368,53.84252824858757,0.0129652356048362,0.0226093271138523,0.8187546330615271,0.2985538586295445,9.750716332378223,0.9669724770642202,10.576923076923077,1.8719211822660096,0.0049817161437301,0.3842364532019704,0.114560236511456,0.0,0.5761589403973509,0.0684210526315789,0.0192165558019216,0.5416666666666666,0.0125646711012564,10.035368816187557,0.0191916639593786,0.0323660714285714,-12.270062664240957,-180000000.0,-3128000000.0,-4130000000.0,9045000000.0,495000000.0,165500000.0,3148000000.0,37.78270509977827,19.44510035419126,347.46162927981106,2.382042253521127,4.628415300546448,0.2590214067278287,0.0376204595997034,0.0525571053163533,2020-04-22,0.49,bmo,1316920000.0,2025-04-25,2020-03-31,0.0204081632653061,35.406612903225806,3483888.935483871
2019-12-31,NDAQ,USD,1120193,2020-02-25,2020-02-25 12:31:28,2019,Q4,1065000000.0,608000000.0,457000000.0,0.4291079812,0,126000000.0,10000000.0,136000000.0,4000000.0,183000000.0,791000000.0,2000000.0,28000000.0,47000000.0,329000000.0,0.3089201878,260000000.0,0.2441314554,-8000000.0,252000000.0,0.2366197183,50000000.0,203000000.0,0.1906103286,0.41,0.4,493500000,500400000,https://www.sec.gov/Archives/edgar/data/1120193/000112019320000004/0001120193-20-000004-index.htm,https://www.sec.gov/Archives/edgar/data/1120193/000112019320000004/ndaq1231201910-k.htm,2.1580547112462005,0.4113475177304964,0.6869300911854104,0.60790273556231,1.2624113475177303,11.426545086119557,-6.030395136778116,11.426545086119557,7.590678824721378,17617950000.0,21003950000.0,21.69698275862069,16.542676056338028,51.970353982300885,58.7265,3.12430395460188,3.12430395460188,19.72201877934272,63.84179331306991,61.95855457227139,70.01316666666666,0.0115223394322267,0.017028087830877,0.6593367618372051,0.267020970985349,10.291793313069908,1.014904187366927,9.285714285714286,1.6699507389162562,0.0043705425432584,0.3793103448275862,0.1183098591549295,0.0,0.6187158862395863,0.1150442477876106,0.0366197183098591,0.8297872340425532,0.0206572769953051,10.28378925988591,0.0203926319386201,0.0382369561122621,-11.818642350557244,63000000.0,-2976000000.0,-3995000000.0,9408000000.0,410500000.0,147000000.0,2738500000.0,35.66197183098591,21.907894736842103,447.92763157894734,2.523696682464455,4.108108108108108,0.200925313945803,0.0359992906543713,0.0790273556231003,2020-01-29,0.42,bmo,1048488372.0,2025-04-25,2019-12-31,0.0238095238095238,34.0828125,2116209.25
2019-09-30,NDAQ,USD,1120193,2019-11-06,2019-11-06 12:54:56,2019,Q3,1096000000.0,639000000.0,457000000.0,0.4169708029,0,136000000.0,8000000.0,144000000.0,55000000.0,191000000.0,830000000.0,3000000.0,29000000.0,47000000.0,341000000.0,0.3111313869,226000000.0,0.2062043796,-11000000.0,215000000.0,0.1961678832,65000000.0,150000000.0,0.1368613139,0.3,0.3,492900000,501000000,https://www.sec.gov/Archives/edgar/data/1120193/000112019319000015/0001120193-19-000015-index.htm,https://www.sec.gov/Archives/edgar/data/1120193/000112019319000015/ndaq930201910-q.htm,2.223574761614932,0.3043213633597078,0.2049097179955366,0.1541894907689186,1.0245485899776832,10.80746601744776,-6.378575776019477,10.80746601744776,7.778454047474133,16324847999.999998,19825848000.0,27.20808,14.894934306569342,161.6321584158416,214.80063157894733,3.064548150929228,3.064548150929228,18.08927737226277,58.140316715542525,196.29552475247525,260.86642105263155,0.0091884469613438,0.0046554797937475,0.7142857142857143,0.2931432973805855,10.266862170087975,0.9477248104008668,7.793103448275862,0.6733333333333333,0.0047779924198987,0.52,0.1240875912408759,0.0,0.6526194144838212,0.2475247524752475,0.0228102189781021,0.5319148936170213,0.0191605839416058,8.602395761652787,0.015989698672006,0.0332667997338656,-11.408500710083182,-193000000.0,-3144000000.0,-4154000000.0,8985000000.0,407000000.0,147500000.0,2821000000.0,32.76459854014598,20.56338028169014,345.2112676056338,2.7468671679198,4.376712328767123,0.2607099143206854,0.0281584381452975,0.0507202272266179,2019-10-23,0.4,bmo,1044220472.0,2025-04-25,2019-09-30,0.0499999999999999,33.24953125,2142877.53125
2019-06-30,NDAQ,USD,1120193,2019-08-05,2019-08-05 14:03:22,2019,Q2,1061000000.0,607000000.0,454000000.0,0.4278982092,0,135000000.0,10000000.0,145000000.0,56000000.0,193000000.0,800000000.0,3000000.0,31000000.0,48000000.0,317000000.0,0.2987747408,256000000.0,0.2412818096,-17000000.0,239000000.0,0.2252591894,65000000.0,174000000.0,0.16399623,0.35,0.35,496800000,501000000,https://www.sec.gov/Archives/edgar/data/1120193/000112019319000010/0001120193-19-000010-index.htm,https://www.sec.gov/Archives/edgar/data/1120193/000112019319000010/ndaq630201910-q.htm,2.1356682769726247,0.3502415458937198,0.3743961352657005,0.287842190016103,1.191626409017713,11.173510466988729,-6.310386473429952,11.173510466988729,7.775764895330113,16086384000.000002,19585384000.0,23.112620689655177,15.16153063147974,86.48593548387097,112.49219580419582,2.897925418843452,2.897925418843452,18.45936286522149,61.78354574132492,105.2977634408602,136.96072727272727,0.0108166011702816,0.0088895055594843,0.6903260673752477,0.2711576563826776,11.037854889589903,0.9629220922533656,8.258064516129032,1.0689655172413792,0.0047866568397223,0.4425287356321839,0.1272384542884071,0.0,0.6146334559864138,0.2311827956989247,0.0405278039585296,0.8958333333333334,0.0188501413760603,9.383609141897391,0.0182043923654675,0.0319500550863018,-12.24285426731079,-168000000.0,-3135000000.0,-4218000000.0,9273000000.0,431000000.0,183500000.0,3266000000.0,35.20263901979265,22.092257001647447,473.1301482701812,2.5566265060240965,4.073825503355705,0.1902225007834534,0.031345703476851,0.0865539452495974,2019-07-24,0.4,bmo,1043606557.0,2025-04-25,2019-06-30,0.0249999999999998,30.642857142857142,1826409.4444444445
2019-03-31,NDAQ,USD,1120193,2019-05-01,2019-05-01 11:42:09,2019,Q1,1039000000.0,580000000.0,459000000.0,0.4417709336,0,117000000.0,10000000.0,127000000.0,55000000.0,175000000.0,755000000.0,3000000.0,37000000.0,48000000.0,339000000.0,0.3262752647,275000000.0,0.2646775746,38000000.0,313000000.0,0.3012512031,66000000.0,247000000.0,0.2377285852,0.5,0.49,495900000,501000000,https://www.sec.gov/Archives/edgar/data/1120193/000112019319000006/0001120193-19-000006-index.htm,https://www.sec.gov/Archives/edgar/data/1120193/000112019319000006/ndaq331201910-q.htm,2.095180479935471,0.4980842911877394,0.6795724944545272,0.6392417826174632,1.3954426295624118,11.07884654164146,-6.483161927808026,11.07884654164146,7.98749747933051,14614173000.0,18066173000.0,14.791673076923075,14.065614051973052,43.36549851632047,46.10149211356467,2.660024208227157,2.660024208227157,17.388039461020213,53.29254572271386,53.60882195845697,56.99108201892744,0.0169014011261533,0.0216912718906502,0.7142337095012741,0.2705647107495001,10.182890855457227,0.8395674525793299,7.432432432432432,1.3643724696356276,0.0049951509401181,0.2955465587044534,0.1126082771896054,0.0,0.6004964490105495,0.059347181008902,0.0192492781520692,0.4166666666666667,0.0153994225216554,11.142687606883833,0.0213385230631972,0.0426303072143596,-12.726860254083483,-905000000.0,-3215000000.0,-4273000000.0,8552000000.0,415500000.0,208000000.0,4062000000.0,38.71992300288739,33.827586206896555,518.4310344827586,2.324384787472036,2.6605504587155964,0.1736007183478,0.0449581361485256,0.0403307118370639,2019-04-24,0.39,bmo,987901639.0,2025-04-25,2019-03-31,0.0512820512820511,28.48688524590164,2627309.4918032787
2018-12-31,NDAQ,USD,1120193,2019-02-22,2019-02-22 12:32:43,2018,Q4,1136000000.0,670000000.0,466000000.0,0.4102112676,0,149000000.0,11000000.0,160000000.0,59000000.0,211000000.0,881000000.0,2000000.0,37000000.0,51000000.0,314000000.0,0.2764084507,241000000.0,0.2121478873,87000000.0,328000000.0,0.2887323944,372000000.0,-44000000.0,-0.0387323944,-0.0896,-0.0892,491334643,493500000,https://www.sec.gov/Archives/edgar/data/1120193/000112019319000002/0001120193-19-000002-index.htm,https://www.sec.gov/Archives/edgar/data/1120193/000112019319000002/ndaq1231201810-k.htm,2.312069820812533,-0.0895520001018938,0.7326981826518592,0.6533225461979077,1.6546767291554485,11.090201103527724,-6.541366552897431,11.090201103527724,7.872434918048309,13359388943.17,16645388943.17,-75.9056189952841,11.760025478142603,37.10941373102778,41.61803409087227,2.451713882027895,2.451713882027895,14.652631111945423,53.01079281264331,46.23719150880556,51.85479421548287,-0.0032935638139718,0.0240280450973853,0.7030647825289044,0.2440127388535032,10.46496815286624,0.969558599695586,6.513513513513513,-8.181818181818182,0.0053894680592266,-1.6363636363636365,0.1311619718309859,0.0,0.5517834394904458,0.1083333333333333,0.0343309859154929,0.7647058823529411,0.0158450704225352,,-0.0031964868788494,-0.0062526644877078,-13.75539074292386,-200000000.0,-3214000000.0,-3881000000.0,8839000000.0,370000000.0,187000000.0,4527000000.0,30.422535211267608,26.59701492537313,642.4925373134329,2.958333333333333,3.383838383838384,0.1400794480451599,-0.0080748761240594,0.0793756364539514,2019-01-30,0.42,bmo,1145015873.0,2025-04-25,2018-12-31,0.0,28.4984126984127,3131335.8095238097
2018-09-30,NDAQ,USD,1120193,2018-11-06,2018-11-06 16:01:39,2018,Q3,964000000.0,528000000.0,436000000.0,0.4522821577,0,124000000.0,7000000.0,131000000.0,61000000.0,184000000.0,712000000.0,3000000.0,38000000.0,53000000.0,313000000.0,0.3246887967,246000000.0,0.255186722,-37000000.0,209000000.0,0.2168049793,46000000.0,163000000.0,0.1690871369,0.33,0.32,492600000,501900000,https://www.sec.gov/Archives/edgar/data/1120193/000112019318000012/0001120193-18-000012-index.htm,https://www.sec.gov/Archives/edgar/data/1120193/000112019318000012/ndaq930201810-q.htm,1.95696305318717,0.3308972797401542,0.0284206252537555,-0.026390580592773,1.0678034916768169,11.372310190824198,-6.282988225740966,11.372310190824198,7.953714981729598,14305104000.0,17861104000.0,21.94034355828221,14.839319502074687,1021.7931428571428,-1100.3926153846153,2.5535708675473043,2.5535708675473043,18.528116182572617,57.06423003194888,1275.7931428571428,-1373.931076923077,0.0113945344263138,-0.0009087665493379,0.6926097822206355,0.2611915180074049,11.361022364217252,0.9410243145369892,6.473684210526316,0.0858895705521472,0.0051030737001282,0.4478527607361963,0.1286307053941908,0.0,0.5854594412655671,1.9285714285714288,0.0280082987551867,0.5094339622641509,0.0186721991701244,9.201575756160551,0.0194088476813498,0.0264696329977265,-12.839017458384085,-342000000.0,-3095000000.0,-3796000000.0,8726000000.0,380500000.0,175000000.0,4373000000.0,33.23651452282157,30.0,728.0113636363636,2.707865168539326,3.0,0.1236244439241395,0.0290967511602998,0.0548112058465286,2018-10-24,0.38,bmo,955617391.0,2025-04-25,2018-09-30,0.0,30.795079365079363,2297518.206349206
2018-06-30,NDAQ,USD,1120193,2018-08-01,2018-08-01 13:13:21,2018,Q2,1027000000.0,585000000.0,442000000.0,0.4303797468,0,120000000.0,10000000.0,130000000.0,61000000.0,183000000.0,768000000.0,2000000.0,37000000.0,53000000.0,320000000.0,0.311587147,269000000.0,0.2619279455,19000000.0,288000000.0,0.2804284323,126000000.0,162000000.0,0.1577409932,0.33,0.32,497100000,502200000,https://www.sec.gov/Archives/edgar/data/1120193/000112019318000010/0001120193-18-000010-index.htm,https://www.sec.gov/Archives/edgar/data/1120193/000112019318000010/ndaq630201810-q.htm,2.0659826996580164,0.3258901629450815,0.5612552806276403,0.5029169181251257,1.2774089720378194,11.148662240997789,-6.364916515791591,11.148662240997789,7.813317239991953,15121782000.0,18646782000.0,23.33608333333333,14.724227848101268,54.19993548387097,60.487128,2.728578491519307,2.728578491519307,18.156555014605647,58.27119375,66.8343440860215,74.587128,0.0107130231079908,0.0165324430678871,0.6941537351136774,0.2540783303612707,11.015625,0.9301607925937956,7.27027027027027,1.7222222222222223,0.0047613436035514,0.4444444444444444,0.1168451801363193,0.0,0.5749950465623143,0.1039426523297491,0.0282375851996105,0.5471698113207547,0.0175267770204479,9.041453725624825,0.0151661321038388,0.0251748251748251,-12.920438543552605,-430000000.0,-3164000000.0,-3872000000.0,8646000000.0,445500000.0,205500000.0,4396500000.0,35.49172346640701,26.76923076923077,688.4615384615385,2.5358024691358025,3.362068965517241,0.1307262569832402,0.0292313244316131,0.0583383625025145,2018-07-25,0.39,bmo,1018296610.0,2025-04-25,2018-06-30,0.0,30.05859375,2949171.953125
2018-03-31,NDAQ,USD,1120193,2018-05-02,2018-05-02 16:50:15,2018,Q1,1151000000.0,682000000.0,469000000.0,0.4074717637,0,124000000.0,9000000.0,133000000.0,61000000.0,186000000.0,868000000.0,2000000.0,38000000.0,53000000.0,344000000.0,0.2988705474,273000000.0,0.2371850565,-34000000.0,239000000.0,0.2076455256,62000000.0,177000000.0,0.1537793223,0.35,0.35,500700000,507000000,https://www.sec.gov/Archives/edgar/data/1120193/000112019318000007/0001120193-18-000007-index.htm,https://www.sec.gov/Archives/edgar/data/1120193/000112019318000007/ndaq331201810-q.htm,2.298781705612143,0.353505092869982,0.7489514679448772,0.7169962053125624,1.256241262232874,11.433992410625123,-6.502895945676054,11.433992410625123,8.2943878570002,14390118000.0,18100118000.0,20.32502542372881,12.502274543874892,38.373648,40.08389415041783,2.513557729257642,2.513557729257642,15.72555864465682,52.61662209302325,48.26698133333333,50.41815598885794,0.0123001076155178,0.0249476758981406,0.7187772925764192,0.2606079797340088,10.784883720930232,0.9340622929092114,7.184210526315789,2.1186440677966103,0.0043780044055232,0.3559322033898305,0.1077324066029539,0.0,0.568777707409753,0.0426666666666666,0.0139009556907037,0.3018867924528302,0.0130321459600347,9.536478771136434,0.0186478432316907,0.0259950066088999,-13.805672059117237,-398000000.0,-3256000000.0,-4427000000.0,8967000000.0,454500000.0,207000000.0,4312500000.0,38.00173761946134,31.27565982404692,569.824046920821,2.3683127572016462,2.877637130801688,0.1579434923575729,0.0309170305676855,0.0319552626323147,2018-04-25,0.4,bmo,1113870967.0,2025-04-25,2018-03-31,0.0249999999999998,27.001803278688524,3036663.2131147543
2017-12-31,NDAQ,USD,1120193,2018-02-28,2018-02-28 15:28:32,2017,Q4,1024000000.0,570000000.0,454000000.0,0.443359375,0,122000000.0,9000000.0,131000000.0,56000000.0,187000000.0,757000000.0,1000000.0,28000000.0,49000000.0,321000000.0,0.3134765625,243000000.0,0.2373046875,-30000000.0,213000000.0,0.2080078125,-33000000.0,246000000.0,0.240234375,0.48,0.48,500700000,509100000,https://www.sec.gov/Archives/edgar/data/1120193/000112019318000003/0001120193-18-000003-index.htm,https://www.sec.gov/Archives/edgar/data/1120193/000112019318000003/ndaq1231201710-k.htm,2.0451368084681447,0.4913121629718394,0.5991611743559018,0.5152786099460755,1.2222887956860395,11.757539444777311,-6.325144797283802,11.757539444777311,8.458158577990813,12822927000.0,16652927000.0,13.03142987804878,12.5223896484375,42.74309,49.70126744186047,2.17817683030406,2.17817683030406,16.2626240234375,51.878277258566975,55.50975666666667,64.54622868217054,0.019184387464734,0.0201202112435015,0.7146254458977408,0.2665019637653617,11.93146417445483,1.0507411630558725,8.678571428571429,1.2195121951219512,0.0049130748385294,0.2560975609756097,0.119140625,0.0,0.5735461801596351,0.14,0.041015625,0.875,0.017578125,11.400613933311044,0.025504170058519,0.0365418894830659,-13.613441182344715,267000000.0,-3167000000.0,-4370000000.0,9721000000.0,371500000.0,172500000.0,4260500000.0,37.177734375,27.947368421052637,680.0526315789474,2.42080378250591,3.2203389830508478,0.1323426979335964,0.0417869882792593,0.0838825644098262,2018-01-31,0.33,bmo,975238095.0,2025-04-25,2017-12-31,0.0606060606060604,25.232380952380957,3149354.523809524
2017-09-30,NDAQ,USD,1120193,2017-11-07,2017-11-07 12:32:40,2017,Q3,969000000.0,531000000.0,438000000.0,0.4520123839,0,108000000.0,7000000.0,115000000.0,56000000.0,171000000.0,702000000.0,2000000.0,34000000.0,47000000.0,322000000.0,0.3323013416,264000000.0,0.2724458204,-28000000.0,236000000.0,0.2435500516,65000000.0,170000000.0,0.1754385965,0.34,0.34,500100000,510000000,https://www.sec.gov/Archives/edgar/data/1120193/000112019317000014/0001120193-17-000014-index.htm,https://www.sec.gov/Archives/edgar/data/1120193/000112019317000014/ndaq930201710-q.htm,1.9376124775044992,0.3399320135972805,0.1899620075984803,0.1139772045590881,1.4737052589482105,11.46770645870826,-5.018996200759848,11.46770645870826,7.55248950209958,12932586000.0,16145586000.0,19.01850882352941,13.346321981424149,136.13248421052631,226.88747368421053,2.255028073234525,2.255028073234525,16.66211145510836,50.14157142857143,169.95353684210525,283.2558947368421,0.0131450894662521,0.0044074711739786,0.6526591107236268,0.2483412951167728,9.978260869565217,1.1530806690662714,7.764705882352941,0.5555555555555556,0.0049487395637655,0.3764705882352941,0.1114551083591331,0.0,0.5470408704883227,0.4,0.0392156862745098,0.7916666666666666,0.0185758513931888,9.365383725542314,0.0181591167261458,0.0249011278746154,-12.503499300139971,723000000.0,-2510000000.0,-3891000000.0,9347000000.0,356000000.0,158500000.0,3951500000.0,29.72136222910217,28.47457627118644,714.2372881355932,3.028125,3.1607142857142856,0.1260085429520645,0.029642545771578,0.0759848030393921,2017-10-25,0.34,bmo,932433962.0,2025-04-25,2017-09-30,0.0294117647058822,24.84904761904762,2231042.301587302
2017-06-30,NDAQ,USD,1120193,2017-08-02,2017-08-02 11:49:39,2017,Q2,1000000000.0,561000000.0,439000000.0,0.439,0,129000000.0,8000000.0,137000000.0,55000000.0,184000000.0,745000000.0,2000000.0,36000000.0,47000000.0,308000000.0,0.308,244000000.0,0.244,-31000000.0,213000000.0,0.213,66000000.0,146000000.0,0.146,0.3,0.29,496200000,505500000,https://www.sec.gov/Archives/edgar/data/1120193/000112019317000011/0001120193-17-000011-index.htm,https://www.sec.gov/Archives/edgar/data/1120193/000112019317000011/ndaq630201710-q.htm,2.015316404675534,0.294236195082628,0.5441354292623942,0.4877065699314792,1.3220475614671503,11.237404272470778,-5.568319226118501,11.237404272470778,7.230955259975816,11824446000.0,15020446000.0,20.247339041095888,11.824446,43.79424444444444,48.861347107438014,2.120596484935437,2.120596484935437,15.020446,48.76768181818182,55.63128148148148,62.06795867768595,0.0123473015141681,0.0204660751125253,0.6370157819225251,0.2422919508867667,10.376623376623376,0.986765590535392,6.777777777777778,1.8243243243243243,0.0053279451739218,0.4315068493150685,0.129,0.0,0.5688267394270122,0.1037037037037037,0.028,0.5957446808510638,0.019,8.625262268712996,0.0162920245933807,0.0230976111374782,-12.675332527206772,-66000000.0,-2763000000.0,-4163000000.0,8657000000.0,429500000.0,168000000.0,3700000000.0,35.279999999999994,23.903743315508024,591.8181818181819,2.5510204081632653,3.765100671140939,0.152073732718894,0.026183644189383,0.0564288593309149,2017-07-26,0.32,bmo,941176470.0,2025-04-25,2017-06-30,0.0625,22.98809523809524,2556737.365079365
2017-03-31,NDAQ,USD,1120193,2017-05-10,2017-05-10 13:23:28,2017,Q1,971000000.0,549000000.0,422000000.0,0.4346035015,0,116000000.0,7000000.0,123000000.0,53000000.0,168000000.0,717000000.0,2000000.0,37000000.0,45000000.0,305000000.0,0.3141091658,248000000.0,0.2554067971,-31000000.0,217000000.0,0.2234809475,48000000.0,168000000.0,0.1730175077,0.34,0.33,499500000,510600000,https://www.sec.gov/Archives/edgar/data/1120193/000112019317000006/0001120193-17-000006-index.htm,https://www.sec.gov/Archives/edgar/data/1120193/000112019317000006/ndaq331201710-q.htm,1.943943943943944,0.3363363363363363,0.4884884884884884,0.4164164164164164,1.2132132132132132,10.714714714714717,-5.605605605605605,10.714714714714717,7.323323323323323,11563425000.0,14798425000.0,17.207477678571426,11.908779608650876,47.39108606557377,55.59338942307692,2.1605801569506724,2.1605801569506724,15.2403964984552,48.5194262295082,60.64928278688525,71.14627403846154,0.0145285674443341,0.0179877501691756,0.6765695067264574,0.2498964803312629,10.60655737704918,1.0124846500204667,6.702702702702703,1.4437869822485208,0.0045834171104149,0.3154761904761904,0.1194644696189495,0.0,0.5625948930296757,0.1475409836065573,0.0370751802265705,0.8,0.015447991761071,9.004683646348386,0.0191914603679309,0.0265067844745976,-12.665165165165163,61000000.0,-2800000000.0,-4191000000.0,8589000000.0,448000000.0,181000000.0,3513500000.0,43.28527291452112,30.65573770491803,608.360655737705,2.0792291220556747,2.935828877005348,0.1479385610347615,0.0313901345291479,0.072072072072072,2017-04-26,0.35,bmo,935690909.0,2025-04-25,2017-03-31,0.0571428571428572,23.21435483870968,2609906.14516129
2016-12-31,NDAQ,USD,1120193,2017-03-01,2017-03-01 12:03:02,2016,Q4,973000000.0,554000000.0,419000000.0,0.430626927,0,134000000.0,7000000.0,141000000.0,59000000.0,186000000.0,740000000.0,1000000.0,37000000.0,45000000.0,292000000.0,0.3001027749,213000000.0,0.2189105858,-617000000.0,-404000000.0,-0.4152106886,-180000000.0,-224000000.0,-0.2302158273,-0.45,-0.45,497400000,497400000,https://www.sec.gov/Archives/edgar/data/1120193/000112019317000003/0001120193-17-000003-index.htm,https://www.sec.gov/Archives/edgar/data/1120193/000112019317000003/ndaq1231201610-k.htm,1.956172094893446,-0.4503417772416566,0.5408122235625251,0.4422999597909127,1.3027744270205066,10.9167671893848,-5.410132689987937,10.9167671893848,7.31805388017692,11126838000.0,14326838000.0,-12.418345982142856,11.435599177800617,41.36371003717473,50.576536363636365,2.0491414364640885,2.0491414364640885,14.724396711202466,49.06451369863014,53.25962081784387,65.12199090909091,-0.0201315054645353,0.0197720142955258,0.6635359116022099,0.2546289752650176,10.95890410958904,1.1170994610485057,5.756756756756757,-1.1955555555555557,0.0047632579893766,-0.2366071428571428,0.1377183967112024,0.0,0.573922261484099,0.1821561338289963,0.0503597122302158,1.0888888888888888,0.0318602261048304,,0.0117301360648579,-0.0371537568419306,-12.248190591073582,478000000.0,-2691000000.0,-4160000000.0,8961000000.0,389000000.0,167000000.0,3329000000.0,39.681397738951695,28.42960288808664,538.7003610108303,2.268065268065268,3.165714285714286,0.1670687575392038,-0.0412523020257826,0.0985122637716123,2017-01-31,0.31,bmo,973000000.0,2025-04-25,2016-12-31,0.032258064516129,22.057460317460315,2499806.6825396824
2016-09-30,NDAQ,USD,1120193,2016-11-08,2016-11-08 15:51:04,2016,Q3,929000000.0,512000000.0,417000000.0,0.4488697524,0,118000000.0,8000000.0,126000000.0,54000000.0,172000000.0,684000000.0,1000000.0,37000000.0,46000000.0,299000000.0,0.3218514532,233000000.0,0.2508073197,-34000000.0,199000000.0,0.2142088267,68000000.0,131000000.0,0.1410118407,0.26,0.26,496800000,508500000,https://www.sec.gov/Archives/edgar/data/1120193/000112019316000027/0001120193-16-000027-index.htm,https://www.sec.gov/Archives/edgar/data/1120193/000112019316000027/ndaq-20160930x10q.htm,1.8699677938808377,0.2636876006441224,0.1227858293075684,0.0543478260869565,0.9963768115942028,11.582125603864734,-6.42512077294686,11.582125603864734,7.540257648953301,11182968000.0,14634968000.0,21.341541984732824,12.037640473627556,183.3273442622951,414.184,1.9435119916579773,1.9435119916579773,15.75346393972013,48.94638127090301,239.9175081967213,542.0358518518518,0.0117142425874776,0.0024143858768083,0.6445950643030935,0.250472717450027,11.54515050167224,1.072027627035027,6.297297297297297,0.465648854961832,0.0047393500544756,0.4045801526717557,0.1270182992465016,0.0,0.6041329011345219,0.5573770491803278,0.0365984930032292,0.7391304347826086,0.0215285252960172,8.289536506581285,0.014200713780922,0.0223473217331968,-13.33786231884058,292000000.0,-3192000000.0,-4708000000.0,9580000000.0,374000000.0,165500000.0,3387500000.0,33.81054897739505,27.94921875,587.4609375,2.66189111747851,3.220125786163522,0.1532016756433273,0.0227667709419534,0.0684380032206119,2016-10-26,0.3,bmo,918791208.0,2025-04-25,2016-09-30,0.0,23.09765625,2176369.015625
2016-06-30,NDAQ,USD,1120193,2016-08-03,2016-08-03 10:55:04,2016,Q2,897000000.0,502000000.0,395000000.0,0.4403567447,0,104000000.0,8000000.0,112000000.0,47000000.0,153000000.0,655000000.0,1000000.0,32000000.0,41000000.0,289000000.0,0.3221850613,174000000.0,0.1939799331,-28000000.0,146000000.0,0.1627647715,76000000.0,70000000.0,0.0780379041,0.14,0.14,495000000,504600000,https://www.sec.gov/Archives/edgar/data/1120193/000112019316000024/0001120193-16-000024-index.htm,https://www.sec.gov/Archives/edgar/data/1120193/000112019316000024/ndaq-20160630x10q.htm,1.812121212121212,0.1414141414141414,0.2848484848484848,0.2282828282828282,1.21010101010101,11.54949494949495,-6.646464646464646,11.54949494949495,7.602020202020202,10672200000.0,14059200000.0,38.115,11.897658862876254,75.68936170212766,94.44424778761062,1.866748294560084,1.866748294560084,15.673578595317723,48.647750865051904,99.71063829787234,124.41769911504424,0.0065590974681883,0.010588257341504,0.6526150078712611,0.2471024571163653,11.719723183391004,1.0668523676880224,5.4375,2.0142857142857142,0.0049661737973426,0.7571428571428571,0.1159420289855072,0.0,0.596529571494801,0.1985815602836879,0.0312151616499442,0.6829268292682927,0.0211817168338907,6.062045283658008,0.0077309477837314,0.0114904793171372,-13.671212121212122,288000000.0,-3290000000.0,-4786000000.0,9627000000.0,366000000.0,173500000.0,3534000000.0,40.03344481605352,30.83665338645418,615.4780876494024,2.2481203007518795,2.9186046511627906,0.1462277891057384,0.012244184012594,0.0565656565656565,2016-07-27,0.29,bmo,867428571.0,2025-04-25,2016-06-30,0.0344827586206896,21.37890625,2681073.09375
2016-03-31,NDAQ,USD,1120193,2016-05-05,2016-05-05 12:35:52,2016,Q1,905000000.0,523000000.0,382000000.0,0.4220994475,0,101000000.0,6000000.0,107000000.0,45000000.0,145000000.0,668000000.0,1000000.0,28000000.0,38000000.0,282000000.0,0.3116022099,219000000.0,0.2419889503,-24000000.0,195000000.0,0.2154696133,63000000.0,132000000.0,0.1458563536,0.27,0.26,492900000,505200000,https://www.sec.gov/Archives/edgar/data/1120193/000112019316000022/0001120193-16-000022-index.htm,https://www.sec.gov/Archives/edgar/data/1120193/000112019316000022/ndaq-20160331x10q.htm,1.8360722256035704,0.2678027997565429,0.5092310813552444,0.4625684723067559,1.1969973625481842,11.558125380401703,-4.1610874416717385,11.558125380401703,5.260701967944817,10907877000.0,13141877000.0,20.658857954545457,12.05290276243094,43.457677290836656,47.84156578947368,1.9146703528172724,1.9146703528172724,14.521411049723756,46.60240070921986,52.35807569721115,57.63981140350877,0.0121013465773403,0.0209023259063152,0.4502369668246445,0.1869942407231902,7.921985815602837,1.0661548882366223,7.821428571428571,1.901515151515152,0.0037587515884163,0.3106060606060606,0.1116022099447513,0.0,0.5648465407888023,0.0916334661354581,0.0254143646408839,0.6052631578947368,0.0176795580110497,8.345310813756221,0.0159610415424368,0.0221142569944714,-10.879995942381822,293000000.0,-2051000000.0,-3298000000.0,8367000000.0,324500000.0,166500000.0,2971500000.0,33.11602209944751,30.11472275334608,625.5258126195029,2.7177177177177176,2.9885714285714284,0.143878954607978,0.0231700895208004,0.0466626090484885,2016-04-27,0.3,bmo,885109890.0,2025-04-25,2016-03-31,0.0,20.588688524590165,4374263.491803279
2015-12-31,NDAQ,USD,1120193,2016-02-26,2016-02-26 11:07:40,2015,Q4,865000000.0,478000000.0,387000000.0,0.4473988439,0,81000000.0,9000000.0,90000000.0,43000000.0,125000000.0,603000000.0,1000000.0,28000000.0,35000000.0,272000000.0,0.3144508671,246000000.0,0.2843930636,-26000000.0,219000000.0,0.2531791908,71000000.0,148000000.0,0.1710982659,0.3,0.29,493800000,506700000,https://www.sec.gov/Archives/edgar/data/1120193/000112019316000020/0001120193-16-000020-index.htm,https://www.sec.gov/Archives/edgar/data/1120193/000112019316000020/ndaq-20151231x10k.htm,1.751721344673957,0.2997164844066424,0.4313487241798299,0.3462940461725395,1.016605913325233,11.35884973673552,-3.533819360064804,11.35884973673552,4.844066423653301,9574782000.0,11637782000.0,16.173618243243244,11.069112138728324,44.952028169014085,55.992877192982455,1.70703904439294,1.70703904439294,13.45408323699422,42.78596323529412,54.63747417840376,68.05720467836257,0.0154572709853864,0.0178594144493315,0.4214655018719914,0.1993086586291206,7.584558823529412,1.1154891304347827,8.785714285714286,1.4391891891891893,0.0042820818270327,0.277027027027027,0.0936416184971098,0.0,0.62001517578619,0.1971830985915492,0.0485549132947976,1.1666666666666667,0.0219653179190751,8.75212982507389,0.0186437787756494,0.0328378078544486,-8.827460510328068,340000000.0,-1745000000.0,-2968000000.0,8017000000.0,297000000.0,165500000.0,2275000000.0,32.878612716763,29.7489539748954,434.5606694560669,2.7373417721518987,3.0253164556962027,0.207105719237435,0.0263861650918167,0.0850546780072904,2016-01-28,0.29,bmo,865000000.0,2025-04-25,2015-12-31,0.0344827586206896,19.04015625,3293552.75
2015-09-30,NDAQ,USD,1120193,2015-11-04,2015-11-04 16:14:17,2015,Q3,871000000.0,492000000.0,379000000.0,0.4351320321,0,96000000.0,6000000.0,102000000.0,41000000.0,136000000.0,628000000.0,1000000.0,28000000.0,34000000.0,285000000.0,0.3272101033,231000000.0,0.2652123995,-25000000.0,206000000.0,0.2365097589,68000000.0,138000000.0,0.1584385763,0.28,0.27,500700000,514500000,https://www.sec.gov/Archives/edgar/data/1120193/000112019315000018/0001120193-15-000018-index.htm,https://www.sec.gov/Archives/edgar/data/1120193/000112019315000018/ndaq-20150930x10q.htm,1.7395646095466346,0.2756141402037148,0.1318154583582984,0.0679049330936688,0.9646494907130018,11.076492909926104,-3.706810465348512,11.076492909926104,4.919113241461953,8902446000.0,11047446000.0,16.127619565217394,10.220948335246844,134.88554545454545,261.8366470588236,1.6052012261089073,1.6052012261089073,12.683634902411022,38.76296842105263,167.38554545454545,324.92488235294115,0.0155013577167443,0.0038191750896326,0.4390551749008294,0.2068819031435854,7.526315789473684,1.1079943899018232,8.25,0.4782608695652174,0.0044931471642737,0.2898550724637681,0.1102181400688863,0.0,0.6288870008496177,0.4848484848484848,0.0367393800229621,0.9142857142857144,0.0195177956371986,8.287874068266305,0.0172651537225855,0.0315934065934065,-8.810665068903536,308000000.0,-1856000000.0,-3064000000.0,8015000000.0,300500000.0,180500000.0,2312500000.0,28.7256027554535,31.646341463414632,410.1219512195122,3.133093525179856,2.8439306358381504,0.2194469223907225,0.0248827984132708,0.0639105252646295,2015-10-22,0.29,bmo,851204545.0,2025-04-25,2015-09-30,0.0,17.144375,3721655.46875
2015-06-30,NDAQ,USD,1120193,2015-08-06,2015-08-06 11:29:38,2015,Q2,807000000.0,433000000.0,374000000.0,0.4634448575,0,112000000.0,6000000.0,118000000.0,41000000.0,152000000.0,585000000.0,1000000.0,27000000.0,34000000.0,253000000.0,0.3135068154,217000000.0,0.2688971499,-25000000.0,192000000.0,0.2379182156,60000000.0,133000000.0,0.1648079306,0.26,0.26,506100000,516300000,https://www.sec.gov/Archives/edgar/data/1120193/000112019315000007/0001120193-15-000007-index.htm,https://www.sec.gov/Archives/edgar/data/1120193/000112019315000007/ndaq-20150630x10q.htm,1.5945465323058683,0.2627939142461964,0.3457814661134163,0.2766251728907331,1.161825726141079,11.294210630310216,-3.4815253902390837,11.294210630310216,4.560363564512942,8234247000.0,10191247000.0,15.47790789473684,10.203527881040891,47.05284,58.81605,1.440561056682995,1.440561056682995,12.628558859975216,40.281608695652174,58.23569714285714,72.79462142857143,0.0161520537336322,0.017002161824876,0.3990552834149755,0.1884500991407799,7.735177865612648,1.0953591862682772,8.037037037037036,1.3257575757575757,0.0052220925604976,0.3233082706766917,0.1387856257744733,0.0,0.6178122934567085,0.2,0.0433705080545229,1.0606060606060606,0.0223048327137546,8.171971668260666,0.0166541080598347,0.0287505404236921,-8.627247579529737,300000000.0,-1762000000.0,-2942000000.0,8073000000.0,333500000.0,197500000.0,2530000000.0,36.02230483271376,39.07621247113164,495.31177829099306,2.498452012383901,2.3031914893617023,0.1817037347880822,0.0232680195941217,0.0691562932226832,2015-07-23,0.27,bmo,777831325.0,2025-04-25,2015-06-30,0.037037037037037,16.779682539682543,2751413.5555555555
2015-03-31,NDAQ,USD,1120193,2015-05-06,2015-05-06 12:05:30,2015,Q1,858000000.0,498000000.0,360000000.0,0.4195804196,0,142000000.0,7000000.0,149000000.0,41000000.0,183000000.0,681000000.0,1000000.0,28000000.0,34000000.0,261000000.0,0.3041958042,27000000.0,0.0314685315,-13000000.0,14000000.0,0.0163170163,5000000.0,9000000.0,0.0104895105,0.0167,0.0167,507000000,518100000,https://www.sec.gov/Archives/edgar/data/1120193/000112019315000005/0001120193-15-000005-index.htm,https://www.sec.gov/Archives/edgar/data/1120193/000112019315000005/ndaq-20150331x10q.htm,1.6923076923076923,0.0177514792899408,0.4556213017751479,0.408284023668639,1.029585798816568,10.93688362919132,-3.5502958579881656,10.934911242603553,4.603550295857988,8608860000.0,10586860000.0,239.135,10.033636363636363,37.26779220779221,41.58869565217391,1.5528246753246753,1.5528246753246753,12.338997668997669,40.56268199233716,45.83056277056277,51.14425120772947,0.0010454345871578,0.0240449955046312,0.4159451659451659,0.188367913739585,7.578544061302682,1.072093023255814,0.9642857142857144,25.666666666666668,0.0029039849643274,2.7777777777777777,0.1655011655011655,0.0,0.599983662800196,0.1038961038961039,0.0279720279720279,0.7058823529411765,0.0163170163170163,2.0898550512797307,0.0019719544259421,0.0018378599142332,-9.030571992110454,248000000.0,-1800000000.0,-3009000000.0,7874000000.0,366500000.0,198000000.0,2468000000.0,36.08391608391608,37.40963855421687,483.7951807228916,2.494186046511628,2.4057971014492754,0.1860291370937616,0.0016233766233766,0.0473372781065088,2015-04-23,0.26,bmo,836550000.0,2025-04-25,2015-03-31,0.0384615384615384,16.275081967213115,3016325.655737705
2014-12-31,NDAQ,USD,1120193,2015-02-17,2015-02-17 15:34:58,2014,Q4,919000000.0,551000000.0,368000000.0,0.4004352557,0,119000000.0,8000000.0,127000000.0,39000000.0,160000000.0,711000000.0,2000000.0,28000000.0,33000000.0,249000000.0,0.2709466812,173000000.0,0.1882480958,-76000000.0,98000000.0,0.1066376496,11000000.0,86000000.0,0.0935799782,0.17,0.17,504600000,517500000,https://www.sec.gov/Archives/edgar/data/1120193/000112019315000003/0001120193-15-000003-index.htm,https://www.sec.gov/Archives/edgar/data/1120193/000112019315000003/ndaq-20141231x10k.htm,1.821244550138724,0.170432025366627,0.5548949663099485,0.4617518826793499,1.191042409829568,11.48236226714229,-3.6087990487514863,11.48038049940547,4.639318271898533,8068554000.0,9954554000.0,23.455098837209302,8.779710554951034,28.816264285714286,34.62898712446352,1.392810978767478,1.392810978767478,10.83194124047878,39.97812851405622,35.55197857142857,42.72340772532189,0.0106586632499454,0.028877541130666,0.3992749870533402,0.1913626209977662,7.57429718875502,1.140939597315436,6.178571428571429,3.255813953488372,0.0030984486191701,0.2906976744186046,0.1294885745375408,0.0,0.6300157193679159,0.1678571428571428,0.0511425462459194,1.4242424242424243,0.0184983677910772,6.6350622650505,0.0168641300815923,0.0192307692307692,-8.46363456202933,420000000.0,-1821000000.0,-2893000000.0,8327000000.0,379500000.0,185500000.0,2414500000.0,38.09575625680087,30.87114337568058,368.983666061706,2.362467866323908,2.915343915343916,0.2439132359451084,0.0148455031935094,0.0931430836305984,2015-01-29,0.25,bmo,907733333.0,2025-04-25,2014-12-31,0.0,14.70421875,2824918.203125
2014-09-30,NDAQ,USD,1120193,2014-11-05,2014-11-05 16:09:50,2014,Q3,818000000.0,457000000.0,361000000.0,0.4413202934,0,110000000.0,5000000.0,115000000.0,41000000.0,149000000.0,606000000.0,1000000.0,29000000.0,34000000.0,254000000.0,0.3105134474,207000000.0,0.2530562347,-28000000.0,179000000.0,0.2188264059,56000000.0,123000000.0,0.1503667482,0.24,0.24,505800000,519600000,https://www.sec.gov/Archives/edgar/data/1120193/000112019314000008/0001120193-14-000008-index.htm,https://www.sec.gov/Archives/edgar/data/1120193/000112019314000008/ndaq-20140930x10q.htm,1.6172400158165283,0.2431791221826809,0.0474495848161328,-0.0059311981020166,0.8995650454725188,12.095689996045868,-3.7504942665085017,12.093712930011865,4.693554764729142,7152012000.0,9211012000.0,14.536609756097562,8.743290953545232,298.0005,-2384.004,1.16920255026974,1.16920255026974,11.26040586797066,36.26382677165354,383.7921666666667,-3070.3373333333334,0.0171979577215474,-0.0004194623834523,0.383357855157757,0.184762054837693,8.106299212598426,1.1136505948653723,7.137931034482759,0.1967213114754098,0.0036353406565872,0.2113821138211382,0.1344743276283618,0.0,0.6315001575795777,1.125,0.0330073349633251,0.7714285714285715,0.0183374083129584,8.134563056527162,0.0149758079031045,0.0262989095574085,-9.008501383946223,363000000.0,-1897000000.0,-3017000000.0,8666000000.0,382500000.0,185000000.0,2605000000.0,40.70904645476773,35.84245076586433,506.1269146608315,2.210810810810811,2.510989010989011,0.1778210116731517,0.0201078960274644,0.0533807829181494,2014-10-24,0.23,bmo,795277777.0,2025-04-25,2014-09-30,0.0434782608695651,14.03234375,3217130.4375
2014-06-30,NDAQ,USD,1120193,2014-08-06,2014-08-06 11:20:32,2014,Q2,865000000.0,487000000.0,378000000.0,0.4369942197,0,129000000.0,9000000.0,138000000.0,42000000.0,173000000.0,660000000.0,1000000.0,30000000.0,35000000.0,227000000.0,0.2624277457,191000000.0,0.2208092486,-29000000.0,162000000.0,0.187283237,61000000.0,101000000.0,0.1167630058,0.2,0.2,507900000,517500000,https://www.sec.gov/Archives/edgar/data/1120193/000112019314000006/0001120193-14-000006-index.htm,https://www.sec.gov/Archives/edgar/data/1120193/000112019314000006/ndaq-20140630x10q.htm,1.703091159677102,0.198858042921835,0.3937783028155148,0.3248670998227997,1.017916912778106,12.220909627879504,-4.280370151604647,12.216971844851347,4.800157511321126,6536673000.0,8630673000.0,16.179883663366336,7.556847398843931,32.683365,39.6162,1.0534525382755842,1.0534525382755842,9.977656647398844,38.0205859030837,43.153365,52.30710909090909,0.0154512853863119,0.0252421988984304,0.3880741337630943,0.1835925587069228,9.224669603524228,1.0858644859813085,6.366666666666666,1.96078431372549,0.0038245755906712,0.2475247524752475,0.1491329479768786,0.0,0.6389905458981396,0.175,0.0404624277456647,1.0294117647058822,0.0184971098265895,7.39340719889766,0.0122864472671873,0.0213305174234424,-9.402933648355976,294000000.0,-2174000000.0,-3191000000.0,8955000000.0,414500000.0,207500000.0,2497000000.0,41.09826589595375,34.743326488706366,487.88501026694047,2.189873417721519,2.5904255319148937,0.1844696969696969,0.0162771958098307,0.0689112029927151,2014-07-24,0.23,bmo,840285714.0,2025-04-25,2014-06-30,0.0,12.22,5364419.714285715
2014-03-31,NDAQ,USD,1120193,2014-05-09,2014-05-09 10:20:30,2014,Q1,898000000.0,527000000.0,371000000.0,0.4131403118,0,116000000.0,8000000.0,124000000.0,42000000.0,159000000.0,686000000.0,2000000.0,30000000.0,35000000.0,254000000.0,0.2828507795,184000000.0,0.2048997773,-28000000.0,156000000.0,0.1737193764,53000000.0,103000000.0,0.1146993318,0.2,0.2,508800000,521100000,https://www.sec.gov/Archives/edgar/data/1120193/000112019314000004/0001120193-14-000004-index.htm,https://www.sec.gov/Archives/edgar/data/1120193/000112019314000004/ndaq-20140331x10q.htm,1.764937106918239,0.202437106918239,0.3596698113207547,0.2987421383647798,1.1419025157232705,12.264150943396226,-4.51061320754717,12.262185534591197,5.0,6263328000.0,8393328000.0,15.202252427184469,6.974752783964365,34.22583606557377,41.206105263157895,1.0038993428434044,1.0038993428434044,9.346690423162585,33.04459842519685,45.86518032786885,55.21926315789474,0.0164449315124483,0.0242682484455548,0.4029491905754127,0.193712436430883,8.385826771653543,0.9835103409726104,6.133333333333334,1.7766990291262137,0.0035125096434355,0.2135922330097087,0.1291759465478842,0.0,0.6576514100785945,0.1693989071038251,0.0345211581291759,0.8857142857142857,0.0155902004454342,7.473434999559421,0.0122664761194648,0.0231825343236551,-9.147995283018869,-59000000.0,-2295000000.0,-3219000000.0,8742000000.0,413500000.0,227500000.0,2205500000.0,43.496659242761694,38.76660341555977,402.011385199241,2.069124423963133,2.3215859030837005,0.2238742565845369,0.0165090559384516,0.0609276729559748,2014-04-24,0.24,bmo,885527777.0,2025-04-25,2014-03-31,0.0,12.921147540983608,4254591.75409836
2013-12-31,NDAQ,USD,1120193,2014-02-24,2014-02-24 10:57:50,2013,Q4,849000000.0,475000000.0,374000000.0,0.4405182568,0,123000000.0,8000000.0,131000000.0,41000000.0,165000000.0,640000000.0,2000000.0,30000000.0,34000000.0,245000000.0,0.2885747939,238000000.0,0.2803297998,-3000000.0,235000000.0,0.2767962309,94000000.0,141000000.0,0.1660777385,0.28,0.27,504900000,519300000,https://www.sec.gov/Archives/edgar/data/1120193/000112019314000002/0001120193-14-000002-index.htm,https://www.sec.gov/Archives/edgar/data/1120193/000112019314000002/ndaq-20131231x10k.htm,1.6815210932857991,0.279263220439691,0.469399881164587,0.4000792236086353,1.1626064567241037,12.24796989502872,-4.729649435531789,12.24796989502872,5.276292335115865,6700023000.0,8909023000.0,11.879473404255318,7.891664310954064,28.270139240506328,33.168430693069304,1.0834448576972833,1.0834448576972833,10.493548881036514,36.36335918367347,37.59081434599156,44.104074257425744,0.0210447038763896,0.0301491502342603,0.4259379042690815,0.209429911743659,9.016326530612243,1.1296428571428572,7.933333333333334,1.680851063829787,0.0032835708175927,0.1560283687943262,0.1448763250883392,0.0,0.6815615806631152,0.1476793248945147,0.0412249705535924,1.0294117647058822,0.0176678445229682,8.772637523944402,0.0144184168012924,0.0352059925093632,-8.878490790255496,363000000.0,-2388000000.0,-3230000000.0,9203000000.0,382500000.0,241500000.0,2063000000.0,41.66077738515901,43.2,389.7473684210526,2.1603053435114505,2.083333333333333,0.2309188138065143,0.0228007761966364,0.0693206575559516,2014-02-05,0.22,bmo,824391304.0,2025-04-25,2013-12-31,0.0454545454545455,12.22890625,3483077.03125
2013-09-30,NDAQ,USD,1120193,2013-11-07,2013-11-07 11:19:28,2013,Q3,805000000.0,449000000.0,356000000.0,0.4422360248,0,114000000.0,7000000.0,121000000.0,41000000.0,154000000.0,603000000.0,2000000.0,32000000.0,33000000.0,243000000.0,0.301863354,202000000.0,0.250931677,-31000000.0,171000000.0,0.2124223602,58000000.0,113000000.0,0.1403726708,0.23,0.22,501900000,516300000,https://www.sec.gov/Archives/edgar/data/1120193/000112019313000013/0001120193-13-000013-index.htm,https://www.sec.gov/Archives/edgar/data/1120193/000112019313000013/ndaq-20130930x10q.htm,1.603905160390516,0.2251444510858737,0.1633791591950587,0.093644152221558,0.9762900976290098,12.066148635186291,-5.068738792588165,12.06415620641562,5.479179119346483,5370330000.0,7788330000.0,11.8812610619469,6.671217391304348,65.49182926829268,114.26234042553192,0.8869248554913294,0.8869248554913294,9.674944099378882,32.05074074074074,94.97963414634148,165.7091489361702,0.021041537484661,0.0087517899272484,0.4488852188274153,0.217683805862566,9.950617283950615,1.1348356113779092,6.3125,0.7256637168141593,0.0040965825191375,0.1946902654867256,0.1416149068322981,0.0,0.6887714239948742,0.4268292682926829,0.0434782608695652,1.0606060606060606,0.017391304347826,7.81754444217766,0.0135614528209853,0.0290787442099845,-9.217971707511456,365000000.0,-2544000000.0,-3358000000.0,9214000000.0,367000000.0,253500000.0,1807000000.0,41.590062111801245,51.11358574610245,414.7216035634744,2.163978494623656,1.7607843137254902,0.2170130497825036,0.0186622625928984,0.0697350069735007,2013-10-23,0.21,bmo,756212121.0,2025-04-25,2013-09-30,0.0476190476190476,10.69140625,3679687.21875
2013-06-30,NDAQ,USD,1120193,2013-08-08,2013-08-08 13:10:23,2013,Q2,814000000.0,489000000.0,325000000.0,0.3992628993,0,105000000.0,8000000.0,113000000.0,36000000.0,141000000.0,630000000.0,2000000.0,26000000.0,28000000.0,189000000.0,0.2321867322,159000000.0,0.1953316953,-24000000.0,135000000.0,0.1658476658,47000000.0,88000000.0,0.1081081081,0.18,0.17,499200000,510300000,https://www.sec.gov/Archives/edgar/data/1120193/000112019313000011/0001120193-13-000011-index.htm,https://www.sec.gov/Archives/edgar/data/1120193/000112019313000011/ndaq-20130630x10q.htm,1.6306089743589745,0.1762820512820513,0.2123397435897435,0.1622596153846154,1.0997596153846154,11.744791666666666,-5.144230769230769,11.742788461538462,5.631009615384615,5511168000.0,7917168000.0,15.65672727272727,6.7704766584766585,51.99215094339623,68.03911111111111,0.9401514841351074,0.9401514841351074,9.726250614250617,41.88977777777778,74.69026415094339,97.74281481481482,0.0159675771088814,0.0146974289297658,0.4750938246332309,0.2329959006107253,12.73015873015873,1.080298013245033,6.115384615384615,1.2045454545454546,0.0039918942772203,0.25,0.128992628992629,0.0,0.7053459382581778,0.2358490566037736,0.0307125307125307,0.8928571428571429,0.011056511056511,6.824658515255695,0.0107126040769451,0.0249858035207268,-9.008413461538462,194000000.0,-2568000000.0,-3480000000.0,8852000000.0,339500000.0,234500000.0,951500000.0,40.024570024570025,46.38036809815952,284.35582822085894,2.248618784530387,1.9404761904761905,0.316504854368932,0.0150119413169566,0.0500801282051282,2013-07-24,0.21,bmo,827129032.0,2025-04-25,2013-06-30,0.0,10.19046875,5146712.0
2013-03-31,NDAQ,USD,1120193,2013-05-07,2013-05-07 14:50:38,2013,Q1,744000000.0,443000000.0,301000000.0,0.4045698925,0,98000000.0,7000000.0,105000000.0,34000000.0,132000000.0,575000000.0,3000000.0,24000000.0,27000000.0,110000000.0,0.1478494624,90000000.0,0.1209677419,-31000000.0,59000000.0,0.0793010753,17000000.0,42000000.0,0.0564516129,0.0867,0.0833,497100000,509100000,https://www.sec.gov/Archives/edgar/data/1120193/000112019313000007/0001120193-13-000007-index.htm,https://www.sec.gov/Archives/edgar/data/1120193/000112019313000007/ndaq-20130331x10q.htm,1.496680748340374,0.0844900422450211,0.2997384832025749,0.2595051297525649,1.6274391470529068,10.466706900020116,-3.470126735063368,10.460671897002616,4.003218668276001,5304057000.0,6679057000.0,31.57176785714286,7.129108870967742,35.59769798657718,41.11672093023256,1.0200109615384614,1.0200109615384614,8.977227150537635,60.7187,44.82588590604027,51.77563565891473,0.0079184669395521,0.0243210056000529,0.3780769230769231,0.2139747496734871,12.5,1.4434470377019748,3.75,3.547619047619047,0.003959233469776,0.5,0.1317204301075268,0.0,0.7540269917283413,0.1342281879194631,0.0268817204301075,0.7407407407407407,0.0120967741935483,4.459373132627921,0.0078026789197624,0.0185840707964601,-5.5506940253470125,494000000.0,-1725000000.0,-2377000000.0,7637000000.0,325000000.0,194500000.0,342500000.0,38.346774193548384,44.08577878103838,72.7313769751693,2.347003154574133,2.0414746543778803,1.2374301675977657,0.008076923076923,0.04023335345001,2013-04-24,0.2,bmo,720750000.0,2025-04-25,2013-03-31,0.0499999999999999,9.9425,4349155.9
2012-12-31,NDAQ,USD,1120193,2013-02-21,2013-02-21 16:24:51,2012,Q4,752000000.0,449000000.0,303000000.0,0.4029255319,0,82000000.0,7000000.0,89000000.0,61000000.0,116000000.0,565000000.0,3000000.0,25000000.0,27000000.0,204000000.0,0.2712765957,175000000.0,0.232712766,-21000000.0,153000000.0,0.2034574468,69000000.0,86000000.0,0.1143617021,0.17,0.17,493500000,507300000,https://www.sec.gov/Archives/edgar/data/1120193/000119312513069357/0001193125-13-069357-index.htm,https://www.sec.gov/Archives/edgar/data/1120193/000119312513069357/d445717d10k.htm,1.5238095238095235,0.1742654508611955,0.4822695035460992,0.4336372847011145,1.458966565349544,10.555217831813575,-3.598784194528875,10.5531914893617,4.054711246200608,4110855000.0,5589855000.0,11.95015988372093,5.4665625,17.2725,19.20960280373832,0.7893346774193549,0.7893346774193549,7.433317819148936,27.40125,23.486785714285716,26.120817757009345,0.0209202221922203,0.0520572970829669,0.3794162826420891,0.2163819535698642,7.25,1.6094929881337647,7.0,2.8,0.005351684746847,0.2558139534883721,0.1090425531914893,0.0,0.7648926850635129,0.1008403361344537,0.0319148936170212,0.8888888888888888,0.0159574468085106,6.432633608457608,0.0116458704693998,0.0400558919422449,-5.652988855116515,565000000.0,-1776000000.0,-2431000000.0,7761000000.0,330000000.0,160500000.0,212000000.0,39.85372340425532,34.47661469933185,65.5456570155902,2.2582582582582584,2.61046511627907,1.3730886850152906,0.0165130568356374,0.0486322188449848,2013-01-31,0.2,bmo,716750000.0,2025-04-25,2012-12-31,0.0499999999999999,7.990322580645161,4128484.080645161
2012-09-30,NDAQ,USD,1120193,2012-11-07,2012-11-07 16:20:04,2012,Q3,743000000.0,334000000.0,409000000.0,0.5504710633,0,200000000.0,6000000.0,206000000.0,26000000.0,232000000.0,566000000.0,2000000.0,24000000.0,26000000.0,205000000.0,0.2759084791,170000000.0,0.2288021534,-36000000.0,134000000.0,0.1803499327,45000000.0,89000000.0,0.1197846568,0.18,0.17,498705798,511558698,https://www.sec.gov/Archives/edgar/data/1120193/000119312512457492/0001193125-12-457492-index.htm,https://www.sec.gov/Archives/edgar/data/1120193/000119312512457492/d404608d10q.htm,1.4898563501361175,0.178461931577543,0.0761972292128835,0.0320830438791088,1.1930881942543607,10.298657085193945,-3.599316485187525,10.2966518949515,4.03043238731305,3909853456.32,5457853456.32,10.982734427865168,5.26225229652759,102.89088042947368,244.36584102,0.7614125523505355,0.7614125523505355,7.345697787779272,26.623675396682927,143.62772253473685,341.11584102,0.0227630014767274,0.0040922249845802,0.3867575462512171,0.2226457399103139,7.5512195121951216,1.6509316770186335,7.083333333333333,0.4318181818181818,0.0053710452922615,0.2359550561797752,0.2691790040376851,0.0,0.7770179372197309,0.5789473684210527,0.0296096904441453,0.8461538461538461,0.0161507402422611,6.4300162273495705,0.0138370646766169,0.0447461035696329,-5.80552704943687,524000000.0,-1795000000.0,-2455000000.0,7658000000.0,334000000.0,154500000.0,74500000.0,39.60969044414536,40.1497005988024,26.13772455089821,2.27217125382263,2.2416107382550337,3.443298969072165,0.017332035053554,0.0441141853337746,2012-10-24,0.2,bmo,719032258.0,2025-04-25,2012-09-30,0.0499999999999999,7.699365079365079,3895325.444444445
2012-06-30,NDAQ,USD,1120193,2012-08-03,2012-08-03 13:28:49,2012,Q2,823000000.0,399000000.0,424000000.0,0.5151883354,0,200000000.0,6000000.0,206000000.0,25000000.0,231000000.0,630000000.0,2000000.0,24000000.0,25000000.0,220000000.0,0.2673147023,175000000.0,0.212636695,-50000000.0,125000000.0,0.1518833536,33000000.0,93000000.0,0.1130012151,0.18,0.18,507000000,519000000,https://www.sec.gov/Archives/edgar/data/1120193/000119312512334281/0001193125-12-334281-index.htm,https://www.sec.gov/Archives/edgar/data/1120193/000119312512334281/d359026d10q.htm,1.6232741617357005,0.1834319526627219,0.4142011834319526,0.3648915187376725,1.3550295857988166,9.80276134122288,-3.467455621301775,9.785009861932938,3.9842209072978303,3832920000.0,5337920000.0,10.303548387096772,4.657253948967194,18.252,20.718486486486487,0.772610360814352,0.772610360814352,6.485929526123937,24.263272727272728,25.418666666666667,28.85362162162162,0.0242634858019473,0.0482660739070995,0.4023382382584156,0.2235913520779657,6.840909090909091,1.4285714285714286,7.291666666666667,2.282608695652174,0.0057397493294929,0.2365591397849462,0.2430133657351154,0.0,0.7536686456816399,0.119047619047619,0.0303766707168894,1.0,0.0145808019441069,6.354909753919631,0.0161302442078897,0.0422919508867667,-5.8939842209072975,423000000.0,-1758000000.0,-2547000000.0,7349000000.0,334000000.0,153500000.0,52000000.0,37.29040097205346,36.090225563909776,11.729323308270676,2.4134897360703813,2.49375,7.673076923076923,0.0187462205200564,0.04930966469428,2012-07-25,0.2,bmo,771562500.0,2025-04-25,2012-06-30,0.0499999999999999,7.741111111111111,8290422.333333333
2012-03-31,NDAQ,USD,1120193,2012-05-08,2012-05-08 11:10:59,2012,Q1,801000000.0,390000000.0,411000000.0,0.5131086142,0,197000000.0,6000000.0,203000000.0,26000000.0,229000000.0,619000000.0,2000000.0,24000000.0,26000000.0,210000000.0,0.2621722846,171000000.0,0.2134831461,-34000000.0,137000000.0,0.1710362047,53000000.0,85000000.0,0.1061173533,0.16,0.16,519000000,534000000,https://www.sec.gov/Archives/edgar/data/1120193/000119312512217277/0001193125-12-217277-index.htm,https://www.sec.gov/Archives/edgar/data/1120193/000119312512217277/d313678d10q.htm,1.5433526011560694,0.163776493256262,0.2080924855491329,0.1772639691714836,1.4258188824662814,9.94412331406551,-3.33140655105973,9.926782273603084,3.913294797687861,4478970000.0,5960970000.0,13.17344117647059,5.591722846441948,41.471944444444446,48.68445652173913,0.869365295031056,0.869365295031056,7.44191011235955,28.385571428571428,55.19416666666667,64.79315217391304,0.0189775774340975,0.0205404367521997,0.389557453416149,0.2224808779514466,7.057142857142857,1.6367869615832362,7.125,1.2857142857142858,0.0,0.0,0.2459425717852684,0.0,0.7637734175811994,0.1481481481481481,0.0199750312109862,0.6153846153846154,0.0124843945068664,6.048132420591135,0.012775279070119,0.0398873768183951,-5.488921001926783,547000000.0,-1729000000.0,-2454000000.0,7632000000.0,317500000.0,155500000.0,55500000.0,36.741573033707866,33.92307692307693,12.0,2.44954128440367,2.653061224489796,7.5,0.0164984472049689,0.0308285163776493,2012-04-25,0.21,bmo,827262295.0,2025-04-25,2012-03-31,-0.0476190476190475,8.620806451612903,5080112.306451613
2011-12-31,NDAQ,USD,1120193,2012-02-24,2012-02-24 13:15:31,2011,Q4,837000000.0,416000000.0,421000000.0,0.5029868578,0,224000000.0,9000000.0,233000000.0,28000000.0,261000000.0,677000000.0,3000000.0,26000000.0,28000000.0,191000000.0,0.2281959379,160000000.0,0.1911589008,-40000000.0,120000000.0,0.1433691756,39000000.0,81000000.0,0.0967741935,0.16,0.16,519000000,519000000,https://www.sec.gov/Archives/edgar/data/1120193/000119312512077518/0001193125-12-077518-index.htm,https://www.sec.gov/Archives/edgar/data/1120193/000119312512077518/d259668d10k.htm,1.6127167630057804,0.1560693641618497,0.4489402697495183,0.3776493256262042,1.51252408477842,9.606936416184972,-3.319845857418112,9.58766859344894,4.129094412331407,4240230000.0,5851230000.0,13.08712962962963,5.065985663082437,18.19841201716738,21.633826530612247,0.8521362540192926,0.8521362540192926,6.990716845878136,30.63471204188481,25.11257510729613,29.853214285714287,0.0191027373515115,0.046223907665386,0.4254421221864952,0.1502377404016748,8.434554973821989,1.090049751243781,6.153846153846154,2.876543209876543,0.0,0.0,0.2676224611708482,0.0,0.4761195089063941,0.1587982832618025,0.044205495818399,1.3214285714285714,0.01194743130227,5.802385731439916,0.0133234641006661,0.0109726361419669,-15.528901734104046,543000000.0,-1723000000.0,-2532000000.0,7445000000.0,327500000.0,169500000.0,776500000.0,33.11827956989247,35.48076923076923,12.764423076923077,2.717532467532468,2.5365853658536586,7.050847457627119,0.0162781350482315,0.071290944123314,2012-02-01,0.2033,bmo,810428571.0,2025-04-25,2011-12-31,0.0329562223315296,8.3384126984127,6434033.047619048
2011-09-30,NDAQ,USD,1120193,2011-11-04,2011-11-04 13:25:49,2011,Q3,946000000.0,508000000.0,438000000.0,0.4630021142,0,208000000.0,4000000.0,212000000.0,28000000.0,240000000.0,748000000.0,3000000.0,30000000.0,28000000.0,228000000.0,0.2410147992,195000000.0,0.2061310782,-25000000.0,170000000.0,0.1797040169,61000000.0,110000000.0,0.1162790698,0.21,0.2,531291843,542773326,https://www.sec.gov/Archives/edgar/data/1120193/000119312511297029/0001193125-11-297029-index.htm,https://www.sec.gov/Archives/edgar/data/1120193/000119312511297029/d222777d10q.htm,1.78056563913781,0.2070425161788151,0.011293228155208,-0.0395262985432283,1.5754053276515296,9.403494643903276,-3.212923410156704,9.386554801670464,4.221785125355294,4096260109.53,5766260109.530001,9.309682067113636,4.330084682378436,682.710018255,-195.06000521571428,0.8213876297433327,0.8213876297433327,6.09541237793869,25.29061451548246,961.0433515883334,-274.58381473952386,0.0268537634473171,-0.005126627567215,0.4437537597754161,0.1681994375617542,7.324561403508772,1.1399598393574295,6.5,0.0555555555555555,0.0,0.0,0.2198731501057082,0.0,0.5094626434597552,4.5,0.0285412262156448,0.9642857142857144,0.0095137420718816,6.612628698084772,0.0152066908008642,0.0170436938332816,-11.889416491568458,697000000.0,-1707000000.0,-2484000000.0,7568000000.0,345500000.0,177500000.0,1497000000.0,33.012684989429175,31.00393700787402,264.68503937007875,2.7262247838616718,2.902857142857143,0.3400267737617135,0.0220573491076799,0.0508195266984364,2011-10-26,0.22,bmo,946000000.0,2025-04-25,2011-09-30,0.0,7.851875,8049632.84375
2011-06-30,NDAQ,USD,1120193,2011-08-04,2011-08-04 09:37:28,2011,Q2,838000000.0,422000000.0,416000000.0,0.4964200477,0,227000000.0,5000000.0,232000000.0,26000000.0,258000000.0,680000000.0,3000000.0,31000000.0,26000000.0,188000000.0,0.2243436754,158000000.0,0.1885441527,-27000000.0,131000000.0,0.1563245823,40000000.0,92000000.0,0.1097852029,0.17,0.17,531000000,543000000,https://www.sec.gov/Archives/edgar/data/1120193/000119312511209461/0001193125-11-209461-index.htm,https://www.sec.gov/Archives/edgar/data/1120193/000119312511209461/d10q.htm,1.5781544256120528,0.1732580037664783,0.487758945386064,0.4613935969868173,1.6911487758945387,9.717514124293784,-3.6760828625235407,9.698681732580038,4.218455743879472,4476330000.0,6107330000.0,12.163940217391303,5.341682577565632,17.283127413127414,18.27073469387755,0.8691902912621359,0.8691902912621359,7.287983293556086,32.48579787234043,23.58042471042471,24.92787755102041,0.0205525508619784,0.0547323365346165,0.4289320388349514,0.1553773651262573,8.675531914893616,1.0861632032437911,5.096774193548387,2.815217391304348,0.0,0.0,0.2708830548926014,0.0,0.5002461841457411,0.054054054054054,0.0167064439140811,0.5384615384615384,0.0119331742243436,6.148855203486874,0.0130073151446835,0.0129486277269528,-13.46704331450094,510000000.0,-1952000000.0,-2628000000.0,7787000000.0,335500000.0,165500000.0,1931500000.0,36.94510739856801,38.38862559241706,319.90521327014216,2.436046511627907,2.344444444444445,0.2813333333333333,0.0178640776699029,0.0263653483992467,2011-07-27,0.2,bmo,810967741.0,2025-04-25,2011-06-30,0.0499999999999999,8.64,7424137.031746032
2011-03-31,NDAQ,USD,1120193,2011-05-05,2011-05-05 13:39:35,2011,Q1,817000000.0,402000000.0,415000000.0,0.5079559364,0,197000000.0,5000000.0,202000000.0,27000000.0,229000000.0,631000000.0,2000000.0,30000000.0,27000000.0,211000000.0,0.2582619339,181000000.0,0.2215422277,-31000000.0,152000000.0,0.1860465116,49000000.0,104000000.0,0.1272949816,0.2,0.19,528000000,543000000,https://www.sec.gov/Archives/edgar/data/1120193/000119312511128092/0001193125-11-128092-index.htm,https://www.sec.gov/Archives/edgar/data/1120193/000119312511128092/d10q.htm,1.5473484848484849,0.1969696969696969,0.3238636363636363,0.3049242424242424,1.3674242424242424,9.539772727272728,-3.929924242424242,9.518939393939394,4.393939393939394,4546080000.0,6397080000.0,10.928076923076922,5.564357405140759,26.585263157894737,28.236521739130435,0.9045125348189412,0.9045125348189412,7.829963280293757,30.317914691943127,37.40982456140351,39.733416149068326,0.0228768521451448,0.0354151268785415,0.4556307202546757,0.1267644616662053,8.772511848341232,1.038795303726391,6.033333333333333,1.6442307692307692,0.0,0.0,0.241126070991432,0.0,0.3936894547467479,0.0584795321637426,0.0122399020807833,0.3703703703703703,0.0085679314565483,6.495091121584512,0.0145839852306151,0.0094951154934721,-20.604640151515152,380000000.0,-2075000000.0,-2853000000.0,7658000000.0,312500000.0,75500000.0,1218000000.0,36.02203182374541,33.80597014925373,529.0298507462686,2.4984709480122325,2.662251655629139,0.1701227253491324,0.020692399522483,0.0189393939393939,2011-04-20,0.2,bmo,817000000.0,2025-04-25,2011-03-31,0.0,8.67741935483871,8947579.403225806
2010-12-31,NDAQ,USD,1120193,2011-02-24,2011-02-24 16:16:05,2010,Q4,806000000.0,405000000.0,401000000.0,0.4975186104,0,216000000.0,6000000.0,222000000.0,28000000.0,250000000.0,655000000.0,2000000.0,26000000.0,17000000.0,202000000.0,0.2506203474,175000000.0,0.2171215881,-27000000.0,148000000.0,0.1836228288,13000000.0,137000000.0,0.1699751861,0.26,0.26,528000000,528000000,https://www.sec.gov/Archives/edgar/data/1120193/000119312511045348/0001193125-11-045348-index.htm,https://www.sec.gov/Archives/edgar/data/1120193/000119312511045348/d10k.htm,1.5265151515151516,0.2594696969696969,0.3465909090909091,0.3276515151515151,1.0757575757575757,8.956439393939394,-4.009469696969697,8.93560606060606,4.445075757575758,4176480000.0,6182480000.0,7.621313868613139,5.181736972704715,22.82229508196721,24.14150289017341,0.8852225519287834,0.8852225519287834,7.670570719602978,30.606336633663368,33.78404371584699,35.736878612716765,0.0328027429797341,0.0414224418649197,0.4919457397202204,0.1432097241932498,9.930693069306932,1.0338962458996477,6.730769230769231,1.3555555555555556,0.0,0.0,0.2679900744416873,0.0,0.4224100697229592,0.0546448087431694,0.0124069478908188,0.3571428571428571,0.009925558312655,7.222650304956343,0.0196683561333635,0.014635188548232,-20.170454545454547,279000000.0,-2117000000.0,-2968000000.0,7289000000.0,303000000.0,69000000.0,71500000.0,33.27543424317618,0.0,16.22222222222222,2.704697986577181,0.0,5.5479452054794525,0.0290377278507842,0.0189393939393939,2011-02-02,0.17,bmo,747381818.0,2025-04-25,2010-12-31,0.0588235294117645,7.24203125,6406298.1875
2010-09-30,NDAQ,USD,1120193,2010-11-03,2010-11-03 10:19:05,2010,Q3,751000000.0,379000000.0,372000000.0,0.4953395473,0,167000000.0,5000000.0,172000000.0,25000000.0,197000000.0,576000000.0,2000000.0,25000000.0,36000000.0,193000000.0,0.2569906791,165000000.0,0.2197070573,-22000000.0,143000000.0,0.190412783,43000000.0,101000000.0,0.1344873502,0.17,0.17,600346449,612218673,https://www.sec.gov/Archives/edgar/data/1120193/000119312510245538/0001193125-10-245538-index.htm,https://www.sec.gov/Archives/edgar/data/1120193/000119312510245538/d10q.htm,1.2509443526332908,0.1682361912329725,0.0566339653655551,0.0366455070012415,3.891086561586375,8.458449297832026,-2.7367530910472664,8.440126544331404,3.349732480886216,3890244989.520001,5540244989.52,9.6293192809901,5.180086537310253,114.41897028,176.82931770545457,0.7677610004973359,0.7677610004973359,7.37715710988016,28.70593258818653,162.9483820447059,251.82931770545457,0.0259623751902735,0.0056551708335249,0.3919478981645944,0.1917914051183003,8.549222797927461,1.2167300380228137,6.6,0.34,0.0,0.0,0.2223701731025299,0.0,0.6490584258812168,0.3529411764705882,0.0159786950732356,0.48,0.0106524633821571,5.652303223041832,0.0141959418534221,0.0277930654925701,-4.455760510378234,513000000.0,-1643000000.0,-2397000000.0,7394000000.0,334500000.0,155000000.0,62500000.0,36.91078561917443,32.770448548812666,16.62269129287599,2.438311688311688,2.746376811594203,5.414285714285715,0.0199328991513716,0.0199884583643135,2010-10-29,0.15,bmo,690920000.0,2025-04-25,2010-09-30,0.1333333333333334,6.35703125,6889427.859375
2010-06-30,NDAQ,USD,1120193,2010-08-04,2010-08-04 11:25:53,2010,Q2,876000000.0,486000000.0,390000000.0,0.4452054795,0,171000000.0,5000000.0,176000000.0,25000000.0,202000000.0,688000000.0,2000000.0,26000000.0,25000000.0,197000000.0,0.2248858447,179000000.0,0.2043378995,-33000000.0,146000000.0,0.1666666667,51000000.0,96000000.0,0.1095890411,0.15,0.15,618000000,627000000,https://www.sec.gov/Archives/edgar/data/1120193/000119312510176575/0001193125-10-176575-index.htm,https://www.sec.gov/Archives/edgar/data/1120193/000119312510176575/d10q.htm,1.4174757281553398,0.1553398058252427,0.3867313915857605,0.372168284789644,3.7977346278317152,7.593851132686084,-2.177993527508091,7.577669902912621,3.3624595469255665,3664740000.0,5190740000.0,9.54359375,4.183493150684932,15.333640167364017,15.933652173913044,0.782562459961563,0.782562459961563,5.925502283105023,26.348934010152284,21.71857740585774,22.568434782608698,0.0261955827698554,0.0627602503861119,0.4381806534272902,0.2070635721493441,7.746192893401015,1.2373607540702656,6.884615384615385,2.542553191489361,0.0,0.0,0.1952054794520548,0.0,0.6093844601412715,0.0376569037656903,0.0102739726027397,0.36,0.0102739726027397,5.146363750731211,0.0150949459227223,0.0247997933350555,-4.161407766990291,554000000.0,-1346000000.0,-2329000000.0,6747000000.0,369000000.0,162000000.0,60500000.0,37.08904109589041,31.85185185185185,10.185185185185183,2.426592797783933,2.8255813953488373,8.836363636363636,0.0204996796925048,0.0145631067961165,2010-07-27,0.16,bmo,825461538.0,2025-04-25,2010-06-30,0.0625,6.655714285714286,10054393.587301588
2010-03-31,NDAQ,USD,1120193,2010-05-05,2010-05-05 13:35:05,2010,Q1,764000000.0,404000000.0,360000000.0,0.4712041885,0,210000000.0,4000000.0,214000000.0,25000000.0,239000000.0,643000000.0,2000000.0,25000000.0,25000000.0,139000000.0,0.1819371728,112000000.0,0.1465968586,-23000000.0,89000000.0,0.1164921466,29000000.0,61000000.0,0.0798429319,0.0967,0.0933,633496014,644284071,https://www.sec.gov/Archives/edgar/data/1120193/000119312510108415/0001193125-10-108415-index.htm,https://www.sec.gov/Archives/edgar/data/1120193/000119312510108415/d10q.htm,1.2060060096921146,0.0962910557476688,-0.0252566703600442,-0.0426206312325747,4.170507693202313,7.783790096586149,-2.2825715837890024,7.764847593816115,3.340194655115857,4459811938.56,6015811938.56,18.277917780983607,5.837450181361257,-278.73824616,-165.17821994666667,0.9066501196503356,0.9066501196503356,7.874099396020943,43.27922257956835,-375.98824616,-222.80784957629632,0.0136777067823393,-0.0060540669364452,0.4250863996747306,0.1987831542922331,11.194244604316546,1.253307392996109,4.48,-0.2666666666666666,0.0,0.0,0.2748691099476439,0.0,0.6062363342523054,-0.6875,0.0143979057591623,0.44,0.0104712041884816,4.101575414628718,0.0093749215268845,0.0147271849348141,-4.151959825906655,651000000.0,-1446000000.0,-2367000000.0,7189000000.0,339000000.0,76000000.0,75500000.0,44.41099476439791,33.86138613861386,14.702970297029704,2.026525198938992,2.6578947368421053,6.121212121212121,0.0124008944907501,0.0173639608725304,2010-04-30,0.1533,bmo,817302325.0,2025-04-25,2010-03-31,-0.0867579908675797,6.506229508196721,7893682.262295082
2009-12-31,NDAQ,USD,1120193,2010-02-18,2010-02-18 17:30:13,2009,Q4,816000000.0,447000000.0,369000000.0,0.4522058824,0,183000000.0,8000000.0,191000000.0,26000000.0,217000000.0,664000000.0,3000000.0,25000000.0,16000000.0,181000000.0,0.2218137255,148000000.0,0.181372549,-97000000.0,51000000.0,0.0625,9000000.0,43000000.0,0.0526960784,0.0679,0.0679,633496014,633496014,https://www.sec.gov/Archives/edgar/data/1120193/000119312510034340/0001193125-10-034340-index.htm,https://www.sec.gov/Archives/edgar/data/1120193/000119312510034340/d10k.htm,1.2880901883622586,0.067877301592619,0.5588038317159798,0.5382827870484438,1.4238447915474963,7.804311141253684,-2.347291801586616,7.777475928996138,3.34177319701336,4187408652.54,5685408652.540001,24.345399142674417,5.131628250661765,11.828838001525424,12.279790769912024,0.8498901263527502,0.8498901263527502,6.967412564387256,31.41109752784531,16.060476419604523,16.672752646744872,0.0102688807250558,0.0814346122614892,0.4245991475542927,0.1951128520798358,8.276243093922652,1.204743634461109,5.92,8.428571428571429,0.0,0.0,0.2242647058823529,0.0,0.5997948144002985,0.0367231638418079,0.0159313725490196,0.5,0.0122549019607843,3.4464571349997417,0.0150844496214327,0.0100209741319039,-7.273526428218379,587000000.0,-1487000000.0,-2324000000.0,7182000000.0,340000000.0,114500000.0,141500000.0,33.19852941176471,0.0,17.11409395973154,2.7109634551495017,0.0,5.258823529411765,0.008727420336919,0.0205210446675359,2010-02-08,0.15,bmo,798260869.0,2025-04-25,2009-12-31,0.0,6.5159375,8345549.546875
2009-09-30,NDAQ,USD,1120193,2009-11-06,2009-11-06 11:20:42,2009,Q3,810000000.0,461000000.0,349000000.0,0.4308641975,0,173000000.0,3000000.0,176000000.0,27000000.0,203000000.0,664000000.0,3000000.0,26000000.0,38000000.0,187000000.0,0.2308641975,131000000.0,0.1617283951,-47000000.0,84000000.0,0.1037037037,25000000.0,60000000.0,0.0740740741,0.1,0.0933,609934002,645093180,https://www.sec.gov/Archives/edgar/data/1120193/000119312509226871/0001193125-09-226871-index.htm,https://www.sec.gov/Archives/edgar/data/1120193/000119312509226871/d10q.htm,1.3280125347069929,0.0983712988671846,0.0065580865911456,-0.0180347381256505,6.782701056892382,8.150062111146248,-2.665862199300704,8.115632156542734,3.467588285068259,4281736694.04,6059736694.04,17.840569558499997,5.286094684,1070.43417351,-389.2487903672727,0.8649973119272726,0.8649973119272726,7.481156412395062,32.40500905903743,1514.93417351,-550.8851540036363,0.0140130055366359,-0.0025690510150499,0.422020202020202,0.1692594393129152,9.508021390374331,1.1237703042781972,5.038461538461538,0.0677966101694915,0.0,0.0,0.2135802469135802,0.0,0.5345162858531842,3.75,0.0185185185185185,0.5357142857142857,0.0098765432098765,4.238250667228932,0.0113036738036738,0.010443864229765,-4.673866337427111,541000000.0,-1626000000.0,-2459000000.0,7303000000.0,381000000.0,232500000.0,196000000.0,42.11111111111112,44.70715835140998,38.65509761388287,2.137203166226913,2.013100436681223,2.3282828282828283,0.0121212121212121,0.0245928247167961,2009-11-05,0.14,bmo,810000000.0,2025-04-25,2009-09-30,0.0,6.9765625,7411728.140625
2009-06-30,NDAQ,USD,1120193,2009-08-07,2009-08-07 12:02:28,2009,Q2,889000000.0,522000000.0,367000000.0,0.4128233971,0,165000000.0,3000000.0,168000000.0,27000000.0,195000000.0,717000000.0,2000000.0,25000000.0,27000000.0,201000000.0,0.2260967379,159000000.0,0.1788526434,-45000000.0,114000000.0,0.1282339708,46000000.0,69000000.0,0.0776152981,0.11,0.11,606000000,642000000,https://www.sec.gov/Archives/edgar/data/1120193/000119312509168612/0001193125-09-168612-index.htm,https://www.sec.gov/Archives/edgar/data/1120193/000119312509168612/d10q.htm,1.466996699669967,0.1138613861386138,0.2326732673267326,0.2079207920792079,6.087458745874588,7.447194719471947,-2.737623762376238,7.410891089108911,3.8613861386138617,4302600000.0,6198600000.0,15.589130434782607,4.839820022497188,30.514893617021272,34.147619047619045,0.9580494321977288,0.9580494321977288,6.972553430821147,30.83880597014925,43.96170212765958,49.195238095238096,0.0160368149491005,0.0292846186027053,0.5154753952349143,0.1985420240137221,9.432835820895525,1.1070359281437123,6.36,2.073529411764706,0.0,0.0,0.1856017997750281,0.0,0.5293310463121784,0.1063829787234042,0.0168728908886389,0.5769230769230769,0.0101237345331833,4.357272365641773,0.0120403840628612,0.012572886297376,-5.072194719471947,429000000.0,-1659000000.0,-2710000000.0,6771000000.0,369000000.0,239000000.0,183000000.0,38.77390326209224,40.689655172413794,33.44827586206897,2.3211488250652743,2.211864406779661,2.6907216494845363,0.0153640614562458,0.0247524752475247,2009-08-06,0.1567,bmo,889000000.0,2025-04-25,2009-06-30,-0.0427568602425016,6.712857142857144,11208664.095238095
2009-03-31,NDAQ,USD,1120193,2009-05-08,2009-05-08 14:18:20,2009,Q1,895000000.0,526000000.0,369000000.0,0.4122905028,0,160000000.0,2000000.0,162000000.0,24000000.0,186000000.0,712000000.0,5000000.0,27000000.0,24000000.0,193000000.0,0.2156424581,166000000.0,0.1854748603,-24000000.0,142000000.0,0.1586592179,48000000.0,94000000.0,0.105027933,0.16,0.15,605835618,642859122,https://www.sec.gov/Archives/edgar/data/1120193/000119312509105110/0001193125-09-105110-index.htm,https://www.sec.gov/Archives/edgar/data/1120193/000119312509105110/d10q.htm,1.4772984179348796,0.155157599202099,0.1370008588699385,0.1105910547504323,7.601071748145386,7.0266585085461255,-2.7400171773987707,7.000248704426619,4.095170251280934,3956106585.54,6077106585.54,10.521560067925533,4.420230821832402,47.66393476554217,59.046366948358205,0.932824000363122,0.932824000363122,6.790063224067039,31.48759888880829,73.21815163301204,90.70308336626866,0.0237607349467226,0.0169358429939406,0.5786371138882339,0.1970609491688749,10.989637305699482,1.0689516129032255,6.148148148148148,0.8829787234042553,0.0,0.0,0.1787709497206704,0.0,0.4751465510318798,0.1927710843373494,0.017877094972067,0.6666666666666666,0.0089385474860335,4.943499783849481,0.0142377978677976,0.0143818849449204,-5.345922068253175,342000000.0,-1660000000.0,-2894000000.0,6424000000.0,346782000.0,242178000.0,106650000.0,35.69832402234637,41.40684410646388,29.429657794676807,2.5211267605633805,2.173553719008265,3.058139534883721,0.0221645838245696,0.0264098041195062,2009-05-07,0.16,bmo,876354166.0,2025-04-25,2009-03-31,0.0,7.195081967213114,12312778.983606558
2008-12-31,NDAQ,USD,1120193,2009-02-27,2009-02-26 18:33:09,2008,Q4,1023009000.0,620454000.0,402555000.0,0.3935009369,0,173235000.0,5688000.0,178923000.0,26849000.0,205772000.0,826226000.0,0.0,0.0,26849000.0,223632000.0,0.2186021824,187288000.0,0.1830756132,-110771000.0,76517000.0,0.0747960184,39753000.0,36764000.0,0.0359371227,0.0607,0.0607,601889235,605835618,https://www.sec.gov/Archives/edgar/data/1120193/000119312509039333/0001193125-09-039333-index.htm,https://www.sec.gov/Archives/edgar/data/1120193/000119312509039333/d10k.htm,1.699663227902722,0.0610810060425819,0.4008661161716906,0.3748081654924431,1.3176261575769834,7.075130692443769,-3.018563706327128,7.046848079946138,4.184750039598232,4959567296.400001,6912563296.400001,33.72570514905886,4.848019222118281,20.55549139122254,21.98457973607337,1.1693171055367753,1.1693171055367753,6.757089425801729,30.910439008728627,28.64990569511392,30.641745516926505,0.0074127434517696,0.0454864278510246,0.5938470635555717,0.1984073100365304,8.73307934463762,1.0739433996896788,0.0,6.562860406919813,0.0,0.0,0.1693386861699164,0.0,0.4785620969091858,0.0650041238907977,0.0153312434201458,0.5841558344817311,0.0251033959623033,3.112015878562929,0.011450539356381,0.005553819126837,-12.242770881256916,374243000.0,-1816841000.0,-3000978000.0,6632472000.0,357094500.0,265064500.0,38947500.0,29.785427107679407,35.15496716920191,5.990774497384174,3.021611866589478,2.5600934162966875,15.023099273607748,0.0086678477171099,0.0260579506792474,2009-02-26,0.17,bmo,984404886.0,2025-04-25,2008-12-31,0.0588235294117645,8.57078125,12176001.265625
2008-09-30,NDAQ,USD,1120193,2008-11-07,2008-11-07 16:04:50,2008,Q3,990380000.0,591342000.0,399038000.0,0.402914033,0,190569000.0,7067000.0,197636000.0,27871000.0,225507000.0,816849000.0,9000000.0,29000000.0,27624000.0,275465000.0,0.2781407137,165056000.0,0.1666592621,-76000000.0,99219000.0,0.1001827581,39103000.0,58000000.0,0.0585633797,0.0967,0.09,599931975,642455259,https://www.sec.gov/Archives/edgar/data/1120193/000119312508229993/0001193125-08-229993-index.htm,https://www.sec.gov/Archives/edgar/data/1120193/000119312508229993/d10q.htm,1.650820495106966,0.0966776274926836,-0.1768067121276541,-0.1977440859024058,1.5534461219540765,7.931562574240187,-3.8848037729610927,7.92529853072092,4.309103544614371,6113306825.25,7931575825.25,26.350460453663796,6.172688084624084,-57.63355857577872,-51.53125037089174,1.2857559826295997,1.2857559826295997,8.008618737504797,28.79340687655419,-74.7753961955087,-66.85809028895838,0.0094875002446205,-0.0194057002848288,0.5376156764760318,0.2501475244371906,6.600726045051095,1.3178628575711564,5.691586206896552,-1.7644553862532435,0.0,0.0,0.1924200811809608,0.0,0.6937333967729188,-0.1184195640696885,0.0126830105616026,0.4547132927888792,0.0060582806599487,4.15204513826986,0.0115430142254555,0.0185325421854979,-7.047915307397976,559794000.0,-2330618000.0,-3139336000.0,7841610000.0,365278000.0,253819500.0,27330500.0,34.1346250933985,43.79795448319246,5.569619610986536,2.6366189683860237,2.054890486598812,16.159092772236644,0.0121986101997206,0.0209373737747517,2008-11-06,0.17,bmo,990380000.0,2025-04-25,2008-09-30,0.0,9.95171875,11399006.953125
2008-06-30,NDAQ,USD,1120193,2008-08-08,2008-08-08 14:16:30,2008,Q2,821478000.0,441325000.0,380153000.0,0.46276711,0,193474000.0,3960000.0,197434000.0,22193000.0,219627000.0,660952000.0,8000000.0,24000000.0,22193000.0,179345000.0,0.2183199063,154822000.0,0.1884676157,-6822000.0,150217000.0,0.1828618661,48580000.0,100000000.0,0.1217318054,0.17,0.16,599164272,643232040,https://www.sec.gov/Archives/edgar/data/1120193/000119312508171672/0001193125-08-171672-index.htm,https://www.sec.gov/Archives/edgar/data/1120193/000119312508171672/d10q.htm,1.3710396937686564,0.1668991371368017,0.0941444652761271,0.0732069685223153,1.4636553629486104,7.891253235473292,-2.313362235991268,7.869729922748131,2.783181638039993,5302603807.2,6206187807.2,13.256509518,6.454955345365304,94.00446403347044,120.89013079816702,1.1245620989378955,1.1245620989378955,7.554904461470666,34.604743969444364,110.02318478230038,141.49027214736793,0.0188586595634804,0.0082719738443294,0.3485667071239535,0.1832518395336819,5.038244723856255,1.355797676780906,6.450916666666667,0.5549947361689148,0.0,0.0,0.2355193930939112,0.0,0.6817093573018574,0.2223975322649269,0.0152712549818741,0.5652683278511242,0.0085212263748998,5.436234956855938,0.0140200851288709,0.035029410693218,-5.154891395126444,567783000.0,-1386084000.0,-2077242000.0,6842080000.0,379272500.0,214351500.0,17026500.0,38.88575226603756,44.83756868520931,3.6842236447062815,2.3144723904082767,2.0072453221507645,24.42848444592051,0.0212077337818627,0.0209374967538117,2008-08-06,0.14,bmo,735907375.0,2025-04-25,2008-06-30,0.1428571428571427,11.9,8949948.140625
2008-03-31,NDAQ,USD,1120193,2008-05-09,2008-05-09 15:34:21,2008,Q1,813826000.0,535494000.0,278332000.0,0.3420043105,0,126042000.0,1898000.0,127940000.0,15912000.0,143852000.0,679346000.0,10000000.0,10000000.0,15912000.0,89866000.0,0.1104240956,133019000.0,0.1634489436,63193000.0,196212000.0,0.24109822,74849000.0,121000000.0,0.1486804305,0.25,0.23,482935989,528551637,https://www.sec.gov/Archives/edgar/data/1120193/000119312508109671/0001193125-08-109671-index.htm,https://www.sec.gov/Archives/edgar/data/1120193/000119312508109671/d10q.htm,1.6851632898288722,0.250550803328099,0.4474961587507615,0.4186538270188847,1.775034413515204,9.576788860935356,-3.1223351217256248,9.551131216273882,3.423840918180153,6225044898.21,7132520898.21,12.86166301283058,7.649110372745525,28.804716527587548,30.78916080090809,1.3495783596855129,1.3495783596855129,8.76418411086645,79.368402935593,33.00381699401236,35.27755003244585,0.0194376108090069,0.0324789625305573,0.3563069298451952,0.1869455815841717,10.098101617964526,1.368403335909826,13.3019,1.7807074643837084,0.0,0.0,0.1548758579843848,0.0,0.6976054868747048,0.064452691197157,0.0171154521973984,0.8753770739064857,0.0061438194405192,7.337811729385939,0.0110495062012566,0.0455153636922063,-6.20868824915842,520947000.0,-1507888000.0,-2231317000.0,6843597000.0,326569000.0,213762500.0,13390500.0,44.63516771398308,35.0990487288373,2.6869208618583964,2.016347302125298,2.564172057633465,33.4955901670107,0.0262325789118249,0.0288423317318767,2008-05-08,0.16,bmo,830780708.0,2025-04-25,2008-03-31,0.0,13.869508196721313,8342361.786885246
2007-12-31,NDAQ,USD,1120193,2008-02-25,2008-02-25 15:17:14,2007,Q4,664486000.0,452936000.0,211550000.0,0.3183663764,0,92867000.0,7575000.0,100442000.0,9594000.0,110036000.0,562972000.0,0.0,0.0,9594000.0,111108000.0,0.1672089404,101514000.0,0.152770713,30627000.0,132141000.0,0.1988619775,53178000.0,78963000.0,0.1188332034,0.16,0.16,485451999,485451999,https://www.sec.gov/Archives/edgar/data/1120193/000119312508037364/0001193125-08-037364-index.htm,https://www.sec.gov/Archives/edgar/data/1120193/000119312508037364/d10k.htm,1.368798565808357,0.1626587183957605,0.1158631545773076,0.1059507430311354,2.730061886098032,4.548921426935972,2.1545590545606137,4.548921426935972,0.2439746880102969,8009957983.5,6803081983.5,25.359845698301736,12.05436680908251,142.4093799292394,155.7327445561302,3.62723345852864,3.62723345852864,10.238111839075616,61.22945227616373,120.95228075774276,132.26818803709608,0.0098581041451976,0.0064212571534021,0.0536335243263657,0.0397523391478208,-10.862188141267955,4.090538111902568,0.0,0.7123082962906678,0.0,0.0,0.1397576472642012,0.0,0.3901286065603208,0.0855527504178075,0.0072416875600087,0.5015634771732332,0.025201433890255,4.080225350546147,0.0236201771232793,0.0434567257129554,1.5382365332478525,1270820000.0,1045935000.0,910903000.0,2497691000.0,261834000.0,173109000.0,57761500.0,33.796287656925806,43.45408622851794,2.144806330254164,2.6630143793783363,2.0711515949663446,41.96183064665555,0.0357576451931206,0.0099124115461722,2008-01-31,0.16,bmo,678931347.0,2025-04-25,2007-12-31,-0.0625,14.651875,8158988.65625
2007-09-30,NDAQ,USD,1120193,2007-11-09,2007-11-09 16:11:33,2007,Q3,651961000.0,442017000.0,209944000.0,0.3220192619,0,112288000.0,4146000.0,116434000.0,9662000.0,126096000.0,568113000.0,0.0,0.0,9661000.0,93510000.0,0.1434288247,83848000.0,0.1286089199,452733000.0,536581000.0,0.823026224,171588000.0,364993000.0,0.559838702,1.08,0.8,339002786,429490385,https://www.sec.gov/Archives/edgar/data/1120193/000119312507242445/0001193125-07-242445-index.htm,https://www.sec.gov/Archives/edgar/data/1120193/000119312507242445/d10q.htm,1.9231729853689168,1.0766666678662635,-0.1867447779617952,-0.2041517145525759,3.739978113336213,5.252809338268978,1.8243684876383288,5.252809338268978,1.3070335062084122,4356185800.099999,3540611800.0999994,2.9837461267065395,6.681666234790117,-68.81049173235186,-62.94338515923014,2.4463099976582465,2.4463099976582465,5.4307110396174,37.86345631590204,-55.92765097224635,-51.15899607126343,0.0837872893281139,-0.0158872929612899,0.2488256135028755,0.147695113829317,-8.721783766442092,3.259969895013624,0.0,-0.1734471620003671,0.0,0.0,0.1722311610663828,0.0,0.3874146755119469,-0.0932124409622948,0.0090511549003698,0.6108063347479556,7.975937210968141e-05,11.280483427643702,0.0230427210322631,0.1986067874763231,0.904224132246512,1186100000.0,618466000.0,491629000.0,2410361000.0,279375000.0,192059000.0,61384000.0,37.84422687860163,25.96664834157962,21.324089344979942,2.378169866931248,3.465984474241355,4.220578827258925,0.2049696835600491,0.0174069365907807,2007-10-24,0.13,bmo,605392357.0,2025-04-25,2007-09-30,0.0769230769230769,10.888253968253968,8346553.333333333
2007-06-30,NDAQ,USD,1120193,2007-08-01,2007-08-01 17:28:04,2007,Q2,558201000.0,359521000.0,198680000.0,0.3559291366,0,85721000.0,4227000.0,89948000.0,9796000.0,99744000.0,459265000.0,0.0,0.0,9796000.0,108732000.0,0.1947900487,98936000.0,0.1772408147,-4603000.0,94333000.0,0.1689946811,38205000.0,56128000.0,0.1005515934,0.17,0.13,336768000,431753846,https://www.sec.gov/Archives/edgar/data/1120193/000119312507168236/0001193125-07-168236-index.htm,https://www.sec.gov/Archives/edgar/data/1120193/000119312507168236/d10q.htm,1.6575238740022804,0.1666666666666666,0.3037729237932345,0.2927891011022425,6.7404919707335615,4.759870296465222,1.1406873574686431,4.759870296465222,4.449579532497149,3334003200.0,4257481200.0,14.85,5.972764649292997,32.59013303877773,33.81273402162228,2.07988860691266,2.07988860691266,7.627147210413453,39.15573336276349,41.61720022287172,43.17844668465143,0.0168350168350168,0.0295746566769941,0.9348110884032907,0.3741220723573913,8.493157488135967,4.1985575810557165,0.0,1.822605070462684,0.0,0.0,0.153566546817365,0.0,0.3043020607877587,0.0361580043205833,0.0066266452406928,0.3776031033074724,8.903602824072332e-05,4.224868472715404,0.0173458686205123,0.020142918254089,0.2675877755606233,1990424000.0,384147000.0,210371000.0,3269786000.0,291901500.0,228745500.0,18062500.0,45.88766412098868,64.23246486297045,4.515758467516501,1.961311427025432,1.4011606154613625,19.93020677421143,0.0350149597123343,0.010983822690992,2007-07-19,0.12,bmo,529575307.0,2025-04-25,2007-06-30,0.0833333333333334,10.572380952380952,8118097.968253968
2007-03-31,NDAQ,USD,1120193,2007-05-09,2007-05-09 10:55:11,2007,Q1,561947000.0,369880000.0,192067000.0,0.3417884605,0,95989000.0,4875000.0,100864000.0,9839000.0,110703000.0,480583000.0,0.0,0.0,9839000.0,91203000.0,0.1622982239,81364000.0,0.1447894552,-50516000.0,30848000.0,0.0548948566,12532000.0,18316000.0,0.0325938211,0.0533,0.0467,343425000,392485714,https://www.sec.gov/Archives/edgar/data/1120193/000119312507107563/0001193125-07-107563-index.htm,https://www.sec.gov/Archives/edgar/data/1120193/000119312507107563/d10q.htm,1.6363019582150398,0.0533333333333333,0.227112178787217,0.2152405911043168,5.896562568246342,4.198220863361724,0.6351954575234767,4.198220863361724,4.370829147557691,3365565000.0000005,4373368000.0,45.9375,5.989114631806915,43.1504820760039,45.53044548762835,2.3343221614483274,2.3343221614483274,7.782527533735387,47.952019122178,56.07169598440946,59.164328521760304,0.0054421768707482,0.0219633256228894,1.041114626841655,0.3984484143974784,11.050108000833308,4.374426609740064,0.0,4.258353352260319,0.0,0.0,0.1708150412761346,0.0,0.3248083545446896,0.0522719113800707,0.007255132601473,0.4143713792052038,0.0061856367237479,2.244518887430905,0.0149270039500582,0.0072007865982652,-0.1950971827910024,1827306000.0,218142000.0,43353000.0,3112831000.0,266231500.0,185828000.0,14592000.0,47.91862933693035,48.88415161674056,4.400724559316535,1.878183939010084,1.841087489982728,20.451177706513324,0.0127037940759092,0.0118715876829001,2007-04-19,0.07,bmo,842920499.0,2025-04-25,2007-03-31,-0.2857142857142857,10.580491803278688,9582484.344262294
2006-12-31,NDAQ,USD,1120193,2007-02-28,2007-02-28 17:12:28,2006,Q4,447440000.0,264390000.0,183050000.0,0.4091051314,0,121980000.0,8184000.0,130164000.0,-15205000.0,114959000.0,379349000.0,0.0,0.0,10584000.0,78675000.0,0.1758336313,68091000.0,0.1521790631,37431000.0,105522000.0,0.2358349723,42487000.0,63125000.0,0.1410803683,0.18,0.18,343425000,343425000,https://www.sec.gov/Archives/edgar/data/1120193/000119312507042803/0001193125-07-042803-index.htm,https://www.sec.gov/Archives/edgar/data/1120193/000119312507042803/d10k.htm,1.302875445876101,0.1838101477760792,0.1584246924364854,0.1328732619931571,5.678689670233675,4.243869840576545,0.6670626774404892,4.2435903035597295,4.378330057508918,3523540500.0,4705173500.0,13.954615841584156,7.874889370641874,64.76263164666311,77.2164380259467,2.417764031413073,2.417764031413073,10.515764124798856,59.80519224658405,86.48103185251898,103.11127059957924,0.0179152190814892,0.012950610330717,1.0317513577680113,0.4045869555156369,15.01916746107404,5.02143376724896,0.0,0.8631236614579202,0.0,0.0,0.2726175576613624,0.0,0.3305208838967919,0.1612843935523002,0.0196115680314679,0.8290816326530612,0.0220610584659395,4.189312189126652,0.0124518179851381,0.0253708974002918,-0.3735852078328601,1852011000.0,229086000.0,53545000.0,3145645000.0,230826500.0,144571500.0,11274000.0,46.920123368496334,58.12538295699535,3.777828208328606,1.918153524302728,1.5483768952814885,23.82321138943954,0.0433147723101097,0.0255514304433282,2007-02-13,0.08,bmo,346066873.0,2025-04-25,2006-12-31,0.7500000000000001,11.8884126984127,8554711.158730159
2006-09-30,NDAQ,USD,1120193,2006-11-08,2006-11-08 15:51:49,2006,Q3,402859000.0,231709000.0,171150000.0,0.4248384671,0,76925000.0,3487000.0,80412000.0,22879000.0,103291000.0,335000000.0,0.0,0.0,14313000.0,82172000.0,0.2039721093,67859000.0,0.1684435497,-17955000.0,49904000.0,0.1238746063,19678000.0,30226000.0,0.0750287321,0.09,0.0733,335844444,412172727,https://www.sec.gov/Archives/edgar/data/1120193/000119312506228280/0001193125-06-228280-index.htm,https://www.sec.gov/Archives/edgar/data/1120193/000119312506228280/d10q.htm,1.1995404634414617,0.0900000001191027,0.1768140014250168,0.158141666324544,5.539382988869693,3.924057770031176,0.3393952231051349,3.922833989178633,4.782580235271065,3385311995.52,4550969995.52,27.999999962945807,8.403217988229132,57.00905990906335,63.74031736401122,2.5695708836535704,2.5695708836535704,11.296681954529998,55.3834638991384,76.63888039338521,85.68789884430721,0.0089285714403871,0.0156886573734666,1.2191645755247589,0.4534228960914861,14.185586331110354,6.1063930205949655,0.0,1.96460001323364,0.0,0.0,0.190947701304923,0.0,0.3398517104953005,0.1056043919032703,0.0155662402974738,0.4381331656536016,0.0001179072578743,2.8184639147236195,0.0128260853747641,0.012925346353612,-0.5572096050515577,1785195000.0,113984000.0,-89727000.0,3052033000.0,231391000.0,115241000.0,12887000.0,51.02239244996388,45.98483442593943,4.447388750544865,1.7639313971460722,1.9571669904552749,20.23659388646288,0.0229425972058397,0.0186723351004728,2006-10-19,0.05,bmo,292988363.0,2025-04-25,2006-09-30,0.4000000000000001,9.451746031746032,5826074.746031746
2006-06-30,NDAQ,USD,1120193,2006-08-08,2006-08-08 15:26:08,2006,Q2,411032000.0,239881000.0,171151000.0,0.4163933708,0,100425000.0,3820000.0,104245000.0,30576000.0,134821000.0,374702000.0,0.0,0.0,21470000.0,57801000.0,0.1406240877,36330000.0,0.0883872788,-8591000.0,27739000.0,0.0674862298,11095000.0,16644000.0,0.0404931976,0.0533,0.0433,312075000,384092308,https://www.sec.gov/Archives/edgar/data/1120193/000119312506165568/0001193125-06-165568-index.htm,https://www.sec.gov/Archives/edgar/data/1120193/000119312506165568/d10q.htm,1.3170936473604102,0.0533333333333333,0.1075702956020187,0.090462228630938,5.461321797644797,3.779014659937515,-0.0518849635504285,3.77726828486742,5.205200672915165,3111387750.0,4246983750.0,46.734375,7.56969712820413,92.68357908847184,110.21174418192768,2.639473621702236,2.639473621702236,10.33248931956636,73.47595629833394,126.51128239499552,150.4368867556941,0.0053493814777666,0.0090734431926718,1.378033086441956,0.4756373940994965,19.6466497119427,5.82801578998268,0.0,2.0169430425378514,0.0,0.0,0.2443240428969034,0.0,0.3500574191988016,0.1590408102472445,0.0129892563109441,0.2486725663716814,0.0001167792288678,2.129019009271853,0.0070641037745517,0.0074982903141226,-1.1170319634703196,1647459000.0,-16192000.0,-247210000.0,2937292000.0,237706500.0,112363500.0,13827000.0,51.32337628213862,42.0553524455876,5.374164689992121,1.7535868939183856,2.140036755522249,16.746788606534487,0.0141195513029875,0.0171080669710806,2006-07-20,0.02414,bmo,252942769.0,2025-04-25,2006-06-30,0.6570008285004142,11.26015873015873,8090069.126984127
2006-03-31,NDAQ,USD,1120193,2006-05-10,2006-05-10 16:14:06,2006,Q1,396239000.0,234221000.0,162018000.0,0.4088895843,0,82510000.0,5031000.0,87541000.0,32666000.0,120207000.0,354428000.0,0.0,0.0,24549000.0,66360000.0,0.1674746807,41811000.0,0.1055196485,-11831000.0,29980000.0,0.0756614064,11992000.0,17298000.0,0.0436554706,0.0667,0.0533,259470000,324337500,https://www.sec.gov/Archives/edgar/data/1120193/000119312506107632/0001193125-06-107632-index.htm,https://www.sec.gov/Archives/edgar/data/1120193/000119312506107632/d10q.htm,1.5271091070258604,0.0666666666666666,0.2070220063976567,0.2045168998342775,2.2976837399313985,2.012760627432844,-2.631078737426292,2.009438470728793,4.5887655605657685,3463924500.0,4279666500.0,50.0625,8.742007980032254,64.48589805644501,65.27577921833189,6.64364706581842,6.64364706581842,10.800720019987937,64.49165913200723,79.67209956065231,80.6479949496853,0.0049937578027465,0.0153196179651144,2.2836059065304406,0.5074038576683101,12.29267631103074,2.478112451477887,0.0,2.986213030909495,0.0303294716729536,6.073476702508961,0.2082329099356701,0.0,0.5134936568498308,0.0121006776379477,0.0016404240874825,0.0264776569310358,0.006955398130926,1.7361329747727243,0.012573539362166,0.0151522849309308,-4.01082013334875,530431000.0,-682686000.0,-935008000.0,1843131000.0,224325000.0,115759500.0,11641500.0,54.74377837618205,43.28027802801627,5.122085551679824,1.644022438158146,2.0794690815465886,17.570967741935483,0.033176764373625,0.0025051065633791,2006-04-20,0.03875,bmo,297179250.0,2025-04-25,2006-03-31,0.2903225806451613,13.47467741935484,5585617.661290322
2005-12-31,NDAQ,USD,1120193,2006-03-15,2006-03-15 15:23:24,2005,Q4,259575000.0,120947000.0,138628000.0,0.5340575941,0,70525000.0,4194000.0,74719000.0,30689000.0,105408000.0,226355000.0,0.0,0.0,20267000.0,53487000.0,0.2060560532,33220000.0,0.1279784263,-3758000.0,29462000.0,0.113500915,12316000.0,16102000.0,0.062032168,0.0661,0.0661,256068187,259470000,https://www.sec.gov/Archives/edgar/data/1120193/000119312506054916/0001193125-06-054916-index.htm,https://www.sec.gov/Archives/edgar/data/1120193/000119312506054916/d10k.htm,1.0136948405855664,0.0628816886183522,0.0683411719551089,0.0220331938383271,1.3457587373007018,0.9919428218547116,-3.6059379762000656,0.9880454224483576,4.656681542404954,3003679833.51,4030870833.51,46.635198011271896,11.571529744813638,171.63884762914287,532.3785596437434,11.871923834162692,11.871923834162692,15.528732865299048,75.36169225250995,230.33547620057143,714.4400626568593,0.0053607577679754,0.0018783626460636,4.713023750331018,0.5825855756293037,19.20449828930394,1.8349573353661537,0.0,1.0206462148606088,0.0002377084241916,0.0443423177245062,0.2716941153809111,0.0,0.575229164162741,0.6776,0.0456823654049889,0.5850890610351803,0.0,1.1823384470580678,0.0111819045009435,0.0185204994162741,-5.027858068132455,271635000.0,-923366000.0,-1195818000.0,1571582000.0,170454000.0,87535000.0,10609500.0,71.9902918231725,88.46486477548017,7.406301933904934,1.250168567465516,1.017353050031964,12.151813523560737,0.0636425079148007,0.0463079781167818,2006-01-30,0.05,bmo,259575000.0,2025-04-25,2005-12-31,0.0,11.578888888888889,4236450.761904762
2005-09-30,NDAQ,USD,1120193,2005-11-08,2005-11-08 15:42:05,2005,Q3,220465000.0,89821000.0,130644000.0,0.5925838568,0,73674000.0,1470000.0,75144000.0,24138000.0,99282000.0,189103000.0,0.0,0.0,14171000.0,46313000.0,0.2100696256,31362000.0,0.1422538725,-669000.0,30693000.0,0.1392193772,12891000.0,16426000.0,0.0745061574,0.0667,0.0533,246390000,307987500,https://www.sec.gov/Archives/edgar/data/1120193/000119312505219734/0001193125-05-219734-index.htm,https://www.sec.gov/Archives/edgar/data/1120193/000119312505219734/d10q.htm,0.8947806323308576,0.0666666666666666,0.0341004099192337,0.0157879784082146,2.212938836803441,0.83748122894598,0.0996022565850886,0.8327894800925362,1.896720646130119,2081995500.0,2260564500.0,31.6875,9.44365545551448,247.79760771244932,535.2173521850899,10.146621927862332,10.146621927862332,10.253620756129092,48.81058234189105,269.0507617233992,581.1219794344473,0.0078895463510848,0.001868399811623,2.277551159651252,0.4197961262551224,3.855699263705655,3.0068983580134985,0.0,0.4719694416357712,0.000343900839363,0.0435894313892609,0.3341754927085932,0.0,0.1633127866637682,0.5370149964294215,0.0204658335790261,0.3183967257074306,0.0001641983988388,1.11766910136176,0.0210273948923836,0.0176352111587319,-1.0392264296440603,498062000.0,24541000.0,-160654000.0,806249000.0,123068000.0,51201500.0,9367000.0,54.4070033792212,56.29797040781109,11.288451475712806,1.6541988054863592,1.598636671056847,7.972749866856027,0.0800522440068034,0.0183124315110191,2005-10-26,0.0375,bmo,165348750.0,2025-04-25,2005-09-30,0.3333333333333335,7.5321875,1791217.875
2005-06-30,NDAQ,USD,1120193,2005-08-09,2005-08-09 16:10:01,2005,Q2,219686000.0,89225000.0,130461000.0,0.5938521344,0,76738000.0,2026000.0,78764000.0,25374000.0,104138000.0,193363000.0,0.0,0.0,15396000.0,41256000.0,0.1877953078,26323000.0,0.1198210173,-1537000.0,24786000.0,0.1128246679,10815000.0,11727000.0,0.0533807343,0.05,0.0433,234540000,270623077,https://www.sec.gov/Archives/edgar/data/1120193/000119312505162592/0001193125-05-162592-index.htm,https://www.sec.gov/Archives/edgar/data/1120193/000119312505162592/d10q.htm,0.936667519399676,0.05,0.0375031977487848,0.0213311162275091,2.346465421676473,0.698030186748529,-0.0766820158608339,0.698030186748529,1.9921505926494416,1475256600.0,1638209600.0,31.45,6.715296377557059,167.71903137789906,294.8743953627823,9.011071611815584,9.011071611815584,7.457050517556876,39.708396354469656,186.2448385629832,327.44545272836297,0.0079491255961844,0.0033912744399855,2.8539605169928413,0.435854836633377,3.949801241031607,2.762993235066558,0.0,0.6295898647197766,0.0005327886687644,0.0670248145305704,0.3493076481887785,0.0,0.1694962528194805,0.431218735788995,0.0172655517420318,0.2463626916082099,0.000167967007456,0.8861624907950545,0.0180949729468634,0.0131718905318963,-1.1493604502430288,444336000.0,-17985000.0,-211919000.0,760713000.0,110438000.0,44497500.0,15103500.0,46.235991369500105,46.61843653684505,7.5328663491174,1.946535530746057,1.9305666746002552,11.947643277986074,0.071630139998534,0.0161720815212756,2005-07-28,0.02615,bmo,152090307.0,2025-04-25,2005-06-30,0.5296367112810708,5.125,2763537.078125
2005-03-31,NDAQ,USD,1120193,2005-05-10,2005-05-10 16:55:51,2005,Q1,180193000.0,53915000.0,126278000.0,0.7007930386,0,73609000.0,1346000.0,74955000.0,28565000.0,103520000.0,157435000.0,0.0,0.0,18510000.0,41268000.0,0.2290211051,22758000.0,0.1262979139,-1437000.0,21321000.0,0.1183231313,8550000.0,10844000.0,0.0601799182,0.0467,0.0433,232371429,250246154,https://www.sec.gov/Archives/edgar/data/1120193/000119312505102923/0001193125-05-102923-index.htm,https://www.sec.gov/Archives/edgar/data/1120193/000119312505102923/d10q.htm,0.7754524761303594,0.0466666665805975,0.3709793427315025,0.3484335417156642,1.4872611555011783,0.7252268522220088,-0.0600719290666323,0.7252268522220088,1.14041558869959,829566001.53,1010625001.53,19.12500003527296,4.6037637507006375,9.623177327649207,10.245856304251166,4.922597652116637,4.922597652116637,5.608569708756722,24.489313791072984,11.723507934922567,12.482091267075068,0.0130718954007276,0.0976004318531272,1.5724949858178754,0.2985952501946503,4.387394591451003,1.7960015654556127,0.0,6.750058726802913,0.00121027139269,0.0925857617115455,0.4085008851620207,0.0,0.2056149428330942,0.0607737370222144,0.0290743813577663,0.2830361966504592,0.0,0.8726329087472392,0.0222911744390116,0.0153813857431405,-1.2092213797936406,219663000.0,-13959000.0,-223346000.0,564254000.0,106137000.0,41479000.0,23474000.0,53.95015344658228,71.40906983214319,37.95808216637299,1.6682065619908162,1.2603441021085604,2.3710365451427062,0.064347681608336,0.0225458010158383,2005-04-21,0.02615,bmo,124749000.0,2025-04-25,2005-03-31,0.5296367112810708,3.2939344262295083,1460537.6393442622
2004-12-31,NDAQ,USD,1120193,2005-03-14,2005-03-11 17:32:05,2004,Q4,168054000.0,46668000.0,121386000.0,0.7223035453,0,84976000.0,3794000.0,88770000.0,32634000.0,121404000.0,168072000.0,0.0,0.0,21471000.0,21453000.0,0.1276553965,-18000.0,-0.0001071084,-1595000.0,-1613000.0,-0.0095981054,514000.0,7431000.0,0.04421793,0.032,0.032,232371429,232371429,https://www.sec.gov/Archives/edgar/data/1120193/000119312505048077/0001193125-05-048077-index.htm,https://www.sec.gov/Archives/edgar/data/1120193/000119312505048077/d10k.htm,0.7232128352578148,0.0319789744891571,-0.01032398866902,-0.0628304437547698,1.1262098835739398,0.6737618332587695,-0.1102071804188973,0.6737618332587695,1.14041558869959,790062858.6,996876858.6,26.579964291481627,4.70124399657253,-329.33007861609,-54.11389442465754,5.046293559781047,5.046293559781047,5.931884147952444,46.46794660886589,-415.538498791163,-68.27923689041096,0.009405580732105,-0.0184795422808146,1.692609364920192,0.3252252031123438,9.6403300237729,1.94990783233165,0.0,1.1278796426892337,0.0012707849623245,0.1351096756829498,0.5056469944184607,0.0,0.2235733045335166,-5.085869112130054,0.0726016637509372,0.568254855386335,0.0,0.6962684688716517,-3.9135596543879714e-05,0.0117458681604936,-1.3179761441325903,197881000.0,-25609000.0,-252060000.0,553893000.0,98270000.0,38734000.0,26921000.0,55.83455317933521,77.48778606325534,46.6874517870918,1.6119050816244318,1.1614733698357391,1.927712834069974,0.0474633214744224,0.0525064550857498,2005-02-24,0.1119,bmo,588189000.0,2025-04-25,2004-12-31,-0.7142091152815012,2.52484375,124153.125
2004-09-30,NDAQ,USD,1120193,2004-11-05,2004-11-05 16:42:35,2004,Q3,123970000.0,9177000.0,114793000.0,0.925974026,0,90949000.0,2819000.0,93768000.0,29991000.0,123759000.0,132936000.0,0.0,0.0,19053000.0,10087000.0,0.0813664596,-8966000.0,-0.0723239493,-1354000.0,-10320000.0,-0.0832459466,-4835000.0,-5485000.0,-0.0442445753,-0.0225,-0.0225,243337500,243337500,https://www.sec.gov/Archives/edgar/data/1120193/000110465904033942/0001104659-04-033942-index.htm,https://www.sec.gov/Archives/edgar/data/1120193/000110465904033942/a04-12471_110q.htm,0.5094570298453793,-0.0225407099193506,0.0658714748035136,0.0505347511172753,1.079028098833924,0.6455314121333539,-0.111150151538501,0.6455314121333539,1.0890224482457491,559676250.0,776690250.0,-25.50940063810392,4.5146103896103895,34.91647950589556,45.51323493535008,3.562955972040081,3.562955972040081,6.265146809712027,76.99913254684247,48.45531536589931,63.160953891192975,-0.0098003086605872,0.0219716309205545,1.687016972027349,0.3115686009394087,21.51422623178348,1.6595378175735838,0.0,-2.922333637192343,0.0017938942379634,-0.1830446672743846,0.733637170283133,0.0,0.2164860940466882,0.2328279992513569,0.0301040574332499,0.1958746654070225,0.0003073324191336,,-0.0078095426495443,-0.0082307182108204,-1.4254153182308522,158512000.0,-27047000.0,-294603000.0,547976000.0,83237000.0,29978500.0,33417500.0,66.99507945470678,365.6881333769205,290.61457992808107,1.3433822413905203,0.2461113494958163,0.3096885229305166,-0.0349180682700755,0.0153367236862382,2004-10-28,-0.0075,bmo,61985000.0,2025-04-25,2004-09-30,3.0,2.0446875,104807.921875
2004-06-30,NDAQ,USD,1120193,2004-08-06,2004-08-06 13:04:30,2004,Q2,120013000.0,43809000.0,76204000.0,0.6349645455,0,79639000.0,3537000.0,83176000.0,28274000.0,111450000.0,111450000.0,0.0,0.0,16821000.0,25384000.0,0.2115104197,8563000.0,0.0713506037,-1202000.0,7361000.0,0.061335022,2576000.0,4785000.0,0.0398706807,0.0258,0.0258,185700000,185700000,https://www.sec.gov/Archives/edgar/data/1120193/000110465904022914/0001104659-04-022914-index.htm,https://www.sec.gov/Archives/edgar/data/1120193/000110465904022914/a04-8833_110q.htm,0.6462735595045773,0.0257673667205169,0.2668766828217555,0.2440280021540118,2.2795422724824985,0.8746418955304254,0.8702692514808832,0.8746418955304254,1.4270328486806678,389970000.0,432585000.0,20.37460815047022,3.249397981885296,7.868802841058133,8.605569776679319,2.400982631556265,2.400982631556265,3.604484514177631,17.04164040340372,8.728687019512098,9.545966104687086,0.0122701746288176,0.1162038105495294,1.6315624211154962,0.3099107106311068,1.678813425780019,2.2176954431777585,0.0,10.357157784743992,0.0090955714542144,0.7412748171368861,0.6635864448018132,0.0,0.0009496131963489,0.0856151254060816,0.0353545032621466,0.2522442185363533,0.0003074666911084,0.7121007060826177,0.0091435677215658,0.0056012539317056,-1.0506623586429726,299933000.0,161609000.0,-146419000.0,515371000.0,92822000.0,23612500.0,38016500.0,55.63797255297343,46.57056769157023,76.42676162432376,1.6176002803536769,1.9325510609202,1.1775979786033008,0.0294604761699533,0.0228486806677436,2004-07-29,0.01031,bmo,240026000.0,2025-04-25,2004-06-30,1.4995150339476238,2.483548387096774,33203.22580645161
2004-03-31,NDAQ,USD,1120193,2004-05-10,2004-05-07 18:53:58,2004,Q1,128404000.0,44701000.0,83703000.0,0.6518722158,0,97544000.0,2640000.0,100184000.0,19616000.0,119800000.0,119800000.0,0.0,0.0,19532000.0,28220000.0,0.2197750849,8604000.0,0.0670072583,-1479000.0,7125000.0,0.0554889256,2494000.0,4631000.0,0.0360658546,0.0169,0.0169,274800000,274800000,https://www.sec.gov/Archives/edgar/data/1120193/000110465904013296/0001104659-04-013296-index.htm,https://www.sec.gov/Archives/edgar/data/1120193/000110465904013296/a04-5305_110q.htm,0.4672634643377001,0.0168522561863173,0.1959097525473071,0.1746106259097525,1.4445123726346434,0.5895269286754002,0.5864665211062591,0.5895269286754002,0.9643377001455604,788676000.0,920068000.0,42.57590153314619,6.142145104513878,14.649602496470765,16.43657128566367,4.868310267774473,4.868310267774473,7.1654154076197,32.60340184266477,17.090199866260495,19.17487443469562,0.0058718662670095,0.0608399393413771,1.63578227429291,0.3033872904767302,4.655988660524451,2.1588732914523567,0.0,11.625134960051824,0.0035489858953486,0.6044050960915569,0.7596648079499081,0.0,0.0009628253256261,0.1087190727394308,0.045582692127971,0.2996620929756297,0.0,0.4727941663053172,0.0091149843287725,0.0053069456699861,-0.7696961426491994,301241000.0,161161000.0,-150285000.0,530089000.0,115294000.0,27257500.0,39645500.0,78.11812716114764,49.44050468669605,78.18147245028076,1.1521013530488462,1.82036976706304,1.1511678813319255,0.028586066838681,0.0212991266375545,2004-04-29,0.00632,bmo,192606000.0,2025-04-25,2004-03-31,1.6661392405063291,3.100322580645161,52373.32258064516
2003-12-31,NDAQ,USD,1120193,2004-03-15,2004-03-15 17:04:40,2003,Q4,127777000.0,-271759000.0,399536000.0,3.1268225111,0,72872000.0,4909000.0,77781000.0,235000.0,78016000.0,78016000.0,0.0,0.0,11632000.0,73023000.0,0.5714878264,49761000.0,0.3894362835,-12346000.0,37415000.0,0.2928148258,-1923000.0,-20997000.0,-0.1643253481,-0.0764,-0.0764,274800000,274800000,https://www.sec.gov/Archives/edgar/data/1120193/000110465904007461/0001104659-04-007461-index.htm,https://www.sec.gov/Archives/edgar/data/1120193/000110465904007461/a04-3218_110k.htm,0.4649818049490538,-0.0764082969432314,0.0593668122270742,0.0705713245997088,1.3042139737991267,0.5847743813682679,0.5816048034934498,0.5847743813682679,0.9701855895196506,865620000.0,983298000.0,-10.306472353193314,6.774458627139469,53.05994851048179,44.6356932913938,5.386692885946133,5.386692885946133,7.69542249387605,13.46559303233228,60.27326222876057,50.70375908833084,-0.0242566022042004,0.0224035951110186,1.659076766067606,0.3131932419700818,1.6115196581898854,2.228736991385804,0.0,-0.7769681383054722,0.0095642429703565,-0.3942944230128113,0.570306080123966,0.0,0.0010231963667718,0.1887336030403334,0.0240966684145033,0.2647008253094911,-0.0003913067296931,,0.0850389954542629,-0.024691227364611,-0.8099636098981077,291986000.0,159825000.0,-160941000.0,535800000.0,123592000.0,37350500.0,47203500.0,83.91369338769888,-9.921695325637788,-13.399372237901964,1.0725305533172174,-9.071030408224573,-6.716732575383094,-0.1306628665305919,0.0112045123726346,2004-02-25,-0.13,bmo,293135470.0,2025-04-25,2003-12-31,-0.5384615384615385,2.9275,31973.4375
2003-09-30,NDAQ,USD,1120193,2003-11-14,2003-11-14 15:40:36,2003,Q3,144786000.0,46527000000.0,-46382214000.0,-320.3501305375,0,94267000.0,3795000.0,98062000.0,92287000.0,190349000.0,190349000.0,0.0,0.0,29210000.0,8351000.0,0.0576782286,-45563000.0,-0.3146920282,-2694000.0,-45977000.0,-0.3175514207,-7969000.0,-38008000.0,-0.2625115688,-0.16,-0.16,233942308,236361905,https://www.sec.gov/Archives/edgar/data/1120193/000104746903037495/0001047469-03-037495-index.htm,https://www.sec.gov/Archives/edgar/data/1120193/000104746903037495/a2122640z10-q.htm,0.6188961767445673,-0.1624674062803552,-0.0947327577874456,-0.1104845045813602,1.4934280292729265,0.7793972862745289,0.771087545225039,0.7793972862745289,1.2060879556681128,626965385.44,781284385.44,-4.123904082298464,4.33029012086804,-28.290108538940533,-24.256795196347746,3.4385544409709654,3.4385544409709654,5.396132122166509,93.55578798227758,-35.25333387961376,-30.227275329438623,-0.0606221665225206,-0.0412255614109553,1.5474623493149933,0.3101136018921925,18.47910429888636,2.0963817289179096,0.0,0.5830877709955798,0.0040544503078364,-0.0668806567038518,0.6510781429143702,0.0,0.0021366300156949,-0.1662756068946846,0.0254513557940684,0.1261554262238959,0.2645283383752573,,-0.0574781199598954,-0.0418636413701949,-1.0905445115126418,290983000.0,180390000.0,-171124000.0,571388000.0,133590500.0,45871500.0,52109500.0,79.59554100534582,0.0865471661615835,0.104352956347927,1.1307166062726477,1039.8954002950247,862.457597271396,-0.2084526199172946,0.0157517467939146,2003-11-05,-0.02942,bmo,25059115.0,2025-04-25,2003-09-30,4.778382053025153,2.66296875,50221.875
2003-06-30,NDAQ,USD,1120193,2003-08-14,2003-08-14 16:28:08,2003,Q2,151395000.0,58248000.0,93147000.0,0.6152580997,0,117839000.0,5507000.0,123346000.0,23294000.0,146640000.0,146640000.0,0.0,0.0,23013000.0,-17855000.0,-0.1179365237,4755000.0,0.0314079065,-2616000.0,-62215000.0,-0.4109448793,-13207000.0,-49008000.0,-0.3237095016,-0.21,-0.21,234327273,234327273,https://www.sec.gov/Archives/edgar/data/1120193/000104746903027763/0001047469-03-027763-index.htm,https://www.sec.gov/Archives/edgar/data/1120193/000104746903027763/a2116700z10-q.htm,0.6460835653560479,-0.2091433889558387,0.0972912785956417,0.0597284294773489,2.2643629706730724,0.9952405326715852,0.9690165258740496,0.9668955606375362,1.8485214907101315,627997091.64,792049091.64,-3.203543766527914,4.148070224512038,27.54614841828231,44.86975504715633,2.771757477335923,2.771757477335923,5.231672721291984,-44.36007234052086,34.74204279498201,56.591104004001146,-0.0780385779685965,0.0222867274169212,1.911810919362669,0.371395230394872,-9.18801456174741,2.414498744732215,0.0,-0.4651893568396996,0.0040509741746675,-0.0519098922624877,0.778354635225734,0.0,0.0052687897302756,0.3860864988156856,0.0581393044684434,0.3824794681267109,0.0003296013738894,,0.0043244191445226,-0.0422425585502651,-1.1650468445471986,440035000.0,227067000.0,-181966000.0,775167000.0,145809500.0,54459000.0,51882000.0,82.71059149905875,72.62206427688504,77.67614338689741,1.0881315000754674,1.2392927810046594,1.1586569064290262,-0.2163040120051198,0.0375628491182927,2003-08-05,-0.00285,bmo,21627857.0,2025-04-25,2003-06-30,6.017543859649122,2.093492063492063,95571.42857142857
2003-03-31,NDAQ,USD,1120193,2003-05-09,2003-05-09 17:04:53,2003,Q1,165887000.0,56229000.0,109658000.0,0.6610403467,0,113541000.0,5303000.0,118844000.0,25508000.0,144352000.0,144352000.0,0.0,0.0,26078000.0,33438000.0,0.2015709489,21535000.0,0.1298172853,-2464000.0,4424000.0,0.0266687564,1858000.0,2566000.0,0.015468361,0.0089,0.0089,287400000,287400000,https://www.sec.gov/Archives/edgar/data/1120193/000104746903017768/0001047469-03-017768-index.htm,https://www.sec.gov/Archives/edgar/data/1120193/000104746903017768/a2110525z10-q.htm,0.5771990257480862,0.0089283228949199,0.3072964509394572,0.2300974251913709,1.810998608211552,0.9365240083507308,0.8714857341684064,0.9467571329157968,1.5734516353514263,666768000.0,841671000.0,64.9618082618862,4.019410803739895,7.549712965793675,10.08268561923484,2.4504700512315414,2.4504700512315414,5.073761054211602,25.171092768706263,9.530113115255274,12.727521548465145,0.0038484150409137,0.0991799246514529,1.6619379782284325,0.373537416932716,5.230665709671631,2.484671990496304,0.0,34.41816056118472,0.0009748518225229,0.2533125487139517,0.6844478470283989,0.0,0.0154400862371604,0.2512200369124857,0.1337476716077812,0.8507937725285681,0.0034360739539566,0.4361094486240469,0.0135333237496594,0.0021528236303855,-0.973787404314544,449915000.0,250465000.0,-188503000.0,824038000.0,159478500.0,80837500.0,53270000.0,82.72944835942539,99.10419890092302,85.61916448807555,1.0878834778274726,0.9081350840641504,1.0511665295745158,0.0094304258024682,0.0771990257480862,2003-04-30,0.00406,bmo,829435000.0,2025-04-25,2003-03-31,1.1995073891625616,2.793606557377049,27944.262295081968
2002-12-31,NDAQ,USD,1120193,2003-03-31,2003-03-31 16:31:41,2002,Q4,212369000.0,-376960000.0,589329000.0,2.7750236616,0,134167000.0,12952000.0,147119000.0,65259000.0,212378000.0,212378000.0,0.0,0.0,22996000.0,22987000.0,0.1082408449,-9000.0,-4.23791e-05,637000.0,628000.0,0.0029571171,308000.0,320000.0,0.0015068113,0.0014,0.0014,235020798,235020798,https://www.sec.gov/Archives/edgar/data/1120193/000104746903011291/0001047469-03-011291-index.htm,https://www.sec.gov/Archives/edgar/data/1120193/000104746903011291/a2106487z10-k.htm,0.9036179002336636,0.0013615816247887,0.0222788793356067,-0.0057569373073101,1.893747292952345,1.1249642680559702,1.0541492587392205,1.1525448058430985,1.928122974035685,782619257.34,1031497257.34,611.421294796875,3.685185960945336,149.46891851413292,-578.4325627050998,2.889258606795829,2.889258606795829,4.857098999100622,44.87306988036717,197.00100407563025,-762.3778694308943,0.0004088833708074,-0.0017288100021952,1.6729266960040166,0.3853589633255493,10.826902162091615,2.3590456946940543,0.0,16.3625,0.0,0.0,0.6317635813136568,0.0,0.0141532459006355,1.2584033613445378,0.0310261855543888,0.2865280918420594,0.014856217244513,0.1879065889240956,-5.117272752897859e-06,0.0002760355430266,-1.340633478744294,401545000.0,247747000.0,-214518000.0,779413000.0,176311500.0,94791000.0,51936000.0,70.5488560006404,-23.817434210526315,-12.665322580645162,1.275711685518799,-3.778744561839652,-7.106017191977077,0.0011813697982811,0.0280358166429168,2003-03-10,-0.00272,bmo,424738000.0,2025-04-25,2002-12-31,-1.5,3.03734375,50456.25
2002-09-30,NDAQ,USD,1120193,2002-11-14,2002-11-14 17:19:21,2002,Q3,187194000.0,58776000000.0,-58588806000.0,-312.9844225776,0,119236000.0,6121000.0,125357000.0,36363000.0,161720000.0,161720000.0,0.0,0.0,25606000.0,51080000.0,0.2728719938,25474000.0,0.1360834215,-537000.0,24937000.0,0.1332147398,12226000.0,10270000.0,0.0548628695,0.0433,0.0433,237000000,237000000,https://www.sec.gov/Archives/edgar/data/1120193/000110465902006220/0001104659-02-006220-index.htm,https://www.sec.gov/Archives/edgar/data/1120193/000110465902006220/j5373_10q.htm,0.7898481012658228,0.0433333333333333,0.0755147679324894,-0.0425400843881856,2.0013755274261604,1.111308016877637,1.0371518987341772,1.122506329113924,1.9123037974683543,739440000.0,918486000.0,18.0,3.9501266066220073,41.31642174666145,-73.34259075580242,2.779494350346196,2.779494350346196,4.906599570499054,17.981323414252152,51.32066826842488,-91.10156714937511,0.0138888888888888,-0.0136346424321107,1.7036017952592526,0.3803570799141289,3.5052075176194206,2.56138999428468,0.0,1.40799307686256,0.0,0.0,0.6369648599848285,0.0,0.0147496462602618,1.5633346370900152,0.1494652606386957,1.0926735921268451,0.0,1.0461566187173297,0.0142079871272883,0.008748027009001,-1.2186582278481013,439842000.0,245805000.0,-206633000.0,816609000.0,195339000.0,102588500.0,54465500.0,89.49902240456426,0.1375418538178848,0.0778236014699877,1.0055975761743092,654.3462771642323,1156.4615142452385,0.0386040881992527,0.1180548523206751,2002-11-14,,bmo,,2025-04-25,2002-09-30,,3.79546875,28190.625
2002-06-30,NDAQ,USD,1120193,2002-08-14,2002-08-14 18:09:02,2002,Q2,205262000.0,54874000000.0,-54668738000.0,-266.3363798462,0,146073000.0,4216000.0,150289000.0,40003000.0,190292000.0,190292000.0,0.0,0.0,25852000.0,73815000.0,0.3596135671,14970000.0,0.0729311806,-30885000.0,17078000.0,0.0832009822,8308000.0,8770000.0,0.042725882,0.037,0.037,237337500,237337500,https://www.sec.gov/Archives/edgar/data/1120193/000110465902004211/0001104659-02-004211-index.htm,https://www.sec.gov/Archives/edgar/data/1120193/000110465902004211/j4699_10q.htm,0.864852794016959,0.0369515984621056,0.0939674514141254,0.005616474429873,1.9575372623373888,1.072013482909359,0.9951145520619372,1.0707494601569494,1.9241249275820296,1186687500.0,1312519500.0,33.828035917901936,5.781330689557736,53.20991390906645,890.2381845461365,4.6696264495590825,4.6696264495590825,6.394361839989867,17.781203007518798,58.85209846650525,984.6357839459864,0.0073903196924211,0.0011232948859746,1.7969889308186,0.3703138772726646,1.7046941678520626,2.208943864128057,0.0,2.542987457240593,0.0,0.0,0.711641706696807,0.0,0.0147998400893942,0.9402295758227962,0.1021572429382935,0.8111171282686059,0.0,0.9435215113434404,0.0085081959109182,0.007218475346067,-1.3976510243851057,403456000.0,236178000.0,-241578000.0,791562000.0,222785500.0,113868500.0,54110000.0,89.67729048727966,0.1891928782301271,0.0953025112074935,1.0035985644856888,475.7050098393627,944.3612645636498,0.034510032306427,0.0883509769842523,2002-10-28,0.03693,bmo,172794461.0,2025-04-25,2002-06-30,0.0831302464121311,,
2002-03-31,NDAQ,USD,1120193,2002-05-15,2002-05-15 16:30:01,2002,Q1,211293000.0,53211000.0,158082000.0,0.7481648706,0,143467000.0,3822000.0,147289000.0,25303000.0,172592000.0,172592000.0,0.0,0.0,26612000.0,65313000.0,0.3091110449,38701000.0,0.1831627172,2833000.0,41534000.0,0.1965706389,20207000.0,21327000.0,0.1009356675,0.0633,0.06,234116739,234116739,https://www.sec.gov/Archives/edgar/data/1120193/000091205702020801/0000912057-02-020801-index.htm,https://www.sec.gov/Archives/edgar/data/1120193/000091205702020801/a2079900z10-q.htm,0.902511289464014,0.0910955794579045,0.477155117046116,0.3496076374103263,1.3119053396690272,1.0367605538876057,0.9557368727914838,1.0241343742618934,1.300116349220121,1170583695.0,1302551695.0,13.7218513504009,5.540096903352217,10.478772670307045,14.301747058607925,4.882171837659061,4.882171837659061,6.1646703629557065,19.94322255906175,11.660117223167129,15.91408196801427,0.0182191158915809,0.0699215274820652,1.2694782851685178,0.275395546499729,2.020547211121829,1.6369416760199598,0.0,5.237961269751958,0.0,0.0,0.678995518072061,0.0,0.0171627415871441,0.2673082087548115,0.1413250793921237,1.1220877799488953,0.006195188671655,1.4488331756928667,0.0268644104172453,0.0196331680588875,-1.4930190446570333,235506000.0,223754000.0,-257269000.0,626749000.0,217542500.0,117760000.0,50641500.0,102.67282872598712,190.08400518689743,84.76010599312171,0.8765707647949553,0.4734748718678815,1.0618202861532935,0.0889488545129229,0.1275474796357897,2002-05-15,,bmo,,2025-04-25,2002-03-31,,,
2001-12-31,NDAQ,USD,1120193,2002-03-28,2002-03-28 00:00:00,2001,Q4,215451000.0,-431229000.0,646680000.0,3.0015177465,0,0.0,10420000.0,10420000.0,688568000.0,688568000.0,204489000.0,0.0,0.0,34725000.0,45687000.0,0.2120528566,-21446000.0,-0.0995400346,2224000.0,-19222000.0,-0.0892175019,-5965000.0,-13257000.0,-0.0615313923,-0.0566,-0.0566,234116739,234116739,https://www.sec.gov/Archives/edgar/data/1120193/000091205702012206/0000912057-02-012206-index.htm,https://www.sec.gov/Archives/edgar/data/1120193/000091205702012206/a2074352z10-k.htm,0.9202716598576918,-0.0566255965149078,-0.1315924701992368,-0.2298938565003675,2.2286317596453453,2.237195863214206,2.1540364954425577,2.214228688705595,1.3033113364867088,1170583695.0,1181979695.0,-22.074822640868977,5.433178286478132,-37.99609500779018,-21.749167533722268,2.2581226706636723,2.2581226706636723,5.486071983884967,25.87124772911331,-38.36599892884965,-21.960902511983942,-0.0113251193029815,-0.0459787713000735,0.5886073751707216,0.2300673100340735,0.2494363823407096,2.7769253828963865,0.0,2.323904352417591,0.0,0.0,0.0,0.0,0.014679725029425,-0.7470137626590496,0.1068177915164004,0.6627501799856012,0.0319469392112359,,-0.0142610058200728,-0.0101447678342676,-0.4681895043822561,521620000.0,504296000.0,12686000.0,919922000.0,200709000.0,61568000.0,48703000.0,81.05601737750115,-25.69919926535553,-10.67947656581538,1.1103432282003711,-3.5020546387733886,-8.427379323822553,-0.0255735086460334,0.0983013863011307,2002-03-28,,bmo,,2025-04-25,2001-12-31,,,
2001-09-30,NDAQ,USD,1120193,2001-11-14,2001-11-14 00:00:00,2001,Q3,197708000.0,166541000.0,31167000.0,0.1576415724,0,0.0,5948000.0,5948000.0,185006000.0,190954000.0,190954000.0,0.0,0.0,22894000.0,29648000.0,0.1499585247,6754000.0,0.0341614907,6927000.0,13681000.0,0.0691980092,5736000.0,7945000.0,0.0401855261,0.0233,0.0233,340500000,340500000,https://www.sec.gov/Archives/edgar/data/1120193/000095017201501137/0000950172-01-501137-index.htm,https://www.sec.gov/Archives/edgar/data/1120193/000095017201501137/s566685.txt,0.580640234948605,0.0233333333333333,-0.0480616740088105,-0.1146020558002936,0.9665168869309838,1.5592393538913365,1.5592393538913365,1.546179148311307,0.8534654919236417,1702500000.0,1664006000.0,53.57142857142857,8.611184170595019,-104.03299725022914,-43.629234790630925,3.233777926355337,3.233777926355337,8.416482893964837,56.12540474905558,-101.68078215704249,-42.64276561939419,0.0046666666666666,-0.0229204111600587,0.5519835737377344,0.2204132867636741,-1.2983675121424716,2.858558331983973,0.0,-2.0597860289490244,0.0,0.0,0.0,0.0,0.0,-1.384479071188512,0.1145982964776336,0.9896479426924084,0.0,0.9009683972612116,0.0037995451387387,0.0060259925443037,-0.8216842878120412,539467000.0,530921000.0,42194000.0,919876000.0,215404500.0,0.0,42013500.0,94.4019463046513,0.0,24.986279654859764,0.9533701742711376,0.0,3.6019768146033395,0.0150909636563249,0.0665403817914831,2001-11-14,,bmo,,2025-04-25,2001-09-30,,,
2001-06-30,NDAQ,USD,1120193,2001-08-20,2001-08-20 00:00:00,2001,Q2,221306000.0,163276000.0,58030000.0,0.2622161171,0,0.0,4947000.0,4947000.0,183626000.0,188573000.0,188573000.0,0.0,0.0,21887000.0,54620000.0,0.2468075877,32733000.0,0.147908326,3602000.0,36335000.0,0.1641844324,16753000.0,19582000.0,0.0884838188,0.0567,0.0533,345564706,367162500,https://www.sec.gov/Archives/edgar/data/1120193/000095017201500707/0000950172-01-500707-index.htm,https://www.sec.gov/Archives/edgar/data/1120193/000095017201500707/june3010q.txt,0.640418411248283,0.0566666666473745,0.2195131582679627,0.092413951556731,0.9979259861103986,1.4922559828780662,1.4922559828780662,1.4864915052985763,0.8349753171841571,1727823530.0,1671513530.0,22.05882353692166,7.807395777791836,22.77767783695423,54.10438484421481,3.3636250070569367,3.3636250070569367,7.552951704879217,30.602591175393627,22.035350268930607,52.34111570377329,0.0113333333294749,0.0184827903113462,0.5617087714311856,0.2111251598778928,-1.030941047235445,2.534148976302342,0.0,3.873761617812277,0.0,0.0,0.0,0.0,0.0,0.5790049567601772,0.1984627619675923,2.006716315621145,0.0,1.3766904766905452,0.0172632801297209,0.0143282787041183,-0.9250951976559784,536811000.0,515671000.0,35722000.0,909015000.0,237688000.0,0.0,36764500.0,90.8641880473191,0.0,20.83092432445675,0.990489233812676,0.0,4.320499589849435,0.0381210834003336,0.1270992067112316,2001-08-20,,bmo,,2025-04-25,2001-06-30,,,
2001-03-31,NDAQ,USD,1120193,2001-08-20,2001-08-20 00:00:00,2001,Q1,222767000.0,154262000.0,68505000.0,0.3075186181,0,0.0,6702000.0,6702000.0,173971000.0,180673000.0,180673000.0,0.0,0.0,20777000.0,62871000.0,0.282227619,42094000.0,0.1889597651,5907000.0,26193000.0,0.117580252,21808000.0,26193000.0,0.117580252,0.07,0.07,374185714,374185714,https://www.sec.gov/Archives/edgar/data/1120193/000095017201500706/0000950172-01-500706-index.htm,https://www.sec.gov/Archives/edgar/data/1120193/000095017201500706/mar3110q.txt,0.5953380678771718,0.0700000000534493,0.0971362578529655,0.0090436376200081,0.6550517318787857,1.9539254777642312,1.9539254777642312,1.9211102217547515,0.1248070096016546,1870928570.0,1672518570.0,17.85714284350781,8.398589423029444,51.47408506891903,552.874872931442,2.60266170226973,2.60266170226973,7.507927879802664,26.602385360500072,46.01531268055136,494.2430762411347,0.0140000000106898,0.0018087275240016,0.0649660848130074,0.034976887288458,-3.155827010863514,2.440057818880952,0.0,1.3876608254113694,0.0,0.0,0.0,0.0,0.0,0.9068974055630452,0.147970749707093,1.5865139336766616,0.0,1.7394679076010808,0.0071278702309689,0.0196173445696362,-0.4065528006769387,513071000.0,731131000.0,265291000.0,881760000.0,216427500.0,0.0,34052500.0,101.7881912491527,0.0,20.850371445981512,0.884189009506043,0.0,4.316469864010297,0.0364372638595983,0.0880926202329573,2001-08-20,,bmo,,2025-04-25,2001-03-31,,,
2000-12-31,NDAQ,USD,1120193,2000-12-31,2000-12-30 19:00:00,2000,Q4,211472000.0,0.0,211472000.0,1.0,0,0.0,0.0,0.0,546494000.0,546494000.0,203871000.0,0.0,0.0,20031000.0,27632000.0,0.1306650526,7601000.0,0.0359432927,9606000.0,17207000.0,0.0813677461,6489000.0,10718000.0,0.0506828327,0.0292,0.0292,367149999,367149999,,,0.5759825700013144,0.0291924282423871,0.1571973312193853,-0.1020563805040348,0.714304782008184,1.7995424262550523,1.7995424262550523,1.7572082303069814,0.1456570887802181,1835749995.0,1626970995.0,42.819322518193694,8.680818240712718,31.807155765398942,-48.99252722177742,2.845422593500207,2.845422593500207,7.693552787130211,58.879957838737695,28.189742614571603,-43.42062970376301,0.0058384856484774,-0.0204112761008069,0.0828911942637396,0.0459275557605253,-7.5556962941517085,2.6377496607413025,0.0,5.384866579585744,0.0,0.0,0.0,0.0,0.0,1.6492246383089315,0.4501068699402284,4.7518845789027,0.0,1.0743306945856077,0.00525164996019,0.0092047485440987,-0.2439711296308624,462227000.0,660702000.0,240763000.0,788544000.0,,,,76.99317167284558,0.0,0.0,1.1689348294732187,0.0,0.0,0.0166129589760043,0.2592537117234201,2000-12-30,,bmo,,2025-04-25,2000-12-31,,,
2000-09-30,NDAQ,USD,1120193,2000-09-30,2000-09-29 20:00:00,2000,Q3,202720000.0,0.0,202720000.0,1.0,0,0.0,9161000.0,9161000.0,152682000.0,161843000.0,161843000.0,0.0,0.0,17076000.0,57953000.0,0.2858770718,40877000.0,0.2016426598,4801000.0,45678000.0,0.2253255722,23649000.0,22029000.0,0.1086671271,0.06,0.06,367150000,367150000,,,0.5521448999046711,0.06,0.1698951382268827,0.0193109083480866,,,,,,1835750000.0,,20.833333333333336,9.055593922651934,29.42991807877904,258.9210155148096,0.0,0.0,,,,,0.012,0.0038621816696173,0.0,0.0,,0.0,0.0,2.831585637114713,0.0,0.0,0.0,0.0,0.0,0.8863363098578001,0.2727259273875296,3.2377020379479973,0.0,,0.0,0.0,,,,,,,,,,0.0,0.0,0.0,0.0,0.0,0.0,0.1505842298787961,2000-09-29,,bmo,,2025-04-25,2000-09-30,,,
2000-06-30,NDAQ,USD,1120193,2000-06-30,2000-06-29 20:00:00,2000,Q2,211504000.0,0.0,211504000.0,1.0,0,0.0,5615000.0,5615000.0,134138000.0,139753000.0,139753000.0,0.0,0.0,15264000.0,87438000.0,0.4134106211,71751000.0,0.339241811,2659000.0,74410000.0,0.3518136773,29181000.0,45299000.0,0.2141756184,0.15,0.15,301993333,301993333,,,0.7003598321158964,0.1500000001655665,0.1604472506682788,0.0763361222944613,,,,,,1509966665.0,,8.33333332413519,7.139187273053937,31.162889854294797,65.499790265909,0.0,0.0,,,,,0.0300000000331133,0.0152672244588922,0.0,0.0,,0.0,0.0,1.0696483366078722,0.0,0.0,0.0,0.0,0.0,0.5242291658067445,0.1200970194417126,1.6641116352201255,0.0,,0.0,0.0,,,,,,,,,,0.0,0.0,0.0,0.0,0.0,0.0,0.0841111283738174,2000-06-29,,bmo,,2025-04-25,2000-06-30,,,
2000-03-31,NDAQ,USD,1120193,2000-03-31,2000-03-30 19:00:00,2000,Q1,207015000.0,0.0,207015000.0,1.0,0,0.0,17258000.0,17258000.0,113966000.0,131224000.0,131224000.0,0.0,0.0,13274000.0,89065000.0,0.4302345241,75791000.0,0.3661135666,-29441000.0,46350000.0,0.2238968191,31158000.0,-54740000.0,-0.2644252832,-0.18,-0.18,298581818,298581818,,,0.693327548832863,-0.1833333334449721,0.2914042140369043,0.224330471455566,,,,,,1492909090.0,,-6.81818181402996,7.211598628118735,17.158296823280615,22.288545856287605,0.0,0.0,,,,,-0.0366666666889944,0.0448660942911132,0.0,0.0,,0.0,0.0,-1.5894775301424915,0.0,0.0,0.0,0.0,0.0,0.2301742368517837,0.0967417819964736,1.5087388880518309,0.0,,0.0,0.0,,,,,,,,,,0.0,0.0,0.0,0.0,0.0,0.0,0.0670737425813382,2000-03-30,,bmo,,2025-04-25,2000-03-31,,,
