date,symbol,reportedCurrency,cik,fillingDate,acceptedDate,calendarYear,period,revenue,costOfRevenue,grossProfit,grossProfitRatio,researchAndDevelopmentExpenses,generalAndAdministrativeExpenses,sellingAndMarketingExpenses,sellingGeneralAndAdministrativeExpenses,otherExpenses,operatingExpenses,costAndExpenses,interestIncome,interestExpense,depreciationAndAmortization,ebitda,ebitdaratio,operatingIncome,operatingIncomeRatio,totalOtherIncomeExpensesNet,incomeBeforeTax,incomeBeforeTaxRatio,incomeTaxExpense,netIncome,netIncomeRatio,eps,epsdiluted,weightedAverageShsOut,weightedAverageShsOutDil,link,finalLink,revenuePerShare,netIncomePerShare,operatingCashFlowPerShare,freeCashFlowPerShare,cashPerShare,bookValuePerShare,tangibleBookValuePerShare,shareholdersEquityPerShare,interestDebtPerShare,marketCap,enterpriseValue,peRatio,priceToSalesRatio,pocfratio,pfcfRatio,pbRatio,ptbRatio,evToSales,enterpriseValueOverEBITDA,evToOperatingCashFlow,evToFreeCashFlow,earningsYield,freeCashFlowYield,debtToEquity,debtToAssets,netDebtToEBITDA,currentRatio,interestCoverage,incomeQuality,dividendYield,payoutRatio,salesGeneralAndAdministrativeToRevenue,researchAndDdevelopementToRevenue,intangiblesToTotalAssets,capexToOperatingCashFlow,capexToRevenue,capexToDepreciation,stockBasedCompensationToRevenue,grahamNumber,roic,returnOnTangibleAssets,grahamNetNet,workingCapital,tangibleAssetValue,netCurrentAssetValue,investedCapital,averageReceivables,averagePayables,averageInventory,daysSalesOutstanding,daysPayablesOutstanding,daysOfInventoryOnHand,receivablesTurnover,payablesTurnover,inventoryTurnover,roe,capexPerShare,report_date,epsEstimated,time,revenueEstimated,updatedFromDate,fiscalDateEnding,surprise(%),QuarterAvgPrice,QuarterAvgVolume
2025-03-31,NEE,USD,753308,2025-04-23,2025-04-23 12:56:35,2025,Q1,6247000000.0,0.0,6247000000.0,1.0,0,0.0,0.0,0.0,4027000000.0,4027000000.0,3991000000.0,0.0,-1774000000.0,1095000000.0,-367000000.0,-0.0587481991,2256000000.0,0.361133344,-2313000000.0,-57000000.0,-0.0091243797,-521000000.0,833000000.0,0.1333440051,0.41,0.41,2057000000,2059000000,https://www.sec.gov/Archives/edgar/data/753308/000075330825000024/0000753308-25-000024-index.htm,https://www.sec.gov/Archives/edgar/data/37634/000075330825000024/nee-20250331.htm,3.036947010209042,0.4049586776859504,1.3461351482741857,0.1302868254739912,1.1759844433641224,29.34662129314536,26.98104035002431,24.215848322800195,42.73407875546913,145820730000.0,233079730000.0,43.76372448979592,23.342521210180887,52.66187432286024,544.1072014925373,2.927421705613105,2.927421705613105,37.31066591964143,-635.0946321525886,84.17469483568075,869.7004850746268,0.0057124936900261,0.0018378731199603,1.8003292379346345,0.4616295350656838,-237.7629427792916,0.5532566379423473,-1.2717023675310033,5.967672413793103,0.007996119618932,1.399759903961585,0.0,0.0,0.025048387760985,0.9032141567352836,0.4003521690411397,2.126700680272109,0.0,14.854103914625949,-0.1013126028397191,0.0043981457037561,-61.67926592124453,-10213000000.0,55500000000.0,-121250000000.0,136876000000.0,4678500000.0,5867500000.0,2270000000.0,66.11333440051226,0.0,0.0,1.3612987578993243,0.0,0.0,0.0167228780213603,1.2158483228001944,2025-04-23,0.969,bmo,6643038666.0,2025-05-11,2025-03-31,0.021671826625387,70.58500000000001,11636368.05
2024-12-31,NEE,USD,753308,2025-02-14,2025-02-14 14:23:43,2024,Q4,5385000000.0,2408000000.0,2977000000.0,0.5528319406,0,0.0,0.0,0.0,2036000000.0,2036000000.0,4444000000.0,0.0,0.0,1582000000.0,1901000000.0,0.3530176416,941000000.0,0.1747446611,103000000.0,1044000000.0,0.1938718663,171000000.0,1203000000.0,0.2233983287,0.58,0.58,2057000000,2062000000,https://www.sec.gov/Archives/edgar/data/753308/000075330825000011/0000753308-25-000011-index.htm,https://www.sec.gov/Archives/edgar/data/37634/000075330825000011/nee-20241231.htm,2.617890131259115,0.5848322800194458,0.9630529897909575,0.0675741370928536,0.7228974234321828,29.587263004375306,26.387943607194945,24.35634419056879,40.02576567817209,147466330000.0,228312330000.0,30.645538237738982,27.384648096564533,74.44034830893489,1060.9088489208634,2.943380970439712,2.943380970439712,42.39783286908078,120.10117306680696,115.25104997476022,1642.5347482014388,0.0081577943927946,0.0009425880470477,1.6433404522863817,0.4330034079434534,42.52814308258811,0.4713468743837507,0.0,2.269186712485681,0.007181300300889,0.8802992518703242,0.0,0.0,0.034610610905419,0.9298334174659264,0.3420612813370473,1.1643489254108723,0.0,17.90247097143147,0.0045031715644378,0.0065536082979685,-59.85075352455031,-13404000000.0,54280000000.0,-117332000000.0,132029000000.0,4872000000.0,5933000000.0,2236000000.0,79.68802228412255,260.95514950166114,82.74916943521595,1.1294043624161074,0.3448868519048983,1.0876242095754292,0.0240114967765114,0.895478852698104,2025-01-24,0.53,bmo,7574142646.0,2025-04-25,2024-12-31,0.0,77.6846875,10209928.53125
2024-09-30,NEE,USD,753308,2024-10-23,2024-10-23 17:24:14,2024,Q3,7567000000.0,2698000000.0,4869000000.0,0.6434518303,0,0.0,0.0,0.0,2013000000.0,2013000000.0,4711000000.0,0.0,1817000000.0,1720000000.0,5133000000.0,0.6783401612,2856000000.0,0.3774283071,-1260000000.0,1596000000.0,0.2109158187,5000000.0,1852000000.0,0.2447469274,0.9,0.9,2053500000,2061400000,https://www.sec.gov/Archives/edgar/data/753308/000075330824000057/0000753308-24-000057-index.htm,https://www.sec.gov/Archives/edgar/data/37634/000075330824000057/nee-20240930.htm,3.684928171414658,0.9018748478207936,2.078889700511322,1.075237399561724,1.1020209398587777,28.993425858290724,26.59800340881422,24.37350864377892,41.190163136109085,173582355000.0,254086355000.0,23.43174338552916,22.93938879344522,40.66112789880534,78.61519701086957,3.468109628179257,3.468109628179257,33.57821527686005,49.50055620494837,59.51894003279457,115.0753419384058,0.0106692872095208,0.0127201869107029,1.653653273660866,0.4449527721180777,15.68361581920904,0.4108341484804533,1.5718216840946615,2.681532663316583,0.0061123724240289,0.5728941684665226,0.0,0.0,0.0264443882954417,0.482782853127196,0.272366856085635,1.1982558139534885,0.0,22.23941824726437,0.0164538130390095,0.010226733077849,-58.12076941806672,-17467000000.0,54619000000.0,-114295000000.0,121761000000.0,5381000000.0,4637000000.0,2206500000.0,59.183295890048896,162.9206819866568,75.32246108228318,1.5206993569131833,0.5524160524160524,1.1948627103631533,0.0370022576971489,1.0036523009495983,2024-10-23,0.98,bmo,8109552205.0,2025-04-25,2024-09-30,0.0510204081632653,78.03875000000001,8867501.8125
2024-06-30,NEE,USD,753308,2024-07-24,2024-07-24 12:41:04,2024,Q2,6069000000.0,2451000000.0,3618000000.0,0.5961443401,0,0.0,0.0,0.0,1948000000.0,1948000000.0,4399000000.0,0.0,820000000.0,1471000000.0,3523000000.0,0.5804910199,1670000000.0,0.2751688911,-438000000.0,1232000000.0,0.2029988466,-64000000.0,1622000000.0,0.2672598451,0.79,0.79,2052500000,2058199999,https://www.sec.gov/Archives/edgar/data/753308/000075330824000050/0000753308-24-000050-index.htm,https://www.sec.gov/Archives/edgar/data/37634/000075330824000050/nee-20240630.htm,2.956881851400731,0.7902557856272838,1.916199756394641,0.8721071863580999,1.0241169305724729,28.957856272838,26.479415347137635,23.9415347137637,40.65919610231425,143469750000.0,224000750000.0,22.11309340320592,23.639767671774592,36.47845156369184,80.15069832402234,2.9196123321123326,2.9196123321123326,36.90900477838194,63.58238717002555,56.95416984490211,125.14008379888269,0.0113055191076864,0.0124764976589141,1.6815832315832315,0.447332236201035,22.858643201816637,0.4880866150737676,2.0365853658536586,2.4247842170160294,0.0073674067181409,0.6516646115906288,0.0,0.0,0.0275383815855005,0.5448766844647851,0.3531059482616576,1.4568320870156355,0.0,20.632463917279367,0.0101762897189005,0.0090293202402623,-57.37831912302071,-13428000000.0,54349000000.0,-112485000000.0,124772000000.0,5490500000.0,4337500000.0,2143000000.0,85.80326248146318,161.19951040391678,79.13096695226439,1.0489111648807463,0.5583143507972665,1.137354988399072,0.033007733007733,1.0440925700365409,2024-07-24,0.98,bmo,7273113502.0,2025-04-25,2024-06-30,-0.0204081632653061,70.95095238095237,11917692.698412698
2024-03-31,NEE,USD,753308,2024-04-23,2024-04-23 17:20:56,2024,Q1,5731000000.0,2329000000.0,3402000000.0,0.59361368,0,0.0,0.0,0.0,1389000000.0,1389000000.0,3718000000.0,0.0,323000000.0,988000000.0,3475000000.0,0.6063514221,2013000000.0,0.3512476008,151000000.0,2164000000.0,0.3775955331,227000000.0,2268000000.0,0.3957424533,1.11,1.1,2051500000,2055200000,https://www.sec.gov/Archives/edgar/data/753308/000075330824000023/0000753308-24-000023-index.htm,https://www.sec.gov/Archives/edgar/data/37634/000075330824000023/nee-20240331.htm,2.7935656836461127,1.105532537167926,1.499878137947843,0.2968559590543504,0.8003899585669023,28.949061662198392,26.470387521325858,23.70996831586644,39.1225932244699,130024070000.0,208319070000.0,14.33245921516755,22.68785028790787,42.256766330841735,213.50422003284072,2.6731372710265004,2.6731372710265004,36.349514918862326,59.94793381294964,67.70200519987,342.06743842364534,0.017442924221646,0.0046837481706271,1.6434078246746573,0.4442178382884134,22.53093525179856,0.511228480425755,6.232198142414861,1.5885389778007228,0.0081369549499565,0.4664902998236331,0.0,0.0,0.0282578494026118,0.8020799480013,0.4306403768975746,2.4979757085020244,0.0,24.285246182389148,0.0106481635826311,0.0129700054327624,-55.54825737265416,-12123000000.0,54304000000.0,-107881000000.0,122155000000.0,5617500000.0,6394500000.0,2118500000.0,81.58262083406038,165.58608844997855,82.34864748819236,1.1031761308950914,0.5435239206534422,1.0929141248240264,0.0466273308525729,1.2030221788934925,2024-04-23,0.78,bmo,6104389159.0,2025-04-25,2024-03-31,0.1666666666666666,58.5827868852459,12073647.639344262
2023-12-31,NEE,USD,753308,2024-02-16,2024-02-16 17:17:00,2023,Q4,6878000000.0,2467000000.0,4411000000.0,0.6413201512,0,0.0,0.0,61000000.0,106000000.0,2145000000.0,4612000000.0,0.0,1980000000.0,1681000000.0,3613000000.0,0.5252980518,2660000000.0,0.3867403315,-1577000000.0,1083000000.0,0.1574585635,168000000.0,1210000000.0,0.1759232335,0.59,0.59,2052000000,2054000000,https://www.sec.gov/Archives/edgar/data/753308/000075330824000008/0000753308-24-000008-index.htm,https://www.sec.gov/Archives/edgar/data/37634/000075330824000008/nee-20231231.htm,3.351851851851852,0.5896686159844055,1.4025341130604287,0.3820662768031189,1.310916179337232,28.15204678362573,24.84649122807017,23.132553606237817,36.64278752436647,124638480000.0,195159480000.0,25.751752066115703,18.12132596685083,43.307324530924255,158.9776530612245,2.625736917502317,2.625736917502317,28.374451875545216,54.01590921671741,67.81079916608756,248.9279081632653,0.0097080773128812,0.0062901922423957,1.5423232493469283,0.4124819002867783,19.518682535289237,0.5493330472409971,1.3434343434343434,3.1453551912568307,0.0076942530107876,0.7925619834710744,0.0,0.0,0.0382164528505991,0.7275886031966643,0.3044489677231753,1.2456870910172515,0.0202093631869729,17.518908914554146,0.0139300846766458,0.0070882101390695,-54.31189083820663,-12602000000.0,50985000000.0,-104360000000.0,119957000000.0,5500500000.0,7583000000.0,2090000000.0,79.03460308229137,310.23915687069314,76.83015808674503,1.1387417218543046,0.2900987770460959,1.171415004748338,0.0254908569983989,1.02046783625731,2024-01-25,0.49,bmo,5697730000.0,2025-04-25,2023-12-31,0.0612244897959184,56.990793650793655,15116618.650793651
2023-09-30,NEE,USD,753308,2023-11-07,2023-11-06 18:02:20,2023,Q3,7172000000.0,2750000000.0,4422000000.0,0.6165644172,0,0.0,0.0,62000000.0,143000000.0,2593000000.0,5343000000.0,26000000.0,26000000.0,2026000000.0,3784000000.0,0.527607362,1836000000.0,0.2559955382,-863000000.0,973000000.0,0.1356664808,-46000000.0,1219000000.0,0.1699665365,0.6,0.6,2031300000,2036200000,https://www.sec.gov/Archives/edgar/data/753308/000075330823000058/0000753308-23-000058-index.htm,https://www.sec.gov/Archives/edgar/data/37634/000075330823000058/nee-20230930.htm,3.530743858612711,0.6001083050263378,1.803770984098853,0.4962339388568896,0.7719194604440506,27.84817604489736,25.36552946389012,23.18466006990597,36.10889578102693,116373177000.0,188127177000.0,23.86652522559475,16.226042526491913,31.76123826419214,115.44958035714286,2.471030406624908,2.471030406624908,26.230783184606803,49.71648440803383,51.34475354803494,186.63410416666667,0.010474922412748,0.0086617898212059,1.5568956364794564,0.4271002015447884,18.962473572938688,0.4998596294216732,70.61538461538461,3.599214145383104,0.0081376140482956,0.7768662838392125,0.0,0.0,0.0293754441557836,0.7248908296943232,0.3703290574456219,1.3109575518262586,0.0,17.693202332708726,0.0122224526840729,0.0073155655310236,-53.55203564219958,-14252000000.0,51525000000.0,-100862000000.0,111674000000.0,4777500000.0,6443500000.0,2002500000.0,62.25460122699386,218.0290909090909,67.87636363636364,1.4456762749445675,0.4127889522665866,1.325940212150434,0.0258838517889372,1.3075370452419632,2023-10-24,0.86,bmo,7093600000.0,2025-04-25,2023-09-30,0.0930232558139534,69.22746031746031,9076037.634920634
2023-06-30,NEE,USD,753308,2023-07-26,2023-07-26 17:28:48,2023,Q2,7349000000.0,2486000000.0,4863000000.0,0.6617226834,0,0.0,0.0,62000000.0,2070000000.0,2070000000.0,4556000000.0,135000000.0,135000000.0,1552000000.0,5332000000.0,0.7255408899,2799000000.0,0.3808681453,262000000.0,3061000000.0,0.4165192543,497000000.0,2795000000.0,0.3803238536,1.38,1.38,2022000000,2027200000,https://www.sec.gov/Archives/edgar/data/753308/000075330823000045/0000753308-23-000045-index.htm,https://www.sec.gov/Archives/edgar/data/37634/000075330823000045/nee-20230630.htm,3.634520276953511,1.3822947576656774,1.5262116716122651,0.2878338278931751,0.7799208704253214,26.892185954500498,24.328387734915925,22.152818991097924,35.760633036597426,150032400000.0,220628400000.0,13.419713774597495,20.415349027078516,48.61710952689566,257.7876288659794,3.349460853258321,3.349460853258321,30.021553952918765,41.3781695423856,71.49332469215814,379.08659793814434,0.0186293094025023,0.0038791621009861,1.6112562230705691,0.4288991234586243,13.24006001500375,0.5276024285312211,20.73333333333333,1.203588143525741,0.0063053047208469,0.3384615384615385,0.0,0.0,0.030806715198336,0.8114063512637719,0.3407266294733977,1.614442295293359,0.0,26.248596630591603,0.0151656890126512,0.017137671606649,-53.368447082096935,-11749000000.0,49192000000.0,-100777000000.0,111175000000.0,4263000000.0,6362000000.0,1923000000.0,56.26071574363859,225.36202735317772,69.90748189863234,1.5996952546800174,0.3993574297188755,1.2874158467115484,0.0623981425669189,1.23837784371909,2023-07-25,0.83,bmo,6233830000.0,2025-04-25,2023-06-30,0.0602409638554217,75.7074193548387,7191229.080645162
2023-03-31,NEE,USD,753308,2023-04-26,2023-04-25 20:04:18,2023,Q1,6716000000.0,2434000000.0,4282000000.0,0.637581894,0,0.0,0.0,60000000.0,1307000000.0,1307000000.0,3741000000.0,1183000000.0,1183000000.0,893000000.0,3744000000.0,0.5574746873,2942000000.0,0.4380583681,-771000000.0,2171000000.0,0.3232578916,386000000.0,2086000000.0,0.3106015485,1.04,1.04,1999900000,2005100000,https://www.sec.gov/Archives/edgar/data/753308/000075330823000033/0000753308-23-000033-index.htm,https://www.sec.gov/Archives/edgar/data/37634/000075330823000033/nee-20230331.htm,3.35816790839542,1.0430521526076304,0.8365418270913546,-0.3105155257762888,1.1375568778438925,26.490824541227063,23.898694934746736,21.44907245362268,35.913795689784486,154152292000.0,222518292000.0,18.47462751677852,22.952991661703397,92.14123849372383,-248.2323542673108,3.593628590078329,3.593628590078329,33.13256283502085,59.43330448717949,133.00555409444112,-358.32253140096617,0.0135320725558851,-0.004028483728286,1.6467969041402462,0.4272029608664888,18.260149572649578,0.5339086574457186,2.4868977176669484,0.9372549019607844,0.0060329949554042,0.4458293384467881,0.0,0.0,0.0313503510586186,1.3711894799760909,0.3415723645026802,2.568868980963046,0.0,22.436160029497778,0.0159544471454902,0.0130234184288238,-53.10090504525226,-11828000000.0,47795000000.0,-98829000000.0,108285000000.0,4140500000.0,7405500000.0,1924500000.0,52.69207861822513,240.30813475760067,70.80936729663107,1.7080366225839267,0.3745191567933528,1.271018276762402,0.0486292428198433,1.147057352867643,2023-04-25,0.72,bmo,5500290000.0,2025-04-25,2023-03-31,0.1666666666666666,76.90322580645162,9252823.129032258
2022-12-31,NEE,USD,753308,2023-02-17,2023-02-17 16:25:38,2022,Q4,6164000000.0,2768000000.0,3396000000.0,0.5509409474,0,0.0,0.0,43000000.0,1677000000.0,1677000000.0,4445000000.0,685000000.0,685000000.0,1246000000.0,3486000000.0,0.5655418559,2045000000.0,0.3317650876,-450000000.0,1596000000.0,0.2589227774,329000000.0,1522000000.0,0.246917586,0.77,0.76,1987000000,1993000000,https://www.sec.gov/Archives/edgar/data/753308/000075330823000019/0000753308-23-000019-index.htm,https://www.sec.gov/Archives/edgar/data/37634/000075330823000019/nee-20221231.htm,3.102164066431807,0.7659788626069451,0.5007549068948163,-1.0920986411675893,0.8057372924006039,24.8797181680926,22.43683945646704,19.742828384499244,33.04026170105687,166113200000.0,229478200000.0,27.2853482260184,26.94892926670993,166.94793969849246,-76.54986175115208,4.234449004562951,4.234449004562951,37.22878001297858,65.8285140562249,230.6313567839196,-105.75032258064516,0.0091624265862074,-0.0130633808752103,1.6560707639756302,0.4087582974171831,18.176993689041883,0.505338078291815,2.9854014598540144,0.7853196527229677,0.0050868925527893,0.5551905387647832,0.0,0.0,0.030540787114229,3.180904522613065,0.513465282284231,2.538091419406576,0.0230369889682024,18.4460905800813,0.0114367240750696,0.0098779213530545,-52.17375440362356,-13205000000.0,44582000000.0,-96009000000.0,102708000000.0,4839000000.0,7730500000.0,1862500000.0,63.49935107073328,270.26011560693644,62.88294797687861,1.4173373189238905,0.3330125120307988,1.4312306101344363,0.0387978281373473,1.5928535480624055,2023-01-25,0.5,bmo,6301471072.0,2025-04-25,2022-12-31,0.02,80.78428571428572,6944398.873015873
2022-09-30,NEE,USD,753308,2022-11-03,2022-11-02 18:50:46,2022,Q3,6719000000.0,3158000000.0,3561000000.0,0.5299895818,0,0.0,0.0,70000000.0,153000000.0,1870000000.0,5028000000.0,0.0,259000000.0,1356000000.0,3696000000.0,0.5500818574,1862000000.0,0.2771245721,20000000.0,1882000000.0,0.2801012055,323000000.0,1696000000.0,0.2524185147,0.86,0.86,1972500000,1978900000,https://www.sec.gov/Archives/edgar/data/753308/000075330822000081/0000753308-22-000081-index.htm,https://www.sec.gov/Archives/edgar/data/37634/000075330822000081/nee-20220930.htm,3.4063371356147023,0.8598225602027884,1.2542458808618504,0.2139416983523447,1.5107731305449936,23.698859315589356,21.22889733840304,19.583776932826364,32.995690747782,154663725000.0,216980725000.0,22.79830852004717,23.018860693555588,62.51565278900566,366.5017180094787,4.003824199435656,4.003824199435656,32.29360395892246,58.70690611471861,87.70441592562652,514.1723341232228,0.0109657258028668,0.0027285001702887,1.6781433637940408,0.4144582472875602,16.860660173160174,0.4638218256395495,7.1891891891891895,1.5869146889031431,0.0054052752188659,0.4929245283018867,0.0,0.0,0.0311491026731198,0.8294260307194826,0.305402589671082,1.5132743362831858,0.0,19.464529212609257,0.0111149485021887,0.0111919861156021,-51.604942965779465,-14902000000.0,41874000000.0,-96772000000.0,98417000000.0,5230000000.0,7370500000.0,1716500000.0,71.38115791040333,203.73970867637743,51.04179860671311,1.2608369300056297,0.4417401035109805,1.7632607481853713,0.0439048383338942,1.0403041825095056,2022-10-28,0.8,bmo,5991977431.0,2025-04-25,2022-09-30,0.0624999999999999,84.83562500000001,7610282.015625
2022-06-30,NEE,USD,753308,2022-07-27,2022-07-26 18:34:22,2022,Q2,5183000000.0,2566000000.0,2617000000.0,0.5049199305,0,0.0,0.0,19000000.0,1670000000.0,1670000000.0,4236000000.0,217000000.0,217000000.0,1227000000.0,2944000000.0,0.5680108046,948000000.0,0.1829056531,459000000.0,1407000000.0,0.2714644029,294000000.0,1380000000.0,0.2662550646,0.7,0.7,1965200000,1973000000,https://www.sec.gov/Archives/edgar/data/753308/000075330822000055/0000753308-22-000055-index.htm,https://www.sec.gov/Archives/edgar/data/37634/000075330822000055/nee-20220630.htm,2.6373905963769597,0.7022186037044575,1.4405658457154489,0.3083655607571748,1.455831467535111,22.698453083655608,20.234072867901485,18.542133116222267,32.464889069814774,152224392000.0,212946392000.0,27.57688260869565,29.369938645572063,53.770537619215816,251.19536633663367,4.177512884546776,4.177512884546776,41.08554736639013,72.33233423913043,75.21949558459909,351.39668646864686,0.0090655642099723,0.0039809651530748,1.7449161612557973,0.4189431376424853,20.62567934782609,0.5343574065098244,4.368663594470046,2.5435759209344115,0.005485323271976,0.605072463768116,0.0,0.0,0.0319101271661066,0.7859413634758036,0.4292880571097819,1.8133659331703345,0.0,17.116196820495933,0.0055487269534679,0.0093924193647185,-50.6985294117647,-12489000000.0,39764000000.0,-92831000000.0,97747000000.0,4711000000.0,6743000000.0,1614000000.0,89.09704804167471,266.282151208106,57.591582229150426,1.010134476710193,0.3379873551106427,1.5627283800243603,0.0378715112928455,1.132200284958274,2022-07-22,0.73,bmo,5351100283.0,2025-04-25,2022-06-30,0.1095890410958905,76.13225806451612,10299839.870967742
2022-03-31,NEE,USD,753308,2022-04-22,2022-04-22 16:19:14,2022,Q1,2890000000.0,2325000000.0,565000000.0,0.1955017301,0,0.0,0.0,70000000.0,1363000000.0,1363000000.0,3688000000.0,142000000.0,142000000.0,960000000.0,162000000.0,0.0560553633,-740000000.0,-0.2560553633,-277000000.0,-1052000000.0,-0.3640138408,-359000000.0,-693000000.0,-0.2397923875,-0.35,-0.35,1964700000,1974000000,https://www.sec.gov/Archives/edgar/data/753308/000075330822000033/0000753308-22-000033-index.htm,https://www.sec.gov/Archives/edgar/data/37634/000075330822000033/nee-20220331.htm,1.4709624879116403,-0.3527256069628951,0.9986257443884564,-0.1720364432228839,0.7517687178704128,22.523540489642183,20.058024125820737,18.265893011655724,30.45503130248893,166429737000.0,224645737000.0,-60.03958766233765,57.58814429065744,84.8265733944954,-492.3956715976331,4.637605177362276,4.637605177362276,77.73208892733564,1386.7020802469135,114.4983369011213,-664.6323579881657,-0.004163919336122,-0.0020308870643711,1.663359991083122,0.4118320742350547,359.358024691358,0.4900325558578245,-5.211267605633803,-2.831168831168831,0.0050231407864328,-1.2063492063492065,0.0,0.0,0.0334195729414605,1.1722731906218145,0.7958477508650519,2.395833333333333,0.0,,-0.0037143231375083,-0.0049464315029871,-48.45765256782206,-11435000000.0,39408000000.0,-89705000000.0,95344000000.0,4199500000.0,6414500000.0,1573500000.0,133.62975778546712,228.15483870967745,61.39354838709678,0.6735026800279655,0.3944689514760773,1.465952080706179,-0.0193106138713183,1.17066218761134,2022-04-21,0.69,bmo,5193873183.0,2025-04-25,2022-03-31,0.0724637681159421,80.14193548387097,10815031.177419355
2021-12-31,NEE,USD,753308,2022-02-18,2022-02-18 06:28:58,2021,Q4,5046000000.0,2298000000.0,2748000000.0,0.5445897741,0,0.0,0.0,64000000.0,35000000.0,1396000000.0,3694000000.0,599000000.0,0.0,1052000000.0,2768000000.0,0.5485533096,1355000000.0,0.2685295283,-138000000.0,1218000000.0,0.2413793103,265000000.0,1204000000.0,0.2386048355,0.61,0.61,1973770492,1975000000,https://www.sec.gov/Archives/edgar/data/753308/000075330822000014/0000753308-22-000014-index.htm,https://www.sec.gov/Archives/edgar/data/37634/000075330822000014/nee-20211231.htm,2.5565282389478545,0.6099999999392026,0.6672508304982806,-0.6621843853160614,0.3237458471438127,23.013820595712907,20.559634549445885,18.848189366892207,27.777799000553703,184271213133.12,238459213133.12,38.262295085780735,36.51827450121285,139.9173979750342,-140.98792129542463,4.953260930410193,4.953260930410193,47.2570775134998,86.14855965791908,181.06242455058467,-182.4477529710176,0.0065338474714995,-0.0070928061837624,1.4737648513520778,0.3890868059498126,19.57658959537572,0.5326604347078052,0.0,1.3819517313746066,0.0041080751959511,0.6287375415282392,0.0,0.0,0.0343760644941523,1.992406985573273,0.5200158541418946,2.499047619047619,0.0235830360681728,16.083886316273574,0.0083255558986403,0.0088485169180115,-46.09831810171777,-8149000000.0,40580000000.0,-86200000000.0,96043000000.0,3983000000.0,6195500000.0,1652500000.0,73.26991676575506,271.6057441253264,61.13577023498695,1.2283349561830574,0.3313626532083634,1.4721332479180014,0.0323638514058384,1.329435215814342,2022-01-25,0.4,bmo,5059920000.0,2025-04-25,2021-12-31,0.0249999999999998,86.42421875,6680833.1875
2021-09-30,NEE,USD,753308,2021-10-25,2021-10-25 15:46:35,2021,Q3,4370000000.0,2293000000.0,2077000000.0,0.4752860412,0,0.0,0.0,64000000.0,89000000.0,1711000000.0,4004000000.0,7000000.0,335000000.0,1298000000.0,1902000000.0,0.4352402746,379000000.0,0.0867276888,-102000000.0,277000000.0,0.0633867277,-27000000.0,447000000.0,0.1022883295,0.23,0.23,1962700000,1972900000,https://www.sec.gov/Archives/edgar/data/753308/000075330821000167/0000753308-21-000167-index.htm,https://www.sec.gov/Archives/edgar/data/37634/000075330821000167/nee-20210930.htm,2.226524685382381,0.2277474907015845,1.3965455749732512,0.4977836653589443,0.3525755337035716,22.74774545269272,20.27971671676772,18.67274672644826,28.36704539664748,154111204000.0,208760204000.0,86.1919485458613,35.265721739130434,56.22444509303174,157.73920573183213,4.2050589102021885,4.2050589102021885,47.77121372997712,109.75825657202944,76.16205910251733,213.67472262026607,0.0029005029381251,0.006339578010175,1.510027558732844,0.3976703577818817,28.732386961093585,0.4679311693390692,1.1313432835820896,9.016447368421051,0.0049055485933391,1.691275167785235,0.0,0.0,0.0348081027284551,0.643560744253922,0.4036613272311213,1.3590138674884438,0.0,9.781876213576483,0.0033022820529958,0.0033278985102628,-45.88500534977327,-10884000000.0,39803000000.0,-84944000000.0,93101000000.0,3630000000.0,5481000000.0,1670000000.0,79.45537757437071,214.14740514609684,68.45180985608374,1.132711249351996,0.4202712609970674,1.3147935779816513,0.0121967857240306,0.8987619096143068,2021-10-20,0.72,bmo,5325680000.0,2025-04-25,2021-09-30,0.0416666666666667,80.6496875,6632342.921875
2021-06-30,NEE,USD,753308,2021-07-26,2021-07-26 16:59:20,2021,Q2,3927000000.0,1969000000.0,1958000000.0,0.4985994398,0,0.0,0.0,64000000.0,95000000.0,1441000000.0,3410000000.0,7000000.0,757000000.0,1041000000.0,1301000000.0,0.3312961548,510000000.0,0.1298701299,-578000000.0,-68000000.0,-0.0173160173,-140000000.0,256000000.0,0.0651897122,0.13,0.13,1962400000,1970300000,https://www.sec.gov/Archives/edgar/data/753308/000075330821000148/0000753308-21-000148-index.htm,https://www.sec.gov/Archives/edgar/data/37634/000075330821000148/nee-20210630.htm,2.001121076233184,0.1304525071341215,1.1226049735018344,0.1717284957195271,0.4504688136975132,22.989196901752955,20.519771708112515,18.81981247452099,27.55758255197717,143804672000.0,196242672000.0,140.43425,36.61947338935574,65.27674625510667,426.7200949554896,3.893768872522474,3.893768872522474,49.9726692131398,150.83987086856266,89.0797421697685,582.32246884273,0.001780192510018,0.0023434565463909,1.4437885844254306,0.3949397465429255,40.30591852421215,0.4793078844095612,0.6737120211360634,30.59722222222222,0.005257131006147,2.953125,0.0,0.0,0.0358928399487456,0.8470267816613709,0.4751718869365928,1.792507204610951,0.0,7.432332320654384,-0.0043563142354668,0.0019667043106163,-43.65343456991439,-8757000000.0,40268000000.0,-81838000000.0,92900000000.0,3344000000.0,4953000000.0,1600000000.0,77.96791443850267,251.6708989334688,72.95073641442357,1.154320987654321,0.3576098801307664,1.233709273182957,0.0069316581826058,0.9508764777823072,2021-07-23,0.67,bmo,5437660000.0,2025-04-25,2021-06-30,0.0597014925373133,75.04936507936507,7608197.333333333
2021-03-31,NEE,USD,753308,2021-04-23,2021-04-23 17:16:57,2021,Q1,3726000000.0,1895000000.0,1831000000.0,0.4914117016,0,0.0,0.0,64000000.0,83000000.0,1176000000.0,3071000000.0,440000000.0,421000000.0,823000000.0,2855000000.0,0.7662372517,669000000.0,0.1795491143,1079000000.0,1748000000.0,0.4691358025,250000000.0,1666000000.0,0.4471282877,0.85,0.84,1961600000,1973000000,https://www.sec.gov/Archives/edgar/data/753308/000075330821000108/0000753308-21-000108-index.htm,https://www.sec.gov/Archives/edgar/data/37634/000075330821000108/nee-20210331.htm,1.8994698205546487,0.8493066884176182,0.6586460032626428,-0.1447797716150081,0.7453099510603589,23.312601957585645,20.83860114192496,19.054853181076677,27.06413132137031,148316576000.0,199522576000.0,22.256388955582235,39.80584433709071,114.79611145510836,-522.2414647887324,3.9680179784900207,3.9680179784900207,53.5487321524423,69.88531558669001,154.42923839009288,-702.5442816901408,0.0112327296444599,-0.0019148230606402,1.409064155385521,0.3976714159512537,17.935551663747813,0.5218906418298169,1.5890736342042755,0.8624833110814419,0.0050904627140259,0.4531812725090036,0.0,0.0,0.0366427314804327,1.2198142414860682,0.4229736983360171,1.9149453219927093,0.0,19.08210734441674,0.0046512621345597,0.0130576543248581,-41.79368882544861,-7546000000.0,40877000000.0,-78474000000.0,91611000000.0,3130000000.0,4507500000.0,1578000000.0,79.3719806763285,208.97097625329812,76.17941952506597,1.1339013998782714,0.4306818181818181,1.18142144638404,0.0445716731767349,0.8034257748776509,2021-04-21,0.59,bmo,4978310000.0,2025-04-25,2021-03-31,0.1355932203389832,78.04491803278688,9491264.75409836
2020-12-31,NEE,USD,753308,2021-02-12,2021-02-12 16:07:50,2020,Q4,4395000000.0,1947000000.0,2448000000.0,0.556996587,0,0.0,0.0,51000000.0,-127000000.0,1374000000.0,3321000000.0,7000000.0,111000000.0,1023000000.0,1231000000.0,0.2800910125,941000000.0,0.2141069397,-1165000000.0,-225000000.0,-0.0511945392,-34000000.0,-5000000.0,-0.0011376564,-0.0026,-0.0025,1960000000,1972000000,https://www.sec.gov/Archives/edgar/data/753308/000075330821000014/0000753308-21-000014-index.htm,https://www.sec.gov/Archives/edgar/data/37634/000075330821000014/nee-20201231.htm,2.24234693877551,-0.0025510204081632,0.689795918367347,-0.511734693877551,0.5637755102040817,22.92295918367347,20.752551020408163,18.62908163265306,24.59285714285714,151214000000.0,198200000000.0,-7560.700000000001,34.40591581342434,111.84467455621302,-150.7617148554337,4.14137430504204,4.14137430504204,45.0967007963595,161.00731112916327,146.5976331360947,-197.6071784646062,-3.306572142791011e-05,-0.0066329837184387,1.317092542382165,0.3766407693994549,38.16896831844029,0.4744825813086515,8.477477477477477,-7.11578947368421,0.0045366169799092,-137.2,0.0,0.0,0.0333166254190031,1.741863905325444,0.5358361774744027,2.302052785923754,0.0243458475540386,,0.0067539036334957,-4.0508790407518434e-05,-40.124234693877554,-8176000000.0,40675000000.0,-75373000000.0,87881000000.0,3125500000.0,4679500000.0,1483000000.0,60.90102389078498,213.3281972265023,71.74114021571648,1.4778076664425015,0.4218851570964247,1.2545103092783505,-0.0001369375290992,1.201530612244898,2021-01-26,0.39,bmo,5570700000.0,2025-04-25,2020-12-31,0.0256410256410256,74.80453125,7061663.359375
2020-09-30,NEE,USD,753308,2020-10-23,2020-10-23 16:43:18,2020,Q3,4785000000.0,2033000000.0,2752000000.0,0.5751306165,0,0.0,0.0,50000000.0,71000000.0,1733000000.0,3766000000.0,7000000.0,208000000.0,1279000000.0,2959000000.0,0.6183908046,1008000000.0,0.2106583072,244000000.0,1252000000.0,0.2616509927,129000000.0,1229000000.0,0.2568443051,0.63,0.63,1959074124,1959074124,https://www.sec.gov/Archives/edgar/data/753308/000075330820000186/0000753308-20-000186-index.htm,https://www.sec.gov/Archives/edgar/data/37634/000075330820000186/nee10q3q2020.htm,2.4424803234244545,0.6273371614396352,1.449153947377644,0.7820020596627512,1.0009830541766678,21.47034636653697,19.31933025725575,19.032970495199088,24.75863440070632,135940153464.36,182275153464.36,27.65259427672091,28.40964544709718,47.883111470362806,88.73378163469974,3.645778782534395,3.645778782534395,38.09303102703448,61.60025463479553,64.20399910685452,118.97855970258485,0.0090407430672955,0.0112696650765636,1.2952503553517312,0.3821430266968397,15.659006421088206,0.5744653767820774,4.846153846153846,2.5280498664292077,0.005046338278409,0.5581773799837266,0.0,0.0,0.0333433558576379,0.4603733709052483,0.2731452455590387,0.976831091180867,0.0,16.390607612135884,0.0077827753252063,0.0100599174906685,-40.42432546569636,-6686000000.0,37848000000.0,-75294000000.0,86383000000.0,3072000000.0,4420500000.0,1390500000.0,61.63636363636364,210.01475651746188,62.59714707329071,1.4601769911504423,0.4285413153456998,1.4377652050919378,0.0329605492530908,0.6671518877148929,2020-10-21,0.65,bmo,4637769230.0,2025-04-25,2020-09-30,0.0307692307692307,69.0375,7273651.3125
2020-06-30,NEE,USD,753308,2020-07-24,2020-07-24 15:59:51,2020,Q2,4204000000.0,1635000000.0,2569000000.0,0.6110846813,0,0.0,0.0,47000000.0,43000000.0,1400000000.0,3035000000.0,11000000.0,320000000.0,1032000000.0,2744000000.0,0.6527117031,1186000000.0,0.282112274,128000000.0,1314000000.0,0.3125594672,185000000.0,1275000000.0,0.303282588,0.65,0.65,1958800000,1967300000,https://www.sec.gov/Archives/edgar/data/753308/000075330820000150/0000753308-20-000150-index.htm,https://www.sec.gov/Archives/edgar/data/37634/000075330820000150/nee10q2q2020.htm,2.146211966510108,0.6509087196242598,0.9689605881151726,-0.0285889319991831,0.5151112926281397,21.22421890953645,19.07341229324076,18.926383500102105,23.924851950173576,117606352000.0,163141352000.0,23.06006901960784,27.97486964795433,61.96330453108535,-2100.1134285714284,3.172291209235832,3.172291209235832,38.80622074215033,59.45384548104956,85.95434773445733,-2913.2384285714284,0.0108412511596312,-0.0004761647568151,1.2554689396595906,0.3816301932585006,16.59438775510204,0.613101496158512,3.70625,1.6826241134751774,0.0058330182709859,0.5380392156862746,0.0,0.0,0.0345438295848672,1.029504741833509,0.4647954329210276,1.8934108527131783,0.0,16.648883780941787,0.0089802975948482,0.0108282093963379,-39.077113538901365,-4784000000.0,37361000000.0,-72806000000.0,85755000000.0,2744000000.0,3723500000.0,1369000000.0,61.37725975261655,225.5229357798165,75.24770642201834,1.466341123125218,0.3990724920673664,1.1960497439648865,0.0343916057508159,0.9975495201143556,2020-07-24,0.63,bmo,4074646153.0,2025-04-25,2020-06-30,0.0317460317460317,59.85460317460318,10022572.126984129
2020-03-31,NEE,USD,753308,2020-04-23,2020-04-23 16:01:38,2020,Q1,4613000000.0,1651000000.0,2962000000.0,0.6420984175,0,0.0,0.0,52000000.0,62000000.0,1254000000.0,2905000000.0,13000000.0,1311000000.0,922000000.0,1296000000.0,0.280945155,1981000000.0,0.4294385432,-1908000000.0,73000000.0,0.0158248428,-235000000.0,421000000.0,0.0912638196,0.22,0.21,1957800200,1968000000,https://www.sec.gov/Archives/edgar/data/753308/000075330820000113/0000753308-20-000113-index.htm,https://www.sec.gov/Archives/edgar/data/37634/000075330820000113/nee10q1q2020.htm,2.3562159202966675,0.215037264783199,0.9674123028488812,0.0520992898049555,1.703442465681636,20.878024223309406,18.73224857163668,18.593827909507823,24.78138473987284,117781260032.0,161652260032.0,69.94136581472684,25.53246478040321,62.18651532840549,1154.718235607843,3.2354822413537345,3.2354822413537345,35.04276176717971,124.7316821234568,85.34966210770855,1584.826078745098,0.0035744226194015,0.0008660121310664,1.2967612559404444,0.3913061498545222,33.85108024691358,0.7087159306223583,1.511060259344012,6.14935064935065,0.0058158657821617,1.6270783847981,0.0,0.0,0.0348234787005645,0.9461457233368532,0.3884673748103187,1.943600867678959,0.0,9.484894973007163,0.0739630262450503,0.0036157202239857,-37.682982155176,-3997000000.0,36674000000.0,-70037000000.0,84077000000.0,2714000000.0,3490500000.0,1349500000.0,51.135920225449816,182.6165960024228,74.73652331920049,1.7600152613506297,0.4928358208955224,1.2042304886943838,0.0115649809081669,0.9153130130439256,2020-04-22,0.55,bmo,4305466666.0,2025-04-25,2020-03-31,0.0909090909090907,62.85983870967742,12767106.774193548
2019-12-31,NEE,USD,753308,2020-02-14,2020-02-14 15:24:19,2019,Q4,4588000000.0,2091000000.0,2497000000.0,0.5442458588,0,0.0,0.0,49000000.0,-188000000.0,1383000000.0,3474000000.0,13000000.0,188000000.0,1041000000.0,2455000000.0,0.5350915432,878000000.0,0.1913687881,160000000.0,1037000000.0,0.2260244115,193000000.0,975000000.0,0.212510898,0.5,0.5,1956000000,1964000000,https://www.sec.gov/Archives/edgar/data/37634/000075330820000021/0000753308-20-000021-index.html,https://www.sec.gov/Archives/edgar/data/37634/000075330820000021/nee-12312019x10k.htm,2.34560327198364,0.4984662576687116,0.9775051124744376,0.2903885480572597,0.3067484662576687,21.14519427402863,18.99591002044989,18.91871165644172,21.86656441717792,118416240000.0,160399240000.0,30.363138461538465,25.809991281604184,61.93317991631799,208.47929577464788,3.2000064856100523,3.2000064856100523,34.960601569311244,65.33573930753565,83.8908158995816,282.3930281690141,0.0082336679495988,0.0047966393798688,1.1507363869747331,0.3618203600955043,17.1010183299389,0.5347578141918718,4.670212765957447,2.265402843601896,0.0051597652484152,0.6266666666666667,0.0,0.0,0.0357206583341122,0.702928870292887,0.2929380993897122,1.2910662824207493,0.021795989537925,14.566490190991397,0.0065632367656894,0.0085912923947236,-37.3015081799591,-6445000000.0,37156000000.0,-68923000000.0,79769000000.0,3068500000.0,3234500000.0,1389500000.0,55.06320836965998,156.2840746054519,57.15925394548064,1.634485215532597,0.5758744147617736,1.5745481927710845,0.0263477908390758,0.6871165644171779,2020-01-24,0.37,bmo,4715444444.0,2025-04-25,2019-12-31,-0.027027027027027,58.3853125,7548773.875
2019-09-30,NEE,USD,753308,2019-10-23,2019-10-23 15:02:01,2019,Q3,5572000000.0,2129000000.0,3443000000.0,0.6179109835,0,0.0,0.0,50000000.0,62000000.0,1848000000.0,3977000000.0,16000000.0,746000000.0,1295000000.0,2543000000.0,0.4563890883,1593000000.0,0.2858937545,-737000000.0,856000000.0,0.1536252692,58000000.0,879000000.0,0.157753051,0.45,0.45,1942541436,1955103612,https://www.sec.gov/Archives/edgar/data/753308/000075330819000207/0000753308-19-000207-index.htm,https://www.sec.gov/Archives/edgar/data/37634/000075330819000207/nee10q3q2019.htm,2.8684072816864226,0.4525000001081058,1.524806598771569,0.3191695108839881,0.5822269625964365,20.681154726215063,18.55558874163444,18.83717861655951,21.89554323617527,113153038647.0,153809038647.0,32.18232043430034,20.3074369431084,38.201566052329504,182.5049010435484,3.0922889879481854,3.0922889879481854,27.6039193551687,60.48330265316555,51.927426957123565,248.07909459193547,0.0077682403452035,0.0054793049078796,1.1419709226060342,0.3658402059147975,15.987416437278805,0.5767613038906414,2.135388739946381,3.707133917396746,0.0053025531366577,0.6825938566552902,0.0,0.0,0.0361489030134299,0.7906819716407832,0.4203158650394831,1.7837014470677837,0.0,13.848683144460548,0.0139375799768387,0.0079841588475198,-35.87774176056237,-5635000000.0,36045000000.0,-66369000000.0,77489000000.0,3225500000.0,2718000000.0,1439000000.0,53.786791098348885,119.97181775481448,61.33865664631282,1.6732732732732734,0.7501761804087386,1.467263955892488,0.0240216440752076,1.205637087887581,2019-10-22,0.57,bmo,5293400000.0,2025-04-25,2019-09-30,0.0526315789473684,54.1184375,7790433.1875
2019-06-30,NEE,USD,753308,2019-07-24,2019-07-24 17:11:43,2019,Q2,4970000000.0,1974000000.0,2996000000.0,0.6028169014,0,0.0,0.0,35000000.0,51000000.0,1597000000.0,3571000000.0,13000000.0,601000000.0,1262000000.0,3126000000.0,0.6289738431,1747000000.0,0.3515090543,-484000000.0,1263000000.0,0.2541247485,124000000.0,1234000000.0,0.2482897384,0.64,0.64,1915600000,1931200000,https://www.sec.gov/Archives/edgar/data/753308/000075330819000165/0000753308-19-000165-index.htm,https://www.sec.gov/Archives/edgar/data/37634/000075330819000165/nee10q2q2019.htm,2.594487366882439,0.644184589684694,0.879097932762581,0.0934433075798705,0.5319482146585927,20.0595113802464,18.23449571935686,18.224055126331177,22.09125078304448,97714756000.0,138412756000.0,19.79634440842788,19.66091670020121,58.02538954869358,545.8924916201117,2.799047722715554,2.799047722715554,27.849649094567404,44.27791298784389,82.19284798099763,773.2556201117318,0.0126285941910349,0.0018318625285212,1.1949871097106846,0.377351834430856,13.019193857965451,0.5183874548986955,2.906821963394343,1.4784899034240562,0.0061300874557779,0.4854132901134522,0.0,0.0,0.0316231275779723,0.8937054631828979,0.3028169014084507,1.1925515055467513,0.0,16.252453604419397,0.0151619804976183,0.0115266776266626,-35.52555335143036,-6941000000.0,34930000000.0,-64655000000.0,72691000000.0,3047500000.0,2498000000.0,1418500000.0,56.51710261569416,118.44984802431613,65.06079027355624,1.5924383210509452,0.7598152424942263,1.383321653819201,0.0353480378115153,0.7856546251827103,2019-07-24,0.58,bmo,4885762711.0,2025-04-25,2019-06-30,0.0172413793103448,49.205238095238094,7249891.682539683
2019-03-31,NEE,USD,753308,2019-04-23,2019-04-23 17:18:57,2019,Q1,4075000000.0,1782000000.0,2293000000.0,0.5626993865,0,0.0,0.0,51000000.0,65000000.0,1168000000.0,2950000000.0,12000000.0,714000000.0,862000000.0,1898000000.0,0.4657668712,1135000000.0,0.2785276074,-455000000.0,680000000.0,0.1668711656,74000000.0,680000000.0,0.1668711656,0.36,0.35,1913200000,1927200000,https://www.sec.gov/Archives/edgar/data/753308/000075330819000118/0000753308-19-000118-index.htm,https://www.sec.gov/Archives/edgar/data/37634/000075330819000118/nee10q1q2019.htm,2.129939368597115,0.3554254651892118,0.8347271586870165,-2.2417938532301904,0.5080493414175203,19.778381768764373,17.95525820614677,17.88939995818524,21.39190884382187,91106584000.0,130347584000.0,33.49506764705882,22.35744392638037,57.04858108954289,-21.241917463278156,2.661911529246771,2.661911529246771,31.98713717791411,68.67628240252898,81.62027802128992,-30.39113639543017,0.0074637854932635,-0.0470767293832463,1.1749254952375388,0.3688284768272661,20.67492096944152,0.4586633939529175,1.5896358543417366,2.6353135313531357,0.006563740772017,0.8794117647058823,0.0,0.0,0.0319914885030588,3.6856606136505934,1.4444171779141104,6.82830626450116,0.0,11.96088779301569,0.0099719548284842,0.0064429937180811,-35.16699770018817,-9704000000.0,34352000000.0,-62967000000.0,68578000000.0,2971500000.0,2392000000.0,1316500000.0,65.68343558282209,121.11111111111111,71.21212121212122,1.3702084734364492,0.7431192660550459,1.2638297872340425,0.0198679366563431,3.076521011917207,2019-04-23,0.5,bmo,3778636363.0,2025-04-25,2019-03-31,0.1,45.72311475409836,8739884.0
2018-12-31,NEE,USD,753308,2019-02-15,2019-02-15 17:22:00,2018,Q4,4390000000.0,1818000000.0,2572000000.0,0.5858769932,0,0.0,0.0,29000000.0,47000000.0,1465000000.0,3283000000.0,12000000.0,709000000.0,1091000000.0,2135000000.0,0.486332574,1107000000.0,0.2521640091,-829000000.0,289000000.0,0.0658314351,-25000000.0,422000000.0,0.0961275626,0.22,0.22,1912000000,1924000000,https://www.sec.gov/Archives/edgar/data/753308/000075330819000039/0000753308-19-000039-index.htm,https://www.sec.gov/Archives/edgar/data/37634/000075330819000039/nee-12312018x10k.htm,2.2960251046025104,0.2207112970711297,0.7154811715481172,-0.1098326359832636,0.3336820083682008,19.567468619246863,18.731171548117157,17.85774058577406,20.094665271966527,83095520000.0,120169520000.0,49.2272037914692,18.92836446469248,60.74233918128655,-395.6929523809523,2.4336785379568884,2.4336785379568884,27.373466970387245,56.28548946135832,87.843216374269,-572.2358095238095,0.0050784927996118,-0.0025272120566788,1.1044985941893155,0.3636574029430483,17.36487119437939,0.3640038717758925,1.561354019746121,4.54485049833887,0.0063902362004594,1.2582938388625593,0.0,0.0,0.0154191818865595,1.1535087719298245,0.3594533029612756,1.3697916666666667,0.0186788154897494,9.417091614056533,0.0123907864063165,0.0041330813002556,-32.85185669456067,-11170000000.0,35814000000.0,-59896000000.0,60763000000.0,3044000000.0,2693000000.0,1153000000.0,60.86788154897494,118.11881188118812,60.54455445544554,1.4786123273829572,0.7619446772841576,1.4865085854456257,0.0123594189315838,0.8253138075313807,2019-01-25,0.38,bmo,4494270270.0,2025-04-25,2018-12-31,-0.0263157894736842,43.72920634920635,8795329.841269841
2018-09-30,NEE,USD,753308,2018-10-23,2018-10-23 16:23:56,2018,Q3,4418000000.0,1917000000.0,2501000000.0,0.5660932549,0,0.0,0.0,37000000.0,48000000.0,1527000000.0,3444000000.0,11000000.0,167000000.0,1180000000.0,2532000000.0,0.5731100045,970000000.0,0.2195563603,-226000000.0,1069000000.0,0.2419646899,126000000.0,1007000000.0,0.2279311906,0.53,0.53,1892400000,1909600000,https://www.sec.gov/Archives/edgar/data/753308/000075330818000159/0000753308-18-000159-index.htm,https://www.sec.gov/Archives/edgar/data/37634/000075330818000159/nee10q3q2018singlesource.htm,2.3346015641513422,0.5321285140562249,1.211160431198478,0.2975058127245825,0.2626294652293384,19.730500951173116,23.65144789685056,18.0997674910167,17.308180088776158,79007700000.0,111097700000.0,19.614622641509435,17.883137166138525,34.471073298429324,140.33339253996448,2.3066594651407217,2.3066594651407217,25.14660479855138,43.87744865718799,48.47194589877836,197.33161634103016,0.0127455931510473,0.0071258877299301,0.9513896998715404,0.3304869020212366,12.673775671406004,0.6519091122042633,5.808383233532934,2.430540827147402,0.0066196079622619,0.519364448857994,0.0,0.0,-0.0752512601036479,0.7543630017452007,0.3913535536441829,1.4652542372881356,0.0,14.720956271402764,0.0093684660797279,0.0094979391264159,-30.5893310082435,-4458000000.0,44758000000.0,-52916000000.0,56694000000.0,3005000000.0,2649000000.0,1121000000.0,63.5377999094613,140.8450704225352,50.84507042253521,1.4164796409105482,0.639,1.7700831024930748,0.029399743080696,0.9136546184738956,2018-10-23,0.54,bmo,4357201834.0,2025-04-25,2018-09-30,0.0185185185185185,42.57015873015873,6768285.142857143
2018-06-30,NEE,USD,753308,2018-07-25,2018-07-25 16:10:31,2018,Q2,4069000000.0,1743000000.0,2326000000.0,0.5716392234,0,0.0,0.0,51000000.0,61000000.0,1202000000.0,2945000000.0,10000000.0,394000000.0,891000000.0,2273000000.0,0.5586139101,1162000000.0,0.2855738511,-231000000.0,931000000.0,0.2288031457,230000000.0,795000000.0,0.1953797002,0.42,0.42,1884400000,1900800000,https://www.sec.gov/Archives/edgar/data/753308/000075330818000114/0000753308-18-000114-index.htm,https://www.sec.gov/Archives/edgar/data/37634/000075330818000114/nee10q2q2018singlesource.htm,2.1593080025472298,0.421884950116748,0.8718955635746126,0.1209934196561239,0.2536616429632774,19.19549989386542,22.99617915516875,17.52334960730206,17.490978560815112,78692544000.0,110780544000.0,24.746083018867925,19.33952912263456,47.8956445526476,345.14273684210525,2.383106023439629,2.383106023439629,27.22549619071025,48.737590849098105,67.42577236762021,485.8795789473684,0.0101026089587343,0.0028973520032596,0.986220889736834,0.3410409466959891,14.117025956885174,0.5778672427336999,2.949238578680203,2.3437945791726107,0.0066588265338073,0.6591194968553459,0.0,0.0,-0.0750026180751911,0.8612294583079733,0.347751290243303,1.5881032547699214,0.0,12.897241689077813,0.009774032919557,0.0077446128667731,-29.76663659520272,-4299000000.0,43334000000.0,-53433000000.0,57198000000.0,2640000000.0,2023000000.0,1182000000.0,63.94445809781273,118.65748709122202,59.84509466437177,1.4074714631615357,0.758485639686684,1.5038826574633304,0.024075588262015,0.7509021439184886,2018-07-25,0.52,bmo,3972578199.0,2025-04-25,2018-06-30,0.0192307692307692,40.3821875,7493592.5625
2018-03-31,NEE,USD,753308,2018-04-24,2018-04-24 16:49:33,2018,Q1,3863000000.0,1596000000.0,2267000000.0,0.5868495988,0,0.0,0.0,51000000.0,57000000.0,1236000000.0,2832000000.0,18000000.0,226000000.0,924000000.0,6106000000.0,1.5806368108,1047000000.0,0.271032876,4021000000.0,5080000000.0,1.3150401243,1249000000.0,4428000000.0,1.1462593839,2.35,2.34,1885745904,1896000000,https://www.sec.gov/Archives/edgar/data/753308/000075330818000081/0000753308-18-000081-index.htm,https://www.sec.gov/Archives/edgar/data/37634/000075330818000081/nee10q1q2018.htm,2.0485262578621515,2.3481424462370195,0.6840794389443892,0.0010605882774331,0.2916617762941194,19.08687693482589,22.802647964812973,17.34380010086449,17.19478744788513,76995005260.31999,108644005260.32,4.347053142520325,19.93140182767797,59.68605058939535,38497.50263016,2.354155361717116,2.354155361717116,28.124257121491063,17.792991362646575,84.22015911652713,54322.00263016,0.0575102240077643,2.5975710933949587e-05,0.9844982572005136,0.3415107547409953,5.183262364886996,0.5858649128301493,4.632743362831858,0.3367267032106499,0.0067926484092278,0.1181120144534778,0.0,0.0,-0.0743180179033558,0.9984496124031008,0.3334196220553974,1.393939393939394,0.0,30.27091916192042,0.0088874423088888,0.0437156312011926,-29.350057122011915,-3967000000.0,43000000000.0,-52679000000.0,56222000000.0,2563000000.0,2491500000.0,1239000000.0,55.65881439295884,98.57142857142858,67.95112781954887,1.6169945583926328,0.9130434782608696,1.3244813278008298,0.1353880022014309,0.683018850666956,2018-04-24,0.45,bmo,3663876288.0,2025-04-25,2018-03-31,0.0888888888888888,38.561147540983605,9456364.918032788
2017-12-31,NEE,USD,753308,2018-02-16,2018-02-16 15:44:58,2017,Q4,4010000000.0,1906000000.0,2104000000.0,0.5246882793,0,0.0,0.0,50000000.0,-1100000000.0,140000000.0,2046000000.0,22000000.0,387000000.0,-219000000.0,316000000.0,0.0788029925,236000000.0,0.0588528678,-151000000.0,86000000.0,0.021446384,-1982000000.0,2155000000.0,0.5374064838,1.14,1.14,1884000000,1896000000,https://www.sec.gov/Archives/edgar/data/753308/000075330818000013/0000753308-18-000013-index.htm,https://www.sec.gov/Archives/edgar/data/37634/000075330818000013/nee-12312017x10k.htm,2.1284501061571124,1.1438428874734607,0.6650743099787686,-0.150212314225053,0.9097664543524416,15.657112526539278,14.568471337579618,14.9723991507431,18.82590233545648,73570200000.0,106937200000.0,8.534825986078886,18.34668329177057,58.71524341580207,-259.96537102473496,2.60813244469654,2.60813244469654,26.667630922693267,338.4088607594937,85.34493216280926,-377.8699646643109,0.0292917512797301,-0.0038466661773381,1.2436542824730572,0.3586024308217568,105.59177215189874,0.6371972934472935,0.6098191214470284,0.6058994197292069,0.006293308975645,0.2148491879350348,0.0,0.0,0.0209655820990115,1.2258579409417398,0.3830423940149626,-9.78343949044586,0.0189526184538653,19.62999302680216,0.062916182487456,0.0225004176411627,-33.930865180467094,-4075000000.0,27447000000.0,-61172000000.0,70392000000.0,2743500000.0,2745500000.0,1312500000.0,61.42892768079801,152.7544596012592,60.11017838405037,1.465107782243332,0.5891808346213292,1.497250589159466,0.0763967668746454,0.8152866242038217,2018-01-26,0.33,bmo,4202480000.0,2025-04-25,2017-12-31,-0.0606060606060606,38.60825396825397,6312612.19047619
2017-09-30,NEE,USD,753308,2017-10-26,2017-10-26 16:43:16,2017,Q3,4808000000.0,1945000000.0,2863000000.0,0.5954658902,0,0.0,0.0,48000000.0,90000000.0,1467000000.0,3412000000.0,20000000.0,381000000.0,1138000000.0,2739000000.0,0.5696755408,1399000000.0,0.2909733777,-179000000.0,1220000000.0,0.2537437604,364000000.0,847000000.0,0.1761647255,0.45,0.45,1877600000,1894000000,https://www.sec.gov/Archives/edgar/data/753308/000075330817000142/0000753308-17-000142-index.htm,https://www.sec.gov/Archives/edgar/data/753308/000075330817000142/neeq310q2017.htm,2.5607158074137195,0.4511077971878994,1.0625266297400937,0.4883894333191308,0.7355134213890072,14.5510225820196,19.63943331913081,14.05943757988922,18.821900298253087,68795264000.0,102373264000.0,20.3055678866588,14.308499168053244,34.483841604010024,75.02209814612868,2.606078642321388,2.606078642321388,21.2922762063228,37.376146038700256,51.31491929824561,111.6393282442748,0.012311894028054,0.0133294059311989,1.3243048715811805,0.3612175943625298,12.259218692953633,0.6055670458462599,3.671916010498688,2.3278879813302216,0.0067155785607567,0.5454545454545454,0.0,0.0,-0.0987177235201124,0.5403508771929825,0.2242096505823627,0.9472759226713532,0.0,11.945804414864805,0.0109319802944944,0.0079653923919687,-34.80001065189604,-4577000000.0,36875000000.0,-62433000000.0,56957000000.0,2615000000.0,2035000000.0,1332500000.0,51.47670549084859,104.39074550128534,62.56041131105398,1.7483636363636363,0.862145390070922,1.4386094674556211,0.0320857640730358,0.574137196420963,2017-10-26,0.44,bmo,4600086486.0,2025-04-25,2017-09-30,0.0454545454545455,36.63222222222222,6105650.222222222
2017-06-30,NEE,USD,753308,2017-07-26,2017-07-26 17:25:32,2017,Q2,4404000000.0,1854000000.0,2550000000.0,0.5790190736,0,0.0,0.0,10000000.0,125000000.0,1262000000.0,3116000000.0,19000000.0,430000000.0,957000000.0,2285000000.0,0.5188465032,1285000000.0,0.2917801998,-183000000.0,1093000000.0,0.2481834696,289000000.0,793000000.0,0.1800635786,0.42,0.42,1871600000,1886800000,https://www.sec.gov/Archives/edgar/data/753308/000075330817000109/0000753308-17-000109-index.htm,https://www.sec.gov/Archives/edgar/data/37634/000075330817000109/nee10q2q2017.htm,2.3530668946356057,0.42370164565078,0.96227826458645,0.4338533874759564,0.3430220132506946,14.359905962812569,19.146719384483863,13.85231887155375,18.67599914511648,65562148000.0,99444148000.0,20.66902522068096,14.886954586739328,36.40319156024431,80.74156157635468,2.528818483375762,2.528818483375762,22.58041507720254,43.52041487964989,55.216073292615214,122.46816256157636,0.0120953938238875,0.0123851951891509,1.3316361953251563,0.3716654107008289,14.82800875273523,0.6644692737430168,2.988372093023256,2.240049751243781,0.0070162435800608,0.5800756620428752,0.0,0.0,-0.0964474109161373,0.5491393670183231,0.2245685740236149,1.033437826541275,0.0,11.491654876214536,0.0107325063906375,0.0077860361908315,-33.583832015387905,-3003000000.0,35835000000.0,-60067000000.0,57694000000.0,2320000000.0,1525500000.0,1308000000.0,50.68119891008174,88.05825242718447,63.737864077669904,1.7758064516129033,1.022050716648291,1.412033511043412,0.0305870554655558,0.5284248771104937,2017-07-26,0.44,bmo,4167225806.0,2025-04-25,2017-06-30,0.0681818181818181,34.179206349206346,7332964.507936508
2017-03-31,NEE,USD,753308,2017-04-21,2017-04-21 15:53:41,2017,Q1,3972000000.0,1694000000.0,2278000000.0,0.5735146022,0,0.0,0.0,43000000.0,104000000.0,958000000.0,2652000000.0,19000000.0,360000000.0,691000000.0,3281000000.0,0.8260322256,2405000000.0,0.6054884189,-139000000.0,2266000000.0,0.5704934542,675000000.0,1583000000.0,0.3985397784,0.85,0.84,1870000000,1880800000,https://www.sec.gov/Archives/edgar/data/753308/000075330817000081/0000753308-17-000081-index.htm,https://www.sec.gov/Archives/edgar/data/37634/000075330817000081/nee10q1q2017.htm,2.1240641711229946,0.846524064171123,0.7294117647058823,-0.2556149732620321,0.320855614973262,14.154545454545454,18.879679144385022,13.63475935828877,18.301604278074866,60008300000.00001,93272300000.0,9.476989892608971,15.107829808660629,43.99435483870968,-125.54037656903768,2.353543554143625,2.353543554143625,23.482452165156097,28.428009753124048,68.38145161290322,-195.13033472803343,0.0263796841436934,-0.007965564763541,1.3281562536769032,0.3712954333643989,10.138372447424564,0.5969675238192809,6.680555555555555,0.8573224387177876,0.007665606257801,0.2905874921036007,0.0,0.0,-0.0968806534729455,1.3504398826979471,0.4637462235649547,2.665701881331404,0.0,16.115161118785377,0.0194608032769888,0.0158235123599324,-33.08262032085562,-3934000000.0,35305000000.0,-58909000000.0,55630000000.0,2299500000.0,2342000000.0,1296000000.0,48.94259818731118,65.72018890200708,69.22668240850058,1.8388888888888888,1.3694421988682297,1.3000767459708364,0.0620857355767345,0.9850267379679144,2017-04-21,0.39,bmo,3540754285.0,2025-04-25,2017-03-31,0.1282051282051281,31.441290322580645,7285136.451612903
2016-12-31,NEE,USD,753308,2017-02-23,2017-02-23 15:57:53,2016,Q4,3699000000.0,1851000000.0,1848000000.0,0.499594485,0,0.0,0.0,0.0,90000000.0,1105000000.0,2956000000.0,408000000.0,387000000.0,840000000.0,2960000000.0,0.8002162747,926000000.0,0.2503379292,595000000.0,1521000000.0,0.4111922141,504000000.0,966000000.0,0.2611516626,0.52,0.51,1875728155,1876000000,https://www.sec.gov/Archives/edgar/data/753308/000075330817000060/0000753308-17-000060-index.htm,https://www.sec.gov/Archives/edgar/data/37634/000075330817000060/nee-12312016x10k.htm,1.972034161847936,0.515000000093297,0.5555175984443226,0.0645082815851852,0.6887991719674326,13.5046221556556,12.421309526059762,12.976827124504084,16.647934785624624,56027999989.85,85575999989.85,14.499999997373193,15.14679642872398,53.769673694673706,463.0413222301653,2.3017953243437,2.3017953243437,23.134901321938365,28.91081080738176,82.1266794528311,707.2396693376033,0.0172413793134682,0.0021596344688712,1.266998069101516,0.3426933205916015,9.982432432432432,0.6785419910248192,2.392764857881137,1.024582104228122,0.0072642250316579,0.4213250517598343,0.0,0.0,0.0225795339637527,0.8838771593090211,0.2489862124898621,1.0964285714285715,0.020816436874831,12.262503183788857,0.0075418992802768,0.0109821398119621,-32.46539208662675,-3510000000.0,23299000000.0,-57253000000.0,65434000000.0,2649000000.0,3123500000.0,1299000000.0,59.34306569343066,167.60129659643434,62.67423014586709,1.5166051660516606,0.5369886858137511,1.4359968968192398,0.0396861262889774,0.4910093168591373,2017-01-27,0.32,bmo,3973057851.0,2025-04-25,2016-12-31,-0.0625,29.87936507936508,10284457.07936508
2016-09-30,NEE,USD,753308,2016-11-01,2016-11-01 09:06:55,2016,Q3,4805000000.0,2050000000.0,2755000000.0,0.5733610822,0,0.0,0.0,0.0,76000000.0,1353000000.0,3403000000.0,23000000.0,369000000.0,1070000000.0,2537000000.0,0.5279916753,1279000000.0,0.2661810614,-72000000.0,1207000000.0,0.2511966701,418000000.0,753000000.0,0.1567117586,0.41,0.4,1859259259,1864000000,https://www.sec.gov/Archives/edgar/data/753308/000075330816000444/0000753308-16-000444-index.htm,https://www.sec.gov/Archives/edgar/data/37634/000075330816000444/nee10q3q2016.htm,2.584362550161166,0.4050000000564741,1.0886055778410406,0.5658167331466278,0.3662749004494806,13.3757569739767,19.067270918993444,12.858346615338814,17.23589641674604,56856148140.21999,87852148140.22,18.876543207244357,11.83270512803746,28.09098228271739,54.04576819412547,2.378221781914084,2.378221781914084,18.28348556508221,34.62835953497044,43.40521153172925,83.50964652112168,0.0132439502961567,0.0185028362703279,1.3250094114694442,0.3605230811253755,12.217579818683484,0.6452754399387911,3.4661246612466123,2.562025316455696,0.0070704754569123,0.5338645418326693,0.0,0.0,-0.1204361285623236,0.4802371541501976,0.2022892819979188,0.908411214953271,0.0,10.824586992057185,0.0103358320130142,0.0076488633362452,-32.01019422757114,-3709000000.0,35451000000.0,-56248000000.0,51326000000.0,2766000000.0,2287000000.0,1281500000.0,53.55046826222685,122.92682926829268,57.46829268292684,1.6806575725778243,0.7321428571428571,1.5660809778456837,0.0314970510729075,0.5227888446944128,2016-10-31,0.42,bmo,4639310344.0,2025-04-25,2016-09-30,0.0476190476190476,31.50484375,7970721.8125
2016-06-30,NEE,USD,753308,2016-07-28,2016-07-28 16:19:58,2016,Q2,3817000000.0,1803000000.0,2014000000.0,0.5276395075,0,0.0,0.0,0.0,103000000.0,843000000.0,2646000000.0,20000000.0,602000000.0,816000000.0,2181000000.0,0.5713911449,1169000000.0,0.3062614619,-406000000.0,763000000.0,0.1998952057,219000000.0,540000000.0,0.1414723605,0.29,0.29,1862068965,1862068966,https://www.sec.gov/Archives/edgar/data/753308/000075330816000402/0000753308-16-000402-index.htm,https://www.sec.gov/Archives/edgar/data/37634/000075330816000402/nee10q2q2016.htm,2.0498703709397788,0.2900000000805555,0.9263888891462192,0.3453148149107356,0.3920370371459362,12.825518522081165,18.260870375442835,12.445296299753323,17.673888893798303,60703448259.0,92281448259.0,28.10344826805556,15.903444657846476,35.19040478782609,94.40660693468118,2.619463547898507,2.619463547898507,24.176433916426515,42.31153060935351,53.49649174434783,143.5170268413686,0.0088957055239434,0.0105924789849918,1.3941486148269613,0.3782252399906345,14.478679504814306,0.5744530698659139,1.941860465116279,3.074866310160428,0.0066223585567134,0.7444444444444445,0.0,0.0,-0.1184851322875204,0.6272463768115942,0.2834686926905947,1.3259803921568627,0.0,9.011412673851284,0.0104982666789466,0.0056520237384997,-31.24280093460448,-4824000000.0,34003000000.0,-55026000000.0,49212000000.0,2470000000.0,1456500000.0,1270500000.0,63.02593659942363,88.55241264559069,62.595673876871885,1.4279835390946505,1.016347237880496,1.437799043062201,0.0233019763528091,0.5810740742354835,2016-07-27,0.4,bmo,3588437125.0,2025-04-25,2016-06-30,0.0499999999999999,30.023125,7202971.25
2016-03-31,NEE,USD,753308,2016-04-29,2016-04-29 13:02:47,2016,Q1,3835000000.0,1727000000.0,2108000000.0,0.5496740548,0,0.0,0.0,0.0,81000000.0,870000000.0,2597000000.0,18000000.0,509000000.0,651000000.0,2056000000.0,0.5361147327,1234000000.0,0.3217731421,-338000000.0,896000000.0,0.2336375489,259000000.0,636000000.0,0.1658409387,0.34,0.34,1845783804,1852000000,https://www.sec.gov/Archives/edgar/data/753308/000075330816000372/0000753308-16-000372-index.htm,https://www.sec.gov/Archives/edgar/data/37634/000075330816000372/nee10q1q2016.htm,2.0777081214436746,0.3445690652511544,0.8370427764355873,0.1516970727520805,0.3402348631725235,12.80214938975594,18.21015003336761,12.41315475319882,17.833616227786557,54616742760.36,86396742760.36,21.46884542466981,14.24165391404433,35.350642563339804,195.05979557271428,2.383761468241969,2.383761468241969,22.52848572629987,42.021762042976654,55.920221851365696,308.5597955727143,0.0116447808466087,0.0051266330771233,1.4144553072625698,0.3829058213310963,15.457198443579768,0.6702559743081137,2.424361493123772,2.425431711145997,0.0073420709425945,0.6305031446540881,0.0,0.0,-0.1179389628649408,0.8187702265372169,0.3298565840938722,1.9431643625192008,0.0,9.810033406052804,0.01115203166512,0.00672169437428,-31.4420626479828,-3491000000.0,33612000000.0,-53911000000.0,49421000000.0,2025500000.0,1834000000.0,1273000000.0,53.20208604954368,59.35726693688478,67.07006369426752,1.6916629907366565,1.5162423178226514,1.3418803418803418,0.0277583798882681,0.6853457036835068,2016-04-28,0.35,bmo,3439129032.0,2025-04-25,2016-03-31,0.1142857142857144,28.07049180327869,10696786.360655738
2015-12-31,NEE,USD,753308,2016-02-22,2016-02-19 17:37:18,2015,Q4,4069000000.0,2091000000.0,1978000000.0,0.4861145245,0,0.0,0.0,0.0,75000000.0,1094000000.0,3185000000.0,21000000.0,299000000.0,841000000.0,1897000000.0,0.4662079135,876000000.0,0.2152863111,-118000000.0,757000000.0,0.1860407963,247000000.0,507000000.0,0.124600639,0.27,0.27,1844000000,1848000000,https://www.sec.gov/Archives/edgar/data/753308/000075330816000337/0000753308-16-000337-index.htm,https://www.sec.gov/Archives/edgar/data/37634/000075330816000337/nee-12312015x10k.htm,2.2066160520607374,0.2749457700650759,0.8693058568329718,0.3872017353579176,0.3096529284164859,12.533622559652928,11.457158351409978,12.241865509761388,16.261388286334057,47888680000.0,77004680000.0,23.613747534516765,11.769152125829445,29.874410480349344,67.07098039215687,2.121408700274652,2.121408700274652,18.924718604079622,40.592872957301005,48.03785402370555,107.8496918767507,0.0105870531407422,0.0149095777958381,1.3150970142641978,0.359934043817214,15.34844491302056,0.672306322350846,2.929765886287625,3.1431372549019607,0.0073921436130626,0.6982248520710059,0.0,0.0,0.0240667321378775,0.5545851528384279,0.2184811993118702,1.0570749108204518,0.0147456377488326,8.70239080031027,0.0078294957482978,0.0062986061072875,-30.81805856832972,-3312000000.0,21127000000.0,-52572000000.0,60059000000.0,2047000000.0,2199500000.0,1301500000.0,39.45932661587614,108.85222381635582,54.1893830703013,2.280829596412556,0.8268090154211151,1.6608419380460684,0.0224594666430406,0.4821041214750542,2016-01-28,0.27,bmo,3790777777.0,2025-04-25,2015-12-31,0.0740740740740739,25.30109375,8407657.9375
2015-09-30,NEE,USD,753308,2015-10-30,2015-10-30 13:36:48,2015,Q3,4954000000.0,2291000000.0,2663000000.0,0.5375454178,0,0.0,0.0,0.0,48000000.0,1175000000.0,3466000000.0,22000000.0,311000000.0,798000000.0,2513000000.0,0.5072668551,1481000000.0,0.2989503432,-179000000.0,1302000000.0,0.2628179249,421000000.0,879000000.0,0.1774323779,0.48,0.48,1821761658,1824000000,https://www.sec.gov/Archives/edgar/data/753308/000075330815000249/0000753308-15-000249-index.htm,https://www.sec.gov/Archives/edgar/data/37634/000075330815000249/nee10q3q2015.htm,2.719345847600444,0.4825000000082338,0.8667434584903312,0.2525028441453783,0.6482736063819386,12.529630261874797,12.535119454138824,12.250779294862072,16.783205347271615,44432766838.62,73515766838.62,12.637305699266212,8.969068800690351,28.13981433731476,96.59297138830436,1.990893755651044,1.990893755651044,14.839678409087606,29.254184973585357,46.55843371666877,159.8168844317826,0.0197826978273158,0.0103527201371618,1.356035487050811,0.3784750447081775,11.573020294468762,0.6418860283482789,4.762057877813505,1.7922814982973894,0.0078320578428963,0.3959044368600682,0.0,0.0,-0.0001250578392506,0.7086763774540848,0.225878078320549,1.2433333333333334,0.0,11.532455190553137,0.0134962099838032,0.0109912095332174,-29.39544795272006,-3714000000.0,22836000000.0,-50480000000.0,56111000000.0,2224500000.0,1693500000.0,1311000000.0,41.96608800968914,73.46137058053252,52.79790484504583,2.1445887445887446,1.2251336898395722,1.7046130952380951,0.0393852495743346,0.6142406143449529,2015-10-28,0.41,bmo,5108812500.0,2025-04-25,2015-09-30,-0.0243902439024389,25.42875,10418121.5
2015-06-30,NEE,USD,753308,2015-08-03,2015-08-03 13:48:33,2015,Q2,4358000000.0,2116000000.0,2242000000.0,0.5144561726,0,0.0,0.0,0.0,58000000.0,1087000000.0,3203000000.0,22000000.0,280000000.0,825000000.0,2099000000.0,0.4816429555,1146000000.0,0.2629646627,-152000000.0,994000000.0,0.2280862781,274000000.0,716000000.0,0.1642955484,0.4,0.4,1782000000,1796800000,https://www.sec.gov/Archives/edgar/data/753308/000075330815000206/0000753308-15-000206-index.htm,https://www.sec.gov/Archives/edgar/data/37634/000075330815000206/nee10q2q2015.htm,2.4455667789001123,0.4017957351290684,0.9837261503928172,0.4523007856341189,0.3092031425364758,12.121773288439956,12.348484848484848,11.97418630751964,16.865319865319865,43676820000.0,72899820000.0,15.250286312849164,10.022216613125288,24.91547062179121,54.18960297766749,2.0469031774299373,2.0469031774299373,16.727815511702616,34.730738446879464,41.58575014261267,90.44642679900744,0.0163931348481872,0.0184537244240766,1.395351016965039,0.3856685794225463,13.92234397332063,0.6736015285001592,4.092857142857143,2.4313453536754506,0.0078302403883799,0.4776536312849162,0.0,0.0,-0.005233092835585,0.5402167712492869,0.2173015144561725,1.147878787878788,0.0,10.40439725669158,0.0114783197171107,0.0092262096514399,-29.63285634118968,-3075000000.0,22005000000.0,-49254000000.0,54831000000.0,2083000000.0,1310500000.0,1263500000.0,44.17393299678752,64.5226843100189,54.35727788279773,2.037400654511454,1.394858272907053,1.6557120500782472,0.0335551598087918,0.5314253647586981,2015-08-03,0.37,bmo,4190384615.0,2025-04-25,2015-06-30,0.0540540540540541,25.41873015873016,7983709.206349206
2015-03-31,NEE,USD,753308,2015-05-01,2015-05-01 14:06:01,2015,Q1,4104000000.0,2098000000.0,2006000000.0,0.488791423,0,0.0,0.0,0.0,65000000.0,873000000.0,2971000000.0,21000000.0,321000000.0,637000000.0,1894000000.0,0.4615009747,1129000000.0,0.2750974659,-193000000.0,936000000.0,0.2280701754,286000000.0,650000000.0,0.1583820663,0.36,0.36,1793103448,1796000000,https://www.sec.gov/Archives/edgar/data/753308/000075330815000166/0000753308-15-000166-index.htm,https://www.sec.gov/Archives/edgar/data/37634/000075330815000166/nee10q1q2015.htm,2.288769231121349,0.3625000000557692,0.6586346154859438,0.1472307692534201,0.2615576923479319,11.412615386371172,11.75169230950026,11.284903847889986,16.61198077178646,46638620682.48,75635620682.48001,17.93793103172308,11.364186326140352,39.4907880461304,176.6614419790909,2.3048490576960714,2.3048490576960714,18.429732135107216,39.934329821795146,64.04370929930569,286.49856319121216,0.0139369473300949,0.0056605447617616,1.4561897702001485,0.3932522788239533,15.309926082365363,0.6708928190922651,3.5171339563862927,1.8169230769230769,0.0073115369839421,0.5246153846153846,0.0,0.0,-0.0081143482496763,0.7764606265876376,0.2234405458089668,1.4395604395604396,0.0,9.593878101347396,0.0110824479154396,0.0086050544766141,-28.917043273679543,-3089000000.0,21072000000.0,-48168000000.0,52536000000.0,1916000000.0,1229000000.0,1270500000.0,44.45175438596491,47.35938989513823,53.57959961868446,2.024666995559941,1.90036231884058,1.6797437950360288,0.032122559920929,0.5114038462325237,2015-04-29,0.32,bmo,3667404255.0,2025-04-25,2015-03-31,0.0937499999999999,26.3772131147541,9254879.86885246
2014-12-31,NEE,USD,753308,2015-02-20,2015-02-20 16:20:04,2014,Q4,4664000000.0,2118000000.0,2546000000.0,0.5458833619,0,0.0,0.0,0.0,62000000.0,1004000000.0,3122000000.0,20000000.0,321000000.0,778000000.0,2436000000.0,0.5222984563,1531000000.0,0.3282590051,-194000000.0,1337000000.0,0.2866638079,453000000.0,884000000.0,0.1895368782,0.49,0.49,1742400000,1793103448,https://www.sec.gov/Archives/edgar/data/753308/000075330815000079/0000753308-15-000079-index.htm,https://www.sec.gov/Archives/edgar/data/37634/000075330815000079/nee-12312014x10k.htm,2.676767676767677,0.507346189164371,0.879247015610652,0.3535353535353535,0.3311524334251607,11.574839302112029,11.200642791551882,11.430211202938477,16.841712580348943,46295568000.0,74742568000.0,13.092638009049772,9.926150943396228,30.219039164490862,75.15514285714286,2.324541474191605,2.324541474191605,16.025421955403086,30.68249917898194,48.78757702349869,121.33533766233766,0.0190947003825506,0.0133058093163475,1.4573207471379794,0.3873533611819189,11.67775041050903,0.7186174066025044,4.769470404984424,1.7330316742081449,0.0068257073765678,0.3574660633484163,0.0,0.0,0.0087015708203766,0.597911227154047,0.1963979416809605,1.1773778920308484,0.0255145797598627,11.42274779293413,0.0144769140273769,0.0119013961253147,-29.949638429752067,-2719000000.0,19516000000.0,-47817000000.0,53638000000.0,2108000000.0,1425000000.0,1280500000.0,34.830617495711834,57.53541076487252,54.90084985835694,2.5839335180055403,1.564254062038405,1.6393188854489165,0.0443864229765013,0.5257116620752984,2015-01-27,0.26,bmo,4845126213.0,2025-04-25,2014-12-31,0.0,25.25109375,8567236.6875
2014-09-30,NEE,USD,753308,2014-11-07,2014-11-07 16:31:57,2014,Q3,4654000000.0,2338000000.0,2316000000.0,0.4976364418,0,0.0,0.0,0.0,21000000.0,1153000000.0,3491000000.0,18000000.0,316000000.0,872000000.0,2131000000.0,0.4578856897,1163000000.0,0.2498925655,-220000000.0,943000000.0,0.2026214009,279000000.0,660000000.0,0.1418134938,0.38,0.38,1745929224,1760000000,https://www.sec.gov/Archives/edgar/data/753308/000075330814000112/0000753308-14-000112-index.htm,https://www.sec.gov/Archives/edgar/data/37634/000075330814000112/nee10q3q2014.htm,2.665629245461327,0.3780221963911637,0.8705965735069224,0.4215520250665098,0.277789038257143,10.964934738958238,10.98269032697055,10.773632597148165,17.03333651284366,40976958887.28,69914958887.28,15.521575336090908,8.804675308826816,26.95852558373684,55.67521587945652,2.1784667138373206,2.1784667138373206,15.022552403798882,32.808521298582825,45.996683478473685,94.99315066206522,0.0161066125432962,0.0179613133816152,1.564221158958001,0.4075602897787874,13.579540122008448,0.5884872544922691,3.680379746835443,2.289156626506024,0.0076872468956641,0.4772727272727273,0.0,0.0,-0.0004294045129029,0.5157894736842106,0.1684572410829394,0.8990825688073395,0.0,9.572623767464236,0.0121877909562605,0.0091382365972529,-28.70749244071305,-3939000000.0,19175000000.0,-47416000000.0,51097000000.0,2351500000.0,1485500000.0,1223500000.0,46.62440911044263,57.58768177929855,48.84944396920445,1.9303193695562009,1.5628342245989304,1.842395587076438,0.0350877192982456,0.4490445484404126,2014-10-31,0.38,bmo,4623974193.0,2025-04-25,2014-09-30,0.0263157894736842,24.1465625,6849787.5
2014-06-30,NEE,USD,753308,2014-07-31,2014-07-31 17:10:44,2014,Q2,4029000000.0,2141000000.0,1888000000.0,0.4686026309,0,0.0,0.0,0.0,58000000.0,937000000.0,3078000000.0,21000000.0,305000000.0,695000000.0,1784000000.0,0.4427897741,951000000.0,0.2360387193,-167000000.0,784000000.0,0.1945892281,292000000.0,492000000.0,0.1221146687,0.28,0.28,1745428348,1760000000,https://www.sec.gov/Archives/edgar/data/753308/000075330814000075/0000753308-14-000075-index.htm,https://www.sec.gov/Archives/edgar/data/37634/000075330814000075/nee10q2q2014.htm,2.3083158954170946,0.2818792307136288,0.8198560551853716,0.4251105471331556,0.3563595152517828,10.55843972118184,10.784745201124691,10.55843972118184,17.333853913091136,44717874275.76,74045874275.76001,22.722497091341467,11.09900081304542,31.24938803337526,60.26667692150944,2.4264948871756475,2.4264948871756475,18.378226427341776,41.505534907937225,51.74414694322852,99.79228339051214,0.0110023118935842,0.0165929175305681,1.625156004123935,0.4183545187875401,16.43946188340807,0.6294117647058823,3.1180327868852458,2.914460285132383,0.0070441631025996,0.6402439024390244,0.0,0.0,-0.0055175303813381,0.4814814814814814,0.1710101762223876,0.9913669064748202,0.0,8.183190666739751,0.0089340132693846,0.0068347572410918,-28.77860902027701,-3591000000.0,18824000000.0,-47062000000.0,50045000000.0,2421500000.0,1462500000.0,1163000000.0,51.198808637379,62.00373657169547,49.51891639420832,1.7578534031413613,1.4515254237288135,1.8174872665534805,0.026697053556894,0.394745508052216,2014-07-29,0.36,bmo,4029000000.0,2025-04-25,2014-06-30,0.0,24.32555555555556,8783191.555555556
2014-03-31,NEE,USD,753308,2014-05-02,2014-05-02 09:39:10,2014,Q1,3674000000.0,2153000000.0,1521000000.0,0.4139902014,0,0.0,0.0,0.0,62000000.0,783000000.0,2936000000.0,22000000.0,319000000.0,551000000.0,1453000000.0,0.3954817637,738000000.0,0.2008709853,-155000000.0,583000000.0,0.1586826347,153000000.0,430000000.0,0.11703865,0.25,0.25,1744474408,1752000000,https://www.sec.gov/Archives/edgar/data/753308/000075330814000035/0000753308-14-000035-index.htm,https://www.sec.gov/Archives/edgar/data/37634/000075330814000035/nee10q1q2014.htm,2.1060784744971737,0.2464925813918847,0.5829836169198763,-0.0556041404535181,0.2797404179517204,10.410012274596808,10.84223414987467,10.410012274596808,17.10199924010579,41710383095.28,70737383095.28,24.25022272981396,11.35285331934676,41.01315938572272,-430.0039494358763,2.296827262955947,2.296827262955947,19.253506558323352,48.68367728512044,69.55494896291052,-729.2513721162886,0.0103091836633996,-0.0023255600356971,1.6252753303964758,0.4196584720820122,19.977288368891948,0.596677030703459,2.3134796238244517,2.3651162790697677,0.0075520764045834,0.7325581395348837,0.0,0.0,-0.0107207348111074,1.095378564405113,0.3032117583015786,2.021778584392014,0.0,7.598341460637834,0.0082811877374539,0.0060490961524934,-28.20090095583678,-4151000000.0,18914000000.0,-46030000000.0,48401000000.0,2164000000.0,1325000000.0,1150500000.0,62.49047359825803,60.613098002786806,47.98885276358569,1.440219521756174,1.4848275862068965,1.8754355400696865,0.0236784140969163,0.6385877573733945,2014-04-30,0.27,bmo,3119984126.0,2025-04-25,2014-03-31,0.1851851851851851,22.657868852459018,8444711.213114753
2013-12-31,NEE,USD,753308,2014-02-24,2014-02-24 11:06:46,2013,Q4,3630000000.0,2048000000.0,1582000000.0,0.4358126722,0,0.0,0.0,0.0,61000000.0,941000000.0,2989000000.0,20000000.0,296000000.0,640000000.0,1362000000.0,0.3752066116,641000000.0,0.176584022,-188000000.0,452000000.0,0.1245179063,125000000.0,327000000.0,0.0900826446,0.19,0.19,1736000509,1740000000,https://www.sec.gov/Archives/edgar/data/753308/000075330814000025/0000753308-14-000025-index.htm,https://www.sec.gov/Archives/edgar/data/37634/000075330814000025/nee-12312013x10k.htm,2.0910132117939373,0.1883640000706935,0.9861748260581876,0.5178569910200412,0.2523040734891858,10.391702022248658,10.171079967119988,10.391702022248658,16.54492602455798,37167770897.69,65155770897.69,28.415726986001527,10.239055343716254,21.71014655238902,41.34346039787542,2.060297721601441,2.060297721601441,17.94924818118182,47.83830462385463,38.05827739351052,72.47582969709677,0.0087979448888693,0.0241876221868305,1.575720620842572,0.4101520791850633,20.54919236417033,0.6357601480030471,2.1655405405405403,5.235474006116208,0.0076948386489805,0.8746177370030581,0.0,0.0,0.0055262170663434,0.4748831775700934,0.2239669421487603,1.1046195652173914,0.031129476584022,6.636415268064765,0.0071814089398977,0.0047444249379742,-28.178995194061898,-3347000000.0,17657000000.0,-45424000000.0,49756000000.0,1832500000.0,1222000000.0,1147500000.0,44.05785123966942,52.734375,50.6689453125,2.0427687113111985,1.7066666666666668,1.7762359063313096,0.0181263858093126,0.4683178350381463,2014-01-28,0.24,bmo,3706421052.0,2025-04-25,2013-12-31,0.0,21.08234375,7799526.25
2013-09-30,NEE,USD,753308,2013-11-01,2013-11-01 14:06:39,2013,Q3,4394000000.0,2256000000.0,2138000000.0,0.486572599,0,0.0,0.0,0.0,46000000.0,953000000.0,3209000000.0,20000000.0,288000000.0,690000000.0,1973000000.0,0.4490213928,1185000000.0,0.2696859354,-190000000.0,995000000.0,0.2264451525,297000000.0,698000000.0,0.1588529813,0.41,0.41,1695200000,1707200000,https://www.sec.gov/Archives/edgar/data/753308/000075330813000091/0000753308-13-000091-index.htm,https://www.sec.gov/Archives/edgar/data/37634/000075330813000091/nee10q3q2013.htm,2.5920245398773005,0.4117508258612553,0.6724870221802737,0.2176734308636149,0.346271826333176,10.26958470976876,13.8874469089193,10.26958470976876,17.105946201038225,33971808000.0,62123808000.0,12.167553008595988,7.731408284023669,29.79983157894737,92.06452032520323,1.9513934171980007,1.9513934171980007,14.13832680928539,31.486978205778,54.49456842105264,168.35720325203252,0.0205464483962702,0.0108619476478849,1.649146992934689,0.4274484113986243,14.26862645717182,0.5939433409312928,4.114583333333333,1.6332378223495705,0.0082126921240105,0.3997134670487106,0.0,0.0,-0.0913110800107197,0.6763157894736842,0.1754665452890305,1.117391304347826,0.0,9.754049142470867,0.0132368343204854,0.0095226401451588,-27.83329400660689,-3741000000.0,23542000000.0,-44285000000.0,41525000000.0,2004000000.0,1261500000.0,1131000000.0,38.67091488393263,49.62765957446808,45.55851063829787,2.327330508474576,1.8135048231511253,1.9754816112084064,0.0400942041472801,0.4548135913166588,2013-11-01,0.35,bmo,4301818181.0,2025-04-25,2013-09-30,0.0285714285714286,20.63890625,7679152.6875
2013-06-30,NEE,USD,753308,2013-07-31,2013-07-31 16:10:26,2013,Q2,3833000000.0,2026000000.0,1807000000.0,0.4714322985,0,0.0,0.0,0.0,71000000.0,826000000.0,2852000000.0,19000000.0,266000000.0,595000000.0,1682000000.0,0.438820767,981000000.0,0.2559352987,-160000000.0,821000000.0,0.2141925385,211000000.0,610000000.0,0.1591442734,0.36,0.36,1698649316,1700000000,https://www.sec.gov/Archives/edgar/data/753308/000075330813000064/0000753308-13-000064-index.htm,https://www.sec.gov/Archives/edgar/data/37634/000075330813000064/nee10q2q2013.htm,2.256498715712549,0.3591088485741338,0.6876051395648989,0.2466665697582984,0.2578519273368371,9.773059008490485,9.779534741825428,9.773059008490485,16.776858961746992,34074905278.96,61895905278.96,13.965125114327869,8.889878757881554,29.17372027308219,81.32435627436755,2.05258148779953,2.05258148779953,16.148162086866684,36.798992436956006,52.99306958815068,147.7229242934606,0.0179017372170555,0.0122964391704037,1.700620444551533,0.4328932640262508,16.540428061831154,0.5340024811097327,3.68796992481203,1.911620294599018,0.0081584966333466,0.4557377049180328,0.0,0.0,-0.0001686676786727,0.6412671232876712,0.1954082963735977,1.258823529411765,0.0,8.886271393035827,0.0119355376849927,0.0093518121052308,-27.09682308552497,-4132000000.0,16612000000.0,-43881000000.0,46317000000.0,1939500000.0,1186500000.0,1109000000.0,49.77824158622489,56.81638696939783,49.75320829220138,1.8080188679245284,1.5840500390930414,1.8089285714285712,0.03674477441118,0.4409385698066004,2013-07-30,0.32,bmo,3360438356.0,2025-04-25,2013-06-30,0.1562499999999999,19.83984375,7175555.3125
2013-03-31,NEE,USD,753308,2013-05-02,2013-05-02 14:53:54,2013,Q1,3279000000.0,1821000000.0,1458000000.0,0.4446477585,0,0.0,0.0,0.0,36000000.0,724000000.0,2545000000.0,19000000.0,272000000.0,500000000.0,957000000.0,0.2918572736,434000000.0,0.132357426,-249000000.0,252000000.0,0.076852699,168000000.0,272000000.0,0.0829521195,0.16,0.16,1684054875,1698552320,https://www.sec.gov/Archives/edgar/data/753308/000075330813000033/0000753308-13-000033-index.htm,https://www.sec.gov/Archives/edgar/data/37634/000075330813000033/nee10q1q2013.htm,1.9470861957511925,0.1615149268814651,0.6424968782564167,0.1110415122310073,0.1454821951689668,9.620826637255512,9.626764686037918,9.620826637255512,16.742922346874238,32620142928.75,60329142928.75,29.981749015395224,9.94819851440988,30.148006403650648,174.4392669986631,2.0133405091192444,2.0133405091192444,18.39864072240012,63.03985676985371,55.75706370494455,322.6157375868984,0.0083384061374014,0.0057326542194634,1.7234909270460437,0.4373854612095296,28.95402298850575,0.4609161349134001,1.5955882352941178,12.88095238095238,0.0085529974718198,1.025735294117647,0.0,0.0,-0.0001566342433782,0.8271719038817006,0.2729490698383653,1.79,0.0,5.912944274576792,0.0024060984060984,0.0042597841918155,-27.03460004532216,-4731000000.0,16212000000.0,-43596000000.0,45083000000.0,1623000000.0,1187500000.0,1085500000.0,48.27996340347666,54.06919275123559,54.2668863261944,1.8641273450824327,1.6645338208409506,1.6584699453551912,0.0167880508579187,0.5314553660254093,2013-04-30,0.25,bmo,2986232142.0,2025-04-25,2013-03-31,0.1200000000000001,18.222,8499231.266666668
2012-12-31,NEE,USD,753308,2013-02-28,2013-02-28 16:40:05,2012,Q4,3375000000.0,1985000000.0,1390000000.0,0.4118518519,0,0.0,0.0,0.0,12000000.0,658000000.0,2643000000.0,24000000.0,243000000.0,651000000.0,1268000000.0,0.3757037037,732000000.0,0.2168888889,-93000000.0,567000000.0,0.168,138000000.0,429000000.0,0.1271111111,0.25,0.25,1696000000,1696000000,https://www.sec.gov/Archives/edgar/data/753308/000075330813000023/0000753308-13-000023-index.htm,https://www.sec.gov/Archives/edgar/data/37634/000075330813000023/nee-12312012x10k.htm,1.9899764150943395,0.2529481132075472,0.4923349056603773,-0.21875,0.1939858490566037,9.474646226415096,9.244693396226417,9.474646226415096,16.274764150943398,29340800000.0,56370800000.0,17.0983682983683,8.69357037037037,35.13868263473054,-79.08571428571429,1.825925695438421,1.825925695438421,16.70245925925926,44.45646687697161,67.50994011976047,-151.94285714285715,0.0146212782200894,-0.0126445086705202,1.7025950588088867,0.4245720759167585,21.317034700315457,0.5999541757360523,3.0123456790123457,1.9463869463869463,0.008588722870542,0.5874125874125874,0.0,0.0,0.0060522354474774,1.444311377245509,0.3573333333333333,1.852534562211981,0.0299259259259259,7.343252851517225,0.009247333030142,0.0066979968461646,-27.35215212264151,-3492000000.0,15679000000.0,-43133000000.0,46311000000.0,1804500000.0,1237500000.0,1064000000.0,39.653333333333336,58.08060453400503,48.649874055415616,2.269670477471419,1.5495706479313036,1.84995340167754,0.0266973676022154,0.7110849056603774,2013-01-29,0.24,bmo,3112864077.0,2025-04-25,2012-12-31,0.0833333333333334,17.320806451612906,6538477.935483871
2012-09-30,NEE,USD,753308,2012-10-26,2012-10-25 20:49:44,2012,Q3,3843000000.0,1526000000.0,2317000000.0,0.6029143898,0,0.0,0.0,0.0,1568000000.0,1568000000.0,3094000000.0,20000000.0,259000000.0,336000000.0,1252000000.0,0.3257871455,749000000.0,0.1948998179,-173000000.0,569000000.0,0.1480614104,154000000.0,415000000.0,0.1079885506,0.25,0.25,1692824308,1692824308,https://www.sec.gov/Archives/edgar/data/753308/000075330812000118/0000753308-12-000118-index.htm,https://www.sec.gov/Archives/edgar/data/37634/000075330812000118/nee10q3q2012.htm,2.270170614775931,0.2451524343304739,0.7260056428726566,0.0821112972817732,0.1453192743260158,9.384317040419058,13.02675055868822,9.384317040419058,15.71870150626405,29692138362.32,55796138362.32,17.886830338746986,7.726291533260474,24.159591832644427,213.612506203741,1.8690758128112803,1.8690758128112803,14.518901473411397,44.56560572070288,45.39962437943043,401.41106735482015,0.0139767636448388,0.0046813738473074,1.6586931889714214,0.4246643781527502,20.84984025559105,0.5634285714285714,2.891891891891892,2.968599033816425,0.0084870950325286,0.6072289156626506,0.0,0.0,-0.0993730761172621,0.886899918633035,0.2836325787145459,3.244047619047619,0.0,7.194667035883093,0.0094496272712044,0.0060837059297808,-25.872738117605056,-3438000000.0,22052000000.0,-41726000000.0,38089000000.0,2065000000.0,1164000000.0,1068500000.0,49.695550351288055,70.41939711664482,62.22149410222804,1.8110273327049955,1.2780569514237856,1.4464454976303318,0.0261236308699483,0.6438943455908833,2012-10-24,0.35,bmo,4269999999.0,2025-04-25,2012-09-30,-0.0857142857142856,17.241587301587302,6610738.603174604
2012-06-30,NEE,USD,753308,2012-07-27,2012-07-27 17:20:09,2012,Q2,3667000000.0,1236000000.0,2431000000.0,0.6629397328,0,0.0,0.0,0.0,1409000000.0,1409000000.0,2645000000.0,22000000.0,270000000.0,402000000.0,1450000000.0,0.3954185983,1022000000.0,0.2787019362,-172000000.0,850000000.0,0.2317971094,243000000.0,607000000.0,0.1655304063,0.36,0.36,1691031392,1691031392,https://www.sec.gov/Archives/edgar/data/753308/000075330812000088/0000753308-12-000088-index.htm,https://www.sec.gov/Archives/edgar/data/37634/000075330812000088/nee10q2q2012.htm,2.168499069472035,0.3589525320887715,0.8101564562794349,0.041394855430336,0.1744497478849878,9.336313964773517,12.876756814222404,9.336313964773517,14.854839548714894,29085739942.4,53640739942.4,11.979299811532124,7.931753461248976,21.23046711124088,415.51057060571424,1.8422688081074232,1.8422688081074232,14.62796289675484,36.99361375337931,39.15382477547445,766.2962848914285,0.020869333260975,0.0024066776412986,1.5739802381555612,0.411491968869018,16.93448275862069,0.6350909328797593,3.785185185185185,2.257001647446458,0.0086640395086749,0.415156507413509,0.0,0.0,-0.0991389302864712,0.948905109489051,0.3545132260703572,3.2338308457711444,0.0,8.683553685312383,0.0130286919202048,0.0091447338686593,-24.990665578371477,-2789000000.0,21775000000.0,-39748000000.0,36719000000.0,1922500000.0,1103500000.0,1087000000.0,49.282792473411504,82.57281553398057,78.7864077669903,1.826195219123506,1.08994708994709,1.1423290203327172,0.0384469217126931,0.7687616008490988,2012-07-26,0.29,bmo,3375968253.0,2025-04-25,2012-06-30,0.103448275862069,16.236507936507937,8164467.174603174
2012-03-31,NEE,USD,753308,2012-04-27,2012-04-27 16:36:57,2012,Q1,3371000000.0,1182000000.0,2189000000.0,0.6493622071,0,0.0,0.0,0.0,1346000000.0,1346000000.0,2528000000.0,20000000.0,265000000.0,383000000.0,1246000000.0,0.3696232572,843000000.0,0.250074162,-225000000.0,618000000.0,0.1833283892,157000000.0,461000000.0,0.1367546722,0.28,0.28,1660000000,1660000000,https://www.sec.gov/Archives/edgar/data/753308/000075330812000048/0000753308-12-000048-index.htm,https://www.sec.gov/Archives/edgar/data/37634/000075330812000048/nee10q1q2012.htm,2.030722891566265,0.277710843373494,0.336144578313253,-0.4313253012048192,0.1656626506024096,9.170481927710844,12.672289156626508,9.170481927710844,14.599397590361448,25348200000.0,49043200000.0,13.746312364425162,7.519489765648175,45.42688172043011,-35.40251396648045,1.6651251395914075,1.6651251395914075,14.548561257787007,39.36051364365971,87.89103942652329,-68.49608938547486,0.0181866957022589,-0.0282465816113175,1.5745910792879196,0.4048507777796544,19.01685393258427,0.6363522798251093,3.181132075471698,1.210412147505423,0.0097837321782217,0.5379609544468547,0.0,0.0,-0.0981809583326295,2.283154121863799,0.3779293978048057,3.3263707571801566,0.0,7.56978870784609,0.0115193223268958,0.0070901261150415,-25.17183734939759,-2911000000.0,21036000000.0,-38890000000.0,35244000000.0,1604500000.0,1132000000.0,1083000000.0,49.04479382972412,81.7005076142132,83.1472081218274,1.835057158410452,1.1015843429636534,1.0824175824175823,0.0302831242199303,0.7674698795180723,2012-04-25,0.24,bmo,3238803921.0,2025-04-25,2012-03-31,0.0833333333333334,14.990645161290322,8834467.612903226
2011-12-31,NEE,USD,753308,2012-02-28,2012-02-28 15:26:15,2011,Q4,3864000000.0,1383000000.0,2481000000.0,0.6420807453,0,0.0,0.0,0.0,1349000000.0,1349000000.0,2732000000.0,20000000.0,260000000.0,331000000.0,1581000000.0,0.4091614907,1132000000.0,0.2929606625,-209000000.0,923000000.0,0.2388716356,256000000.0,667000000.0,0.1726190476,0.4,0.4,1676000000,1676000000,https://www.sec.gov/Archives/edgar/data/753308/000075330812000025/0000753308-12-000025-index.htm,https://www.sec.gov/Archives/edgar/data/37634/000075330812000025/nee-12312011x10k.htm,2.305489260143198,0.3979713603818616,0.5710023866348448,-0.2428400954653937,0.2249403341288783,8.915871121718377,8.915871121718377,8.915871121718377,13.858591885441529,25508720000.0,48098720000.0,9.560989505247376,6.601635610766046,26.65487983281087,-62.67498771498772,1.707068192464699,1.707068192464699,12.44790890269151,30.42297280202403,50.259895506792056,-118.17867321867324,0.0261479211814626,-0.0159553282171743,1.5369738339021617,0.4027955593749452,14.28842504743833,0.7251079029617502,4.3538461538461535,1.434782608695652,0.0090557268259638,0.3463268365817091,0.0,0.0,0.0,1.4252873563218391,0.3530020703933747,3.42713567839196,0.0,8.935092645532075,0.015594343990479,0.0116978551009312,-23.94570405727924,-1847000000.0,14943000000.0,-37204000000.0,40643000000.0,1804500000.0,1263500000.0,1059500000.0,31.956521739130437,77.50542299349242,69.89154013015185,2.816326530612245,1.1612090680100755,1.2877094972067038,0.0446362845479488,0.8138424821002387,2012-01-27,0.23,bmo,3781881720.0,2025-04-25,2011-12-31,0.0,14.028412698412698,8432441.841269841
2011-09-30,NEE,USD,753308,2011-11-04,2011-11-04 15:19:43,2011,Q3,4382000000.0,1911000000.0,2471000000.0,0.5638977636,0,0.0,0.0,0.0,1560000000.0,1560000000.0,3471000000.0,21000000.0,265000000.0,575000000.0,1535000000.0,0.3502966682,911000000.0,0.2078959379,-346000000.0,565000000.0,0.1289365586,158000000.0,407000000.0,0.0928799635,0.24,0.24,1669600000,1679200000,https://www.sec.gov/Archives/edgar/data/753308/000075330811000078/0000753308-11-000078-index.htm,https://www.sec.gov/Archives/edgar/data/37634/000075330811000078/nee10q3q2011.htm,2.6245807379012938,0.2437709631049353,0.6744130330618112,0.1491375179683756,0.3833253473885961,8.916506947771921,12.12505989458553,8.916506947771921,13.617632965979876,22556296000.0,44387296000.0,13.855218673218673,5.147488817891373,20.032234458259325,90.58753413654618,1.5151673271982269,1.5151673271982269,10.12946052031036,28.916805211726384,39.420333925399646,178.2622329317269,0.0180437426428523,0.011039046481745,1.5094377644925103,0.3971193779270124,14.22214983713355,0.8427011726647796,3.437735849056604,2.7665847665847667,0.0101967096016118,0.5651105651105651,0.0,0.0,-0.0946717327913758,0.7788632326820604,0.2001369237790963,1.525217391304348,0.0,6.993259142866057,0.0127183704383136,0.0065706628781763,-23.273688308576904,-1167000000.0,20244000000.0,-35446000000.0,34593000000.0,2185000000.0,1308000000.0,1058500000.0,45.94477407576449,62.91993720565149,49.21507064364207,1.958873491282968,1.4303892215568863,1.828708133971292,0.0273392893128232,0.5252755150934355,2011-11-04,0.35,bmo,4716503816.0,2025-04-25,2011-09-30,-0.057142857142857,13.80453125,9668558.9375
2011-06-30,NEE,USD,753308,2011-08-02,2011-08-02 15:30:50,2011,Q2,3961000000.0,1557000000.0,2404000000.0,0.6069174451,0,0.0,0.0,0.0,1446000000.0,1446000000.0,3003000000.0,16000000.0,256000000.0,469000000.0,1452000000.0,0.3665740975,907000000.0,0.2289825802,-180000000.0,727000000.0,0.1835395102,147000000.0,580000000.0,0.1464276698,0.34,0.34,1689360516,1689360516,https://www.sec.gov/Archives/edgar/data/753308/000075330811000057/0000753308-11-000057-index.htm,https://www.sec.gov/Archives/edgar/data/37634/000075330811000057/form10q063011.htm,2.3446741903135613,0.3433251780817635,0.5966754819076167,0.0195340187529279,0.1698867691542519,8.823457076701324,11.949492017132002,8.823457076701324,12.850424639615529,24276110614.92,45442110614.92,10.463840782293104,6.12878329081545,24.08344307035714,735.6397156036363,1.628613351329666,1.628613351329666,11.47238339180005,31.296219431763085,45.081458943373015,1377.0336549975757,0.0238918008407629,0.0013593610823192,1.4392191064001074,0.3932217680590941,14.577134986225897,0.7533260291125372,3.54296875,1.7379310344827583,0.0094743348161646,0.396551724137931,0.0,0.0,-0.0967978444562567,0.9672619047619048,0.246149962130775,2.0788912579957355,0.0,8.25588195612642,0.0143612084992714,0.0096928373274507,-22.03688889814209,-1576000000.0,20187000000.0,-34838000000.0,33997000000.0,2067500000.0,1177500000.0,973500000.0,48.465034082302445,73.98843930635839,61.96531791907515,1.857008907641819,1.21640625,1.4524253731343284,0.0389105058365758,0.5771414631546887,2011-07-27,0.27,bmo,3658889830.0,2025-04-25,2011-06-30,0.111111111111111,14.153809523809525,6834473.396825396
2011-03-31,NEE,USD,753308,2011-05-04,2011-05-04 15:55:54,2011,Q1,3134000000.0,1404000000.0,1730000000.0,0.5520102106,0,0.0,0.0,0.0,1302000000.0,1302000000.0,2706000000.0,21000000.0,254000000.0,402000000.0,892000000.0,0.2846202936,428000000.0,0.1365666879,-192000000.0,236000000.0,0.075303127,-32000000.0,268000000.0,0.0855137205,0.16,0.16,1672000000,1672000000,https://www.sec.gov/Archives/edgar/data/753308/000075330811000034/0000753308-11-000034-index.htm,https://www.sec.gov/Archives/edgar/data/37634/000075330811000034/form10q033111.htm,1.874401913875598,0.1602870813397129,0.5879186602870813,0.1028708133971291,0.2541866028708134,8.73145933014354,11.81578947368421,8.73145933014354,12.863636363636363,23040160000.0,43869160000.0,21.49268656716417,7.351678366305041,23.438616480162768,133.95441860465115,1.5782012466607305,1.5782012466607305,13.997817485641352,49.18067264573991,44.62783316378433,255.05325581395348,0.0116318636676134,0.007465225935931,1.4558531406260702,0.3990836885292074,23.35089686098655,0.6705742691794034,1.68503937007874,3.667910447761194,0.0099391670891174,0.8544776119402985,0.0,0.0,-0.0968323412884691,0.8250254323499492,0.2587747287811104,2.017412935323383,0.0,5.611564217485624,0.0098220414336974,0.0045879412469613,-21.70693779904306,-2220000000.0,19756000000.0,-34139000000.0,32560000000.0,1755500000.0,1099500000.0,866000000.0,57.49202297383536,68.91025641025641,56.08974358974359,1.5654345654345654,1.306046511627907,1.6045714285714283,0.0183574217412151,0.4850478468899521,2011-04-29,0.24,bmo,3167340425.0,2025-04-25,2011-03-31,0.0,13.554193548387095,7578174.387096774
2010-12-31,NEE,USD,753308,2011-02-28,2011-02-28 10:42:56,2010,Q4,3413000000.0,1447000000.0,1966000000.0,0.5760328157,0,0.0,0.0,0.0,1496000000.0,1496000000.0,2943000000.0,22000000.0,247000000.0,548000000.0,1058000000.0,0.3099912101,470000000.0,0.1377087606,-207000000.0,263000000.0,0.0770583065,1000000.0,263000000.0,0.0770583065,0.16,0.16,1655600000,1672000000,https://www.sec.gov/Archives/edgar/data/753308/000075330811000025/0000753308-11-000025-index.htm,https://www.sec.gov/Archives/edgar/data/37634/000075330811000025/form10k123110.htm,2.061488282193767,0.1588547958444068,0.6432713215752597,0.2234839333172263,0.1824112104373036,8.73459772892003,8.73459772892003,8.73459772892003,12.725899975839576,21522800000.0,42042800000.0,20.458935361216728,6.3061236448871965,20.209201877934277,58.16972972972973,1.488334140100961,1.488334140100961,12.318429534134191,39.73799621928166,39.47680751173709,113.6291891891892,0.0122195996803389,0.0171910717936327,1.4398727612198328,0.3929124051779447,19.39508506616257,0.7615874855156431,1.902834008097166,4.0494296577946765,0.0096177077331945,0.7870722433460076,0.0,0.0,0.0,0.6525821596244131,0.2036331673014942,1.2682481751824817,0.0,5.587440078223547,0.0095751023079542,0.0049628259802996,-22.14952283160184,-1646000000.0,14461000000.0,-33275000000.0,37429000000.0,1552000000.0,1111500000.0,876000000.0,39.79197187225315,69.91015894955079,53.30338631651693,2.261762756792578,1.2873665480427046,1.6884480746791133,0.0181868473826153,0.4197873882580333,2011-01-25,0.22,bmo,3711637499.0,2025-04-25,2010-12-31,-0.0909090909090908,13.29484375,7627307.9375
2010-09-30,NEE,USD,753308,2010-11-03,2010-11-03 15:21:12,2010,Q3,4691000000.0,1991000000.0,2700000000.0,0.5755702409,0,0.0,0.0,0.0,1575000000.0,1575000000.0,3566000000.0,22000000.0,247000000.0,604000000.0,1811000000.0,0.3860584097,1125000000.0,0.2398209337,-165000000.0,960000000.0,0.2046471968,240000000.0,720000000.0,0.1534853976,0.44,0.44,1643600000,1654800000,https://www.sec.gov/Archives/edgar/data/753308/000075330810000116/0000753308-10-000116-index.htm,https://www.sec.gov/Archives/edgar/data/37634/000075330810000116/form10q093010.htm,2.85410075444147,0.4380627889997566,0.621197371623266,0.2178145534193234,0.4812606473594548,8.60975906546605,11.742516427354587,8.60975906546605,12.603431491847164,22352960000.0,42029960000.0,7.761444444444444,4.765073545086335,21.8932027424094,62.438435754189946,1.5796028549219134,1.5796028549219134,8.959701556171392,23.20815019326339,41.16548481880509,117.40212290502794,0.0322104991911585,0.0160157759867149,1.4463995477351423,0.3881366860090264,10.865267807840972,0.8036732990121052,4.554655870445344,1.4160887656033287,0.0092157817130259,0.2861111111111111,0.0,0.0,-0.0976409906322296,0.6493633692458374,0.1413344702622042,1.097682119205298,0.0,9.212021442048696,0.0174562946105306,0.0124388853376639,-21.993337795083963,-1411000000.0,19300000000.0,-32807000000.0,31741000000.0,1540000000.0,1207500000.0,860500000.0,30.60115114048177,49.67855349070818,40.45705675539929,2.941065830721003,1.8116469517743403,2.224581005586592,0.050879796480814,0.4033828182039425,2010-10-29,0.36,bmo,4626296551.0,2025-04-25,2010-09-30,0.0,13.29671875,6877100.1875
2010-06-30,NEE,USD,753308,2010-08-06,2010-08-06 12:43:24,2010,Q2,3591000000.0,1455000000.0,2136000000.0,0.5948203843,0,0.0,0.0,0.0,1427000000.0,1427000000.0,2882000000.0,28000000.0,247000000.0,454000000.0,1195000000.0,0.3327763854,709000000.0,0.1974380395,-215000000.0,494000000.0,0.1375661376,77000000.0,417000000.0,0.1161236424,0.25,0.25,1635600000,1645600000,https://www.sec.gov/Archives/edgar/data/753308/000075330810000096/0000753308-10-000096-index.htm,https://www.sec.gov/Archives/edgar/data/37634/000075330810000096/form10q06302010.htm,2.195524578136464,0.2549523110785033,0.520909757887014,0.0666422108094888,0.5068476400097823,8.271582293959403,11.476522377109315,8.271582293959403,12.496943017852775,19937964000.0,39301964000.0,11.953215827338129,5.552203842940685,23.401366197183098,182.9171009174312,1.4737204523615937,1.4737204523615937,10.94457365636313,32.88867280334728,46.12906572769953,360.5684770642202,0.0209148737554145,0.0054669574084896,1.4925715130460493,0.3943252162705774,16.20418410041841,0.743614931237721,2.8704453441295548,2.0431654676258995,0.0103320479463198,0.4940047961630695,0.0,0.0,-0.1023648186842156,0.8720657276995305,0.2069061542745753,1.6365638766519823,0.0,6.8883472616965244,0.0127053997293495,0.0073869373438911,-21.597120322817315,-1827000000.0,18771000000.0,-32381000000.0,30509000000.0,1329500000.0,1126500000.0,839000000.0,37.21804511278196,81.40206185567011,51.09278350515464,2.418181818181818,1.1056231003039514,1.761501210653753,0.0308226772119151,0.4542675470775251,2010-07-23,0.26,bmo,3429243243.0,2025-04-25,2010-06-30,0.0769230769230769,12.5915873015873,11870607.80952381
2010-03-31,NEE,USD,753308,2010-05-03,2010-04-30 21:46:37,2010,Q1,3622000000.0,1349000000.0,2273000000.0,0.6275538377,0,0.0,0.0,0.0,1334000000.0,1334000000.0,2683000000.0,18000000.0,238000000.0,486000000.0,1494000000.0,0.4124792932,939000000.0,0.2592490337,-169000000.0,770000000.0,0.2125897294,214000000.0,556000000.0,0.1535063501,0.34,0.34,1658690152,1658690152,https://www.sec.gov/Archives/edgar/data/753308/000075330810000051/0000753308-10-000051-index.htm,https://www.sec.gov/Archives/edgar/data/37634/000075330810000051/form10q03312010.htm,2.183650753356616,0.3352042570033899,0.5401852774730889,0.0301442677161321,1.1008686569931476,8.040079085246779,11.104545341268777,8.040079085246779,12.510473987549185,20036977036.16,39334977036.16,9.00943212057554,5.5320201645941465,22.362697585000003,400.7395407232,1.5024727831553688,1.5024727831553688,10.860015747145225,26.328632554323963,43.90064401357143,786.6995407232001,0.0277486967718038,0.002495386400342,1.5381673665266946,0.4026736288327902,12.917001338688086,0.7140837830891802,3.945378151260504,1.6115107913669064,0.0101811765133956,0.3669064748201439,0.0,0.0,-0.0997801421224137,0.9441964285714286,0.2335726118166758,1.7407407407407407,0.0,7.787107714705084,0.0144041291814915,0.0099241410084783,-20.783568262241666,-2225000000.0,18419000000.0,-32049000000.0,29546000000.0,1302500000.0,964500000.0,864500000.0,29.171728326891216,62.51297257227576,56.8421052631579,3.0851788756388414,1.439701173959445,1.5833333333333333,0.0416916616676664,0.5100410097569567,2010-04-27,0.22,bmo,3352276595.0,2025-04-25,2010-03-31,0.0909090909090908,12.09639344262295,14586320.786885248
2009-12-31,NEE,USD,753308,2010-02-26,2010-02-26 14:59:17,2009,Q4,3655000000.0,1632000000.0,2023000000.0,0.5534883721,0,0.0,0.0,0.0,1466000000.0,1466000000.0,3098000000.0,20000000.0,218000000.0,541000000.0,1162000000.0,0.3179206566,557000000.0,0.1523939808,-154000000.0,403000000.0,0.1102599179,55000000.0,348000000.0,0.0952120383,0.21,0.21,1626000000,1658694152,https://www.sec.gov/Archives/edgar/data/753308/000075330810000025/0000753308-10-000025-index.htm,https://www.sec.gov/Archives/edgar/data/37634/000075330810000025/form10k123109.htm,2.247847478474785,0.2140221402214022,0.6992619926199262,0.2183271832718327,0.1463714637146371,7.974784747847479,7.974784747847479,7.974784747847479,11.750922509225092,21479460000.0,40130460000.0,15.43064655172414,5.876733242134063,18.891345646438,60.50552112676056,1.6564710418755302,1.6564710418755302,10.979606019151849,34.53567986230637,35.29503957783641,113.04354929577464,0.016201524619334,0.0165274173559298,1.4566977712655202,0.3898014775682034,16.05077452667814,0.6725073654830206,2.555045871559633,3.2672413793103448,0.0089387722037704,0.5517241379310345,0.0,0.0,0.0,0.6877748460861918,0.213953488372093,1.44547134935305,0.0,6.196980009620374,0.0107848475329152,0.0071814767427462,-20.75107626076261,-2112000000.0,12967000000.0,-31154000000.0,33966000000.0,1512500000.0,1024500000.0,880500000.0,35.23666210670314,54.70588235294118,48.3639705882353,2.5541579315164222,1.6451612903225807,1.8608893956670467,0.0268373563661602,0.4809348093480934,2010-01-26,0.19,bmo,3516202531.0,2025-04-25,2009-12-31,0.0526315789473684,13.149375,11021700.0
2009-09-30,NEE,USD,753308,2009-10-30,2009-10-30 16:11:20,2009,Q3,4473000000.0,2164000000.0,2309000000.0,0.5162083613,0,0.0,0.0,0.0,1460000000.0,1460000000.0,3624000000.0,15000000.0,204000000.0,500000000.0,1419000000.0,0.3172367539,849000000.0,0.1898054997,-134000000.0,715000000.0,0.1598479767,182000000.0,533000000.0,0.1191594008,0.33,0.33,1632000000,1632000000,https://www.sec.gov/Archives/edgar/data/753308/000075330809000122/0000753308-09-000122-index.htm,https://www.sec.gov/Archives/edgar/data/37634/000075330809000122/form10q093009.htm,2.740808823529412,0.3265931372549019,0.7242647058823529,0.1844362745098039,0.1004901960784313,7.801470588235294,10.55453431372549,7.801470588235294,11.058823529411764,22537920000.0,40217920000.0,10.57125703564728,5.038658618376928,19.06761421319797,74.87681063122923,1.7701790763430725,1.7701790763430725,8.991263134361725,28.34243833685694,34.025313028764806,133.61435215946844,0.0236490323863071,0.0133552696965824,1.4015080113100848,0.3784116212490722,12.459478505990134,0.6368766204056733,4.161764705882353,2.217636022514071,0.0085189760190825,0.3602251407129456,0.0,0.0,-0.0952815183967766,0.745346869712352,0.196959534987704,1.762,0.0,7.571519132829701,0.0147730190492964,0.0103198574969021,-19.98866421568627,-2381000000.0,17225000000.0,-30247000000.0,28342000000.0,1521000000.0,1156000000.0,895000000.0,32.072434607645874,43.960258780036966,36.76524953789279,2.8061480552070264,2.047303689687796,2.4479638009049776,0.0418630223060006,0.539828431372549,2009-10-27,0.35,bmo,4570239130.0,2025-04-25,2009-09-30,0.0,14.0596875,9614457.125
2009-06-30,NEE,USD,753308,2009-07-31,2009-07-31 14:35:43,2009,Q2,3811000000.0,1797000000.0,2014000000.0,0.5284702178,0,0.0,0.0,0.0,1409000000.0,1409000000.0,3206000000.0,17000000.0,215000000.0,435000000.0,1070000000.0,0.2807662031,605000000.0,0.158750984,-164000000.0,441000000.0,0.1157176594,71000000.0,370000000.0,0.0970873786,0.23,0.23,1624000000,1624000000,https://www.sec.gov/Archives/edgar/data/753308/000075330809000086/0000753308-09-000086-index.htm,https://www.sec.gov/Archives/edgar/data/37634/000075330809000086/form10q2q2009.htm,2.3466748768472905,0.2278325123152709,0.6779556650246306,0.2955665024630542,0.1699507389162561,7.539408866995074,10.200738916256158,7.539408866995074,10.875,23093280000.0,40263280000.0,15.603567567567568,6.059637890317502,20.97482288828338,48.111,1.8860895132309703,1.8860895132309703,10.565017055890843,37.629233644859816,36.5697366030881,83.88183333333333,0.0160219769560668,0.0207852674024651,1.4248611564848088,0.3759589690543918,16.046728971962615,0.7548837209302326,2.813953488372093,2.975675675675676,0.0082708043205642,0.5162162162162162,0.0,0.0,-0.0931385225411602,0.5640326975476839,0.1629493571241144,1.257085020242915,0.0,6.216812320606048,0.0122206368423075,0.0072940898158735,-19.916871921182267,-1581000000.0,16566000000.0,-29291000000.0,28294000000.0,1364500000.0,1156500000.0,888500000.0,34.195749147205454,62.854757929883135,45.37562604340568,2.6319060773480665,1.4318725099601597,1.9834437086092715,0.0302188827180659,0.3823891625615763,2009-07-28,0.24,bmo,3772505050.0,2025-04-25,2009-06-30,0.0416666666666667,13.665396825396824,10492397.968253968
2009-03-31,NEE,USD,753308,2009-05-06,2009-05-05 19:03:50,2009,Q1,3705000000.0,1811000000.0,1894000000.0,0.5112010796,0,0.0,0.0,0.0,1311000000.0,1311000000.0,3122000000.0,27000000.0,211000000.0,469000000.0,1063000000.0,0.2869095816,583000000.0,0.1573549258,-200000000.0,383000000.0,0.1033738192,19000000.0,364000000.0,0.098245614,0.23,0.22,1609200000,1619200000,https://www.sec.gov/Archives/edgar/data/753308/000075330809000043/0000753308-09-000043-index.htm,https://www.sec.gov/Archives/edgar/data/37634/000075330809000043/form10q1q2009.htm,2.302386278896346,0.2261993537161322,0.6481481481481481,0.2417350236142182,0.1715137956748695,7.456500124285359,10.076435495898584,7.456500124285359,10.719612229679344,20404656000.0,37167656000.0,14.014186813186814,5.50732955465587,19.56342857142857,52.45412853470437,1.700529710809234,1.700529710809234,10.03175600539811,34.96486923800565,35.63533652924257,95.5466735218509,0.0178390657504836,0.0190642763102695,1.4200350029169098,0.3761036553063747,15.769520225776104,0.7758542827035978,2.7630331753554502,2.8653846153846154,0.0093606086767647,0.5247252747252747,0.0,0.0,-0.0930602154335158,0.6270373921380633,0.1765182186234817,1.394456289978678,0.0,6.160336756598309,0.0136469133514377,0.0073505654281098,-19.657438478747203,-1489000000.0,16215000000.0,-28151000000.0,27348000000.0,1362000000.0,1060000000.0,919500000.0,31.11740890688259,52.57868580894533,43.28547763666482,2.892271662763466,1.7117202268431002,2.079219288174512,0.0303358613217768,0.4064131245339299,2009-04-28,0.19,bmo,3211000000.0,2025-04-25,2009-03-31,0.2105263157894737,12.23967213114754,11527072.06557377
2008-12-31,NEE,USD,753308,2009-02-27,2009-02-26 19:15:04,2008,Q4,4003000000.0,1994000000.0,2009000000.0,0.5018735948,0,0.0,0.0,0.0,1303000000.0,1303000000.0,3297000000.0,0.0,0.0,618000000.0,1324000000.0,0.330751936,706000000.0,0.1763677242,-191000000.0,515000000.0,0.1286535099,108000000.0,407000000.0,0.1016737447,0.25,0.25,1604000000,1609200000,https://www.sec.gov/Archives/edgar/data/753308/000075330809000025/0000753308-09-000025-index.htm,https://www.sec.gov/Archives/edgar/data/37634/000075330809000025/form10k123108.htm,2.495635910224439,0.2537406483790523,0.6508728179551122,0.291147132169576,0.3335411471321696,7.282418952618454,7.282418952618454,7.282418952618454,10.65211970074813,20178320000.0,36729320000.0,12.394545454545456,5.040799400449663,19.327892720306515,43.20839400428265,1.7274479924663984,1.7274479924663984,9.175448413689733,27.74117824773414,35.18134099616858,78.64950749464668,0.0201701628282235,0.0231436512058486,1.4627172331136034,0.3812052386158274,12.500755287009063,0.7012615424632592,0.0,2.565110565110565,0.0088709069932481,0.4398034398034398,0.0,0.0,0.0,0.5526819923371648,0.1441418935798151,0.4187227866473149,0.0,6.4479863836022,0.0138156650010637,0.0090805649137681,-19.35084164588529,-2297000000.0,11681000000.0,-27748000000.0,30114000000.0,1585000000.0,1242500000.0,993500000.0,32.44316762428179,47.93380140421264,43.691073219658975,2.774081774081774,1.8775894538606404,2.059917355371901,0.0348429072853351,0.3597256857855361,2009-01-27,0.22,bmo,3958522222.0,2025-04-25,2008-12-31,0.0454545454545455,11.45375,15572150.5
2008-09-30,NEE,USD,753308,2008-10-31,2008-10-31 11:24:12,2008,Q3,5387000000.0,2728000000.0,2659000000.0,0.4935956933,0,0.0,0.0,0.0,1323000000.0,1323000000.0,4051000000.0,0.0,0.0,232000000.0,1684000000.0,0.312604418,1336000000.0,0.2480044552,-201000000.0,1135000000.0,0.2106924076,361000000.0,774000000.0,0.1436792278,0.48,0.48,1601600000,1612000000,https://www.sec.gov/Archives/edgar/data/753308/000075330808000030/0000753308-08-000030-index.htm,https://www.sec.gov/Archives/edgar/data/37634/000075330808000030/form10q3q2008.htm,3.3635114885114885,0.4832667332667332,0.1816933066933067,0.6181318681318682,0.994005994005994,7.201548451548452,10.14547952047952,7.201548451548452,10.635614385614383,20148128000.0,35590128000.0,6.507793281653747,3.740138852793762,69.23755326460481,20.35164444444445,1.7468465406623894,1.7468465406623894,6.606669389270466,21.13428028503563,122.30284536082476,35.94962424242424,0.0384154795919501,0.0491360785478432,1.476851049072308,0.3745547297594441,9.169833729216151,0.7420303493706623,0.0,0.375968992248062,0.0088842000606706,0.231266149870801,0.0,0.0,-0.1036765029244909,2.402061855670103,0.1297568219788379,0.0,0.0,8.849070452846629,0.0221149502032727,0.0154204769589384,-19.072958291708293,-2193000000.0,16249000000.0,-27636000000.0,24437000000.0,1703500000.0,1667500000.0,1057500000.0,28.852793762762207,46.94648093841642,33.618035190615835,3.1192819918934567,1.9170765987350669,2.677134445534838,0.0671059476330847,0.4364385614385614,2008-10-27,0.34,bmo,5817960000.0,2025-04-25,2008-09-30,-0.0882352941176471,15.00578125,10846836.0625
2008-06-30,NEE,USD,753308,2008-08-01,2008-08-01 13:38:23,2008,Q2,3585000000.0,1964000000.0,1621000000.0,0.4521617852,0,0.0,0.0,0.0,1308000000.0,1308000000.0,3272000000.0,0.0,0.0,402000000.0,715000000.0,0.1994421199,313000000.0,0.0873082287,-153000000.0,160000000.0,0.0446304045,-49000000.0,209000000.0,0.0582984658,0.13,0.13,1599200000,1610400000,https://www.sec.gov/Archives/edgar/data/753308/000075330808000018/0000753308-08-000018-index.htm,https://www.sec.gov/Archives/edgar/data/37634/000075330808000018/form10q2q2008.htm,2.2417458729364683,0.1306903451725863,0.4696098049024512,-0.6228114057028514,0.2651325662831416,6.637068534267134,9.2783891945973,6.637068534267134,9.167083541770886,26226880000.0,40462880000.0,31.37186602870813,7.315726638772663,34.92260985352863,-26.33220883534136,2.4709704164311286,2.4709704164311286,11.286716875871688,56.59144055944056,53.87866844207723,-40.62538152610442,0.0079689234861333,-0.0379763052257836,1.3811946485773507,0.3350627385550705,19.910489510489512,0.6574817299628609,0.0,3.5933014354066986,0.006786930050391,0.8516746411483254,0.0,0.0,-0.0965419514090462,2.326231691078562,0.4873082287308228,0.0,0.0,4.417750275620316,0.0107568273303691,0.0043562540383933,-19.326538269134566,-2859000000.0,14838000000.0,-27651000000.0,23416000000.0,1503500000.0,1620000000.0,966000000.0,42.17573221757322,87.61710794297352,50.22403258655804,2.133928571428572,1.0271966527196652,1.791970802919708,0.0196909741850386,1.0924212106053026,2008-07-31,0.23,bmo,3585000000.0,2025-04-25,2008-06-30,0.0,16.4928125,7039789.4375
2008-03-31,NEE,USD,753308,2008-05-02,2008-05-02 10:05:05,2008,Q1,3434000000.0,1726000000.0,1708000000.0,0.4973791497,0,0.0,0.0,0.0,1265000000.0,1265000000.0,2991000000.0,0.0,0.0,391000000.0,834000000.0,0.242865463,443000000.0,0.1290040769,-164000000.0,279000000.0,0.0812463599,30000000.0,249000000.0,0.0725101922,0.16,0.15,1596400000,1608000000,https://www.sec.gov/Archives/edgar/data/753308/000075330808000010/0000753308-08-000010-index.htm,https://www.sec.gov/Archives/edgar/data/37634/000075330808000010/form10q1q2008.htm,2.151089952392884,0.155975945878226,0.824981207717364,0.4184414933600601,0.3777248809822099,6.711350538712102,9.446880481082436,6.711350538712102,8.79353545477324,25047516000.0,38482516000.0,25.14810843373494,7.293976703552708,19.018615034168565,37.49628143712575,2.337830502146724,2.337830502146724,11.206323820617357,46.14210551558753,29.21982991647684,57.60855688622755,0.0099411055371718,0.0266693112402842,1.3102482732872878,0.3396564239051536,16.109112709832136,0.7278448715767988,0.0,5.289156626506024,0.007106493114926,0.714859437751004,0.0,0.0,-0.1056617469150738,0.4927866362946089,0.1889924286546301,1.9489489489489489,0.0,4.853164749821413,0.0106323945515086,0.00544893537869,-17.915152843898774,-1600000000.0,15081000000.0,-26337000000.0,23484000000.0,1411500000.0,1266000000.0,846500000.0,34.778683750728014,69.2468134414832,43.592120509849366,2.587792012057272,1.2996987951807228,2.0645933014354068,0.0232406197498599,0.4065397143573039,2008-04-30,0.2,bmo,3614736842.0,2025-04-25,2008-03-31,-0.05,16.034590163934425,10841595.344262294
2007-12-31,NEE,USD,753308,2008-02-28,2008-02-28 15:34:56,2007,Q4,3684000000.0,1971000000.0,1713000000.0,0.4649837134,0,0.0,0.0,0.0,1292000000.0,1292000000.0,3263000000.0,0.0,0.0,402000000.0,823000000.0,0.2233984799,421000000.0,0.1142779587,-189000000.0,232000000.0,0.0629750271,8000000.0,224000000.0,0.0608034745,0.14,0.14,1593200000,1596400000,https://www.sec.gov/Archives/edgar/data/753308/000075330808000003/0000753308-08-000003-index.htm,https://www.sec.gov/Archives/edgar/data/37634/000075330808000003/form10k2007.htm,2.312327391413508,0.140597539543058,0.531634446397188,0.1889279437609841,0.1820236003012804,6.738011549083605,6.738011549083605,6.738011549083605,8.597790610092895,27004740000.0,40412740000.0,30.13921875,7.330276872964169,31.88280991735537,89.71674418604651,2.5155789473684207,2.5155789473684207,10.969799131378936,49.10417982989065,47.71279811097993,134.2615946843854,0.0082948400910358,0.0111461913723294,1.2760130414531905,0.3414001944022132,16.29161603888214,0.6563042723167767,0.0,3.78125,0.0060730079237941,0.7321428571428571,0.0,0.0,0.0,0.6446280991735537,0.1482084690553746,0.4329896907216495,0.0,4.616852446993724,0.0110508321404096,0.0055828327891732,-17.290672859653526,-1979000000.0,10735000000.0,-25609000000.0,26673000000.0,1603500000.0,1241500000.0,862500000.0,36.5472312703583,54.97716894977169,39.1324200913242,2.462566844919786,1.6370431893687707,2.299883313885648,0.0208663251047973,0.3427065026362039,2008-01-28,0.17,bmo,3476450704.0,2025-04-25,2007-12-31,0.0588235294117645,16.7190625,8382707.5625
2007-09-30,NEE,USD,753308,2007-11-02,2007-11-02 12:38:55,2007,Q3,4575000000.0,2443000000.0,2132000000.0,0.466010929,0,0.0,0.0,0.0,1232000000.0,1232000000.0,3675000000.0,0.0,0.0,365000000.0,1265000000.0,0.2765027322,900000000.0,0.1967213115,-140000000.0,760000000.0,0.1661202186,227000000.0,533000000.0,0.1165027322,0.33,0.33,1592400000,1603600000,https://www.sec.gov/Archives/edgar/data/753308/000075330807000068/0000753308-07-000068-index.htm,https://www.sec.gov/Archives/edgar/data/37634/000075330807000068/form10q3q2007.htm,2.8730218538055765,0.3347148957548355,0.5626726953026878,0.3033157498116051,0.2197940216026124,6.666038683747802,9.23637277066064,6.666038683747802,8.67370007535795,24777744000.0,38239744000.0,11.62183114446529,5.415900327868853,27.65373214285714,51.29967701863354,2.334219877531795,2.334219877531795,8.358413989071039,30.22904664031621,42.678285714285714,79.17131262939958,0.0215112400870716,0.019493300116427,1.3011775788977862,0.3490434914457557,10.64189723320158,0.6379511059371362,0.0,1.6810506566604129,0.0066188431037143,0.3076923076923077,0.0,0.0,-0.1034343332238255,0.4609375,0.0902732240437158,0.0,0.0,7.085372606319853,0.0176965881774838,0.0122068523268596,-16.8856757096207,-2488000000.0,14708000000.0,-24572000000.0,21133000000.0,1572000000.0,1263000000.0,841000000.0,33.65901639344262,47.118297175603765,31.97707736389685,2.673874926943308,1.910086004691165,2.814516129032258,0.0502119642016015,0.2593569454910826,2007-10-30,0.31,bmo,4575000000.0,2025-04-25,2007-09-30,0.0,14.84095238095238,9721504.634920634
2007-06-30,NEE,USD,753308,2007-08-02,2007-08-02 17:26:35,2007,Q2,3929000000.0,2106000000.0,1823000000.0,0.463985747,0,0.0,0.0,0.0,1159000000.0,1159000000.0,3265000000.0,0.0,0.0,361000000.0,1025000000.0,0.2608806312,664000000.0,0.1689997455,-132000000.0,532000000.0,0.1354034105,127000000.0,405000000.0,0.103079664,0.25,0.25,1590400000,1601600000,https://www.sec.gov/Archives/edgar/data/753308/000075330807000055/0000753308-07-000055-index.htm,https://www.sec.gov/Archives/edgar/data/37634/000075330807000055/form10q2q2007.htm,2.4704476861167004,0.2546529175050301,0.3967555331991951,0.1836016096579477,0.454602615694165,6.414109657947686,8.976358148893361,6.414109657947686,8.0658953722334,22567776000.0,34672776000.0,13.930725925925929,5.743898192924409,35.76509667194929,77.28690410958905,2.2123101656700324,2.2123101656700324,8.824834818019852,33.82709853658537,54.948931854199685,118.74238356164383,0.017945942037,0.012938802653837,1.257523772179198,0.3435181961813459,11.809756097560976,0.7590828354593896,0.0,1.558024691358025,0.0072226877827925,0.4024691358024691,0.0,0.0,-0.1091235305144203,0.5372424722662441,0.0862814965640112,0.0,0.0,6.0622490954970925,0.0150192750714437,0.0097783572359843,-15.679860412474849,-1492000000.0,14276000000.0,-22441000000.0,20258000000.0,1328500000.0,1121000000.0,766500000.0,32.825146347671165,53.29059829059829,34.78632478632478,2.741800418702024,1.6888532477947074,2.587223587223588,0.0397019900009803,0.2131539235412475,2007-07-30,0.2,bmo,3609197674.0,2025-04-25,2007-06-30,0.0999999999999999,15.5315873015873,10400033.26984127
2007-03-31,NEE,USD,753308,2007-05-03,2007-05-03 13:43:43,2007,Q1,3075000000.0,1672000000.0,1403000000.0,0.4562601626,0,0.0,0.0,0.0,1105000000.0,1105000000.0,2777000000.0,0.0,0.0,351000000.0,649000000.0,0.2110569106,298000000.0,0.0969105691,-142000000.0,156000000.0,0.0507317073,6000000.0,150000000.0,0.0487804878,0.0945,0.0938,1587200000,1598800000,https://www.sec.gov/Archives/edgar/data/753308/000075330807000036/0000753308-07-000036-index.htm,https://www.sec.gov/Archives/edgar/data/37634/000075330807000036/form10q1q2007.htm,1.937373991935484,0.0945060483870967,0.7680191532258065,0.4158266129032258,0.1423891129032258,6.219128024193548,8.695816532258064,6.219128024193548,7.419984879032258,24268288000.0,35819288000.0,40.44714666666666,7.892126178861789,19.90835767022149,36.77013333333333,2.458544017830007,2.458544017830007,11.64854894308943,55.19150693374422,29.384157506152583,54.27164848484848,0.0061809057153104,0.0271959851473659,1.1930908722520517,0.331419727029689,17.79815100154083,0.6620191500083992,0.0,8.126666666666667,0.0067165842106373,1.086666666666667,0.0,0.0,-0.1106233291121429,0.4585726004922067,0.1817886178861788,1.894915254237288,0.0,3.6365185706317606,0.0088799572808498,0.0038007398773627,-15.222089213709678,-2012000000.0,13802000000.0,-21723000000.0,19228000000.0,1251500000.0,1027500000.0,752000000.0,35.82439024390244,53.55861244019139,38.70215311004785,2.5122549019607843,1.6804020100502512,2.325452016689847,0.0151960287711478,0.3521925403225806,2007-04-30,0.15,bmo,2679642857.0,2025-04-25,2007-03-31,0.2,14.488196721311477,8670359.081967212
2006-12-31,NEE,USD,753308,2007-02-27,2007-02-27 13:47:18,2006,Q4,3623000000.0,2060000000.0,1563000000.0,0.4314104333,0,0.0,0.0,0.0,1239000000.0,1239000000.0,3299000000.0,0.0,0.0,361000000.0,685000000.0,0.1890698316,324000000.0,0.0894286503,-36000000.0,288000000.0,0.0794921336,17000000.0,271000000.0,0.0747998896,0.17,0.17,1582400000,1587200000,https://www.sec.gov/Archives/edgar/data/753308/000075330807000016/0000753308-07-000016-index.htm,https://www.sec.gov/Archives/edgar/data/37634/000075330807000016/form10k2006.htm,2.2895601617795758,0.1712588473205258,0.6812436804853387,0.3507330637007078,0.3918099089989889,6.275278058645096,6.275278058645096,6.275278058645096,7.793857431749242,21536464000.0,33249464000.0,19.867586715867155,5.944373171404913,19.978166975881265,38.80443963963964,2.168828197381671,2.168828197381671,9.177329285122829,48.53936350364963,30.8436586270872,59.908944144144144,0.0125833098692524,0.025770247149207,1.2419939577039274,0.3426690005834792,17.099270072992702,0.7699060526721084,0.0,3.977859778597786,0.0068720659064552,0.5461254612546126,0.0,0.0,0.0,0.4851576994434137,0.1443555064863373,0.4575678040244969,0.0,4.917385479717376,0.0094564205955335,0.0075296601928259,-15.223236855409503,-1494000000.0,9930000000.0,-21062000000.0,23005000000.0,1409000000.0,1062500000.0,778500000.0,31.772012144631525,46.310679611650485,34.29611650485437,2.8326817826426898,1.9433962264150944,2.624203821656051,0.0272910372608257,0.3305106167846309,2007-01-26,0.13,bmo,2990412698.0,2025-04-25,2006-12-31,0.2307692307692307,12.824761904761903,10250476.19047619
2006-09-30,NEE,USD,753308,2006-11-03,2006-11-03 15:27:20,2006,Q3,4694000000.0,2656000000.0,2038000000.0,0.4341712825,0,0.0,0.0,0.0,1171000000.0,1171000000.0,3827000000.0,0.0,0.0,500000000.0,1372000000.0,0.2922880273,867000000.0,0.1847038773,-114000000.0,753000000.0,0.1604175543,229000000.0,524000000.0,0.1116318705,0.33,0.33,1579600000,1590400000,https://www.sec.gov/Archives/edgar/data/753308/000075330806000110/0000753308-06-000110-index.htm,https://www.sec.gov/Archives/edgar/data/37634/000075330806000110/form10q3q2006.htm,2.971638389465688,0.3317295517852621,0.5988857938718662,1.11293998480628,0.1006583945302608,6.064826538364143,8.42301848569258,6.064826538364143,7.534185869840466,17770500000.0,29512500000.0,8.478291984732824,3.785790370685982,18.784883720930235,10.108361774744028,1.854958246346556,1.854958246346556,6.287281636131231,21.510568513119537,31.19714587737844,16.787542662116042,0.029487071269801,0.0989279986494471,1.242275574112735,0.3413060311451432,8.558309037900875,0.7843582670777219,0.0,1.8053435114503813,0.00838468247939,0.2843511450381679,0.0,0.0,-0.1068284149244314,0.8583509513742071,0.1729867916489135,0.0,0.0,6.728101460115271,0.0194773591584076,0.0135772399854899,-14.934002279057989,-1329000000.0,13305000000.0,-20455000000.0,19195000000.0,1455500000.0,1063000000.0,774500000.0,29.507882403067747,36.08810240963855,26.159638554216865,3.05003248862898,2.4938967136150234,3.4404145077720205,0.054697286012526,0.5140541909344137,2006-10-30,0.27,bmo,4326643478.0,2025-04-25,2006-09-30,0.0740740740740739,10.866666666666667,8126742.857142857
2006-06-30,NEE,USD,753308,2006-08-04,2006-08-04 16:42:16,2006,Q2,3809000000.0,2174000000.0,1635000000.0,0.4292465214,0,0.0,0.0,0.0,1197000000.0,1197000000.0,3371000000.0,0.0,0.0,218000000.0,739000000.0,0.1940141769,438000000.0,0.1149908112,-124000000.0,315000000.0,0.0826988711,77000000.0,238000000.0,0.0624835915,0.15,0.15,1577200000,1586800000,https://www.sec.gov/Archives/edgar/data/753308/000075330806000087/0000753308-06-000087-index.htm,https://www.sec.gov/Archives/edgar/data/37634/000075330806000087/form10q2q2006.htm,2.415039310169921,0.1509003296981993,0.3747146842505706,-0.6188181587623637,0.0849606898300786,5.753867613492265,8.095992898808014,5.753867613492265,7.564037534871925,16324020000.0,28120020000.0,17.147079831932775,4.285644526122342,27.62101522842639,-16.725430327868853,1.798790082644628,1.798790082644628,7.382520346547651,38.05144790257104,47.58040609137056,-28.811495901639343,0.014579741999826,-0.0597891940833201,1.3146005509641874,0.3533349129250089,15.96211096075778,0.6393850658857979,0.0,2.4831932773109244,0.0090663941847657,0.6218487394957983,0.0,0.0,-0.1094064684279113,2.6514382402707275,0.411394066684169,0.0,0.0,4.419939105700996,0.0108488504239881,0.0063537829035186,-14.66998478316003,-2463000000.0,12769000000.0,-20322000000.0,17721000000.0,1234000000.0,993500000.0,762000000.0,32.41795746915201,43.92364305427783,32.16651333946642,2.7762390670553936,2.0490103675777567,2.797940797940798,0.0262258953168044,0.9935328430129344,2006-07-28,0.18,bmo,4270696969.0,2025-04-25,2006-06-30,-0.0555555555555554,9.968571428571428,12548921.396825396
2006-03-31,NEE,USD,753308,2006-05-05,2006-05-05 15:11:07,2006,Q1,3584000000.0,2053000000.0,1531000000.0,0.4271763393,0,0.0,0.0,0.0,1058000000.0,1058000000.0,3111000000.0,0.0,0.0,342000000.0,815000000.0,0.2273995536,473000000.0,0.1319754464,-145000000.0,323000000.0,0.0901227679,75000000.0,248000000.0,0.0691964286,0.16,0.16,1556800000,1571600000,https://www.sec.gov/Archives/edgar/data/753308/000075330806000053/0000753308-06-000053-index.htm,https://www.sec.gov/Archives/edgar/data/37634/000075330806000053/form10q1q2006.htm,2.302158273381295,0.1593011305241521,-0.0751541623843782,-0.427158273381295,0.0950668036998972,5.743191161356629,8.126927029804728,5.743191161356629,7.352903391572457,15630271999.999998,26929272000.0,15.75632258064516,4.361125,-133.59206837606837,-23.50416842105263,1.748157029415054,1.748157029415054,7.513747767857143,33.04205153374233,-230.1647179487179,-40.49514586466165,0.015866646466549,-0.0425456447590931,1.280281847668046,0.3486112803021074,13.863803680981595,0.6197226502311248,0.0,-0.4717741935483871,0.0094688051493921,0.5967741935483871,0.0,0.0,-0.1130162017298087,-4.683760683760684,0.1529017857142857,1.9855072463768115,0.0,4.53708926608896,0.0121198157396219,0.0067857826907817,-14.48580421377184,-2468000000.0,12652000000.0,-19873000000.0,17106000000.0,1080000000.0,1085500000.0,657000000.0,27.522321428571427,40.594252313687285,32.7471992206527,3.27007299270073,2.2170626349892006,2.748326639892905,0.0277373895537411,0.3520041109969167,2006-05-02,0.12,bmo,3027862068.0,2025-04-25,2006-03-31,0.1666666666666668,10.314193548387095,9677548.64516129
2005-12-31,NEE,USD,753308,2006-02-23,2006-02-23 16:04:29,2005,Q4,3164000000.0,1713000000.0,1451000000.0,0.458596713,0,0.0,0.0,0.0,1099000000.0,1099000000.0,2812000000.0,0.0,0.0,381000000.0,733000000.0,0.2316687737,352000000.0,0.1112515803,-103000000.0,249000000.0,0.0786978508,43000000.0,206000000.0,0.0651074589,0.13,0.13,1537200000,1556800000,https://www.sec.gov/Archives/edgar/data/753308/000075330806000032/0000753308-06-000032-index.htm,https://www.sec.gov/Archives/edgar/data/37634/000075330806000032/file10k2005.htm,2.058287795992714,0.1340098881082487,-0.6303669008587042,-0.934816549570648,0.3447827218319022,5.528883684621389,5.528883684621389,5.528883684621389,6.89695550351288,15971508000.0,26043508000.0,19.38289805825243,5.047884955752212,-16.48246439628483,-11.114480167014614,1.87922202612072,1.87922202612072,8.231197218710493,35.530024556616645,-26.87668524251806,-18.123526791927627,0.0128979680566168,-0.0899727189192153,1.2474408753971056,0.3212337898436553,13.740791268758526,0.68625292417779,0.0,-4.703883495145631,0.0085777748726043,0.6650485436893204,0.0,0.0,0.0,-0.4829721362229102,0.147914032869785,0.3768115942028985,0.0,4.082990863159233,0.0102902067634495,0.0062416676766452,-14.892987249544626,-2280000000.0,8499000000.0,-19518000000.0,20183000000.0,1166000000.0,1293000000.0,517000000.0,30.26548672566372,65.41155866900175,29.789842381786343,2.973684210526316,1.3759036144578314,3.0211640211640214,0.0242381456641957,0.3044496487119438,2006-01-27,0.1,bmo,2751304347.0,2025-04-25,2005-12-31,0.1999999999999999,10.70746031746032,8322920.698412699
2005-09-30,NEE,USD,753308,2005-11-04,2005-11-04 14:09:28,2005,Q3,3504000000.0,1826000000.0,1678000000.0,0.4788812785,0,0.0,0.0,0.0,1119000000.0,1119000000.0,2945000000.0,0.0,0.0,515000000.0,1074000000.0,0.3065068493,559000000.0,0.1595319635,-67000000.0,492000000.0,0.1404109589,153000000.0,339000000.0,0.0967465753,0.22,0.22,1535200000,1559200000,https://www.sec.gov/Archives/edgar/data/753308/000075330805000101/0000753308-05-000101-index.htm,https://www.sec.gov/Archives/edgar/data/37634/000075330805000101/form10q3q2005.htm,2.2824387701928086,0.2208181344450234,1.121677957269411,0.9282178217821784,0.7178217821782178,5.469645648775404,7.760552371026576,5.469645648775404,6.339239187076602,18268880000.0,26898880000.0,13.472625368731563,5.213721461187214,10.60910569105691,12.820266666666669,2.1756436822674767,2.1756436822674767,7.67662100456621,25.045512104283056,15.620720092915215,18.87640701754386,0.0185561457516826,0.0780014976287544,1.1589853519113968,0.2892640589703959,8.035381750465548,0.7573778726610574,0.0,5.079646017699115,0.0074443534579021,0.4011799410029498,0.0,0.0,-0.104535727024135,0.1724738675958188,0.0847602739726027,0.0,0.0,5.213005978833452,0.0139421064991798,0.0091224671026075,-14.956031787389266,-1932000000.0,11914000000.0,-19216000000.0,16693000000.0,1172500000.0,1207500000.0,471000000.0,32.56849315068493,66.09529025191677,23.01752464403067,2.763406940063092,1.3616703952274425,3.910064239828694,0.0403715612718828,0.1934601354872329,2005-11-04,0.24,bmo,3295841584.0,2025-04-25,2005-09-30,0.0416666666666667,10.90734375,5892943.75
2005-06-30,NEE,USD,753308,2005-08-04,2005-08-04 13:32:57,2005,Q2,2741000000.0,1393000000.0,1348000000.0,0.491791317,0,0.0,0.0,0.0,1002000000.0,1002000000.0,2395000000.0,0.0,0.0,280000000.0,665000000.0,0.2426121853,346000000.0,0.1262313024,-89000000.0,257000000.0,0.0937614009,54000000.0,203000000.0,0.0740605618,0.13,0.13,1525600000,1545200000,https://www.sec.gov/Archives/edgar/data/753308/000075330805000081/0000753308-05-000081-index.htm,https://www.sec.gov/Archives/edgar/data/37634/000075330805000081/form10q2q2005.htm,1.7966701625589931,0.1330624016780283,0.3801782905086523,0.0714472994231777,0.1009438909281594,5.409674882013634,7.692711064499213,5.409674882013634,6.457131620346093,16049312000.0,25746312000.0,19.765162561576357,5.855276176577891,27.671227586206896,147.24139449541283,1.9446640009693448,1.9446640009693448,9.393036118205035,38.71625864661654,44.39019310344827,236.20469724770643,0.0126485172697745,0.0067915683862336,1.193626560038774,0.3286843949150845,14.581954887218044,0.7350390286209887,0.0,2.857142857142857,0.0084738834910804,0.6699507389162561,0.0,0.0,-0.1162123385939741,0.8120689655172414,0.1718350966800438,0.0,0.0,4.024431322833808,0.0100841122756601,0.006068033717941,-13.449626376507604,-1222000000.0,11736000000.0,-18328000000.0,17099000000.0,951500000.0,879000000.0,458500000.0,35.36300620211602,69.38980617372577,30.68916008614501,2.5450324976787373,1.2970204841713222,2.9326315789473685,0.0245971162001696,0.3087309910854746,2005-07-22,0.17,bmo,2865590909.0,2025-04-25,2005-06-30,0.0,10.21515625,5939893.75
2005-03-31,NEE,USD,753308,2005-05-09,2005-05-09 09:57:06,2005,Q1,2437000000.0,1238000000.0,1199000000.0,0.4919983586,0,0.0,0.0,0.0,965000000.0,965000000.0,2203000000.0,0.0,0.0,320000000.0,573000000.0,0.2351251539,234000000.0,0.0960196963,-75000000.0,159000000.0,0.0652441526,22000000.0,137000000.0,0.0562166598,0.0924,0.0909,1482800000,1506800000,https://www.sec.gov/Archives/edgar/data/753308/000075330805000042/0000753308-05-000042-index.htm,https://www.sec.gov/Archives/edgar/data/37634/000075330805000042/form10q1q2005.htm,1.6435122740760724,0.0923927704343134,0.1443215538171027,-0.1119503641758834,0.1625303479902886,5.455894254113839,7.964661451308335,5.455894254113839,6.628001079039655,14887311999.999998,24474312000.0,27.166627737226275,6.108868280672958,69.5668785046729,-89.68260240963855,1.840211619283065,1.840211619283065,10.042803446860894,42.71258638743456,114.36594392523364,-147.43561445783132,0.0092024671747324,-0.0111504346788728,1.2148331273176762,0.3349350782128616,16.73123909249564,0.795117040020136,0.0,1.562043795620438,0.0090681245882399,0.9854014598540146,0.0,0.0,-0.1267764032307535,1.7757009345794392,0.1559294214197784,1.2794612794612794,0.0,3.367776220300299,0.0075522583627161,0.0041436046335783,-13.60365524683032,-814000000.0,11810000000.0,-18094000000.0,16937000000.0,935000000.0,723000000.0,418000000.0,30.504718916700863,49.72536348949919,32.13247172859451,2.950363196125908,1.809941520467836,2.800904977375565,0.0169344870210136,0.2562719179929862,2005-04-26,0.11,bmo,2381613636.0,2025-04-25,2005-03-31,0.0,9.714754098360656,7688603.344262295
2004-12-31,NEE,USD,753308,2005-02-28,2005-02-25 18:08:33,2004,Q4,2589000000.0,1328000000.0,1261000000.0,0.4870606412,0,0.0,0.0,0.0,1007000000.0,1007000000.0,2335000000.0,0.0,0.0,311000000.0,565000000.0,0.2182309772,254000000.0,0.0981073774,-81000000.0,173000000.0,0.0668211665,1000000.0,172000000.0,0.066434917,0.12,0.12,1432000000,1482800000,https://www.sec.gov/Archives/edgar/data/753308/000075330805000017/0000753308-05-000017-index.htm,https://www.sec.gov/Archives/edgar/data/37634/000075330805000017/file10k2004.htm,1.807960893854749,0.1201117318435754,0.2360335195530726,-0.1480446927374301,0.1571229050279329,5.263268156424581,6.629888268156424,5.263268156424581,6.804469273743017,13374880000.0,22893880000.0,19.44023255813953,5.166040942448822,39.57065088757397,-63.08905660377359,1.7745628234045376,1.7745628234045376,8.84275009656238,40.52014159292035,67.73337278106509,-107.99,0.0128599284629095,-0.0158506095007955,1.292822077749768,0.3439099283520982,16.84778761061947,0.5948681732580038,0.0,1.9651162790697672,0.0091215771655521,0.7093023255813954,0.0,0.0,-0.0690714008400098,1.6272189349112427,0.2124372344534569,0.4770164787510841,0.0,3.771479245875446,0.0097872952448459,0.0056784417299438,-13.68086592178771,-1721000000.0,9494000000.0,-18269000000.0,17548000000.0,1220500000.0,720500000.0,385500000.0,36.29200463499421,51.64156626506024,26.701807228915666,2.4798850574712645,1.7427821522309712,3.3705583756345177,0.0228207509619211,0.3840782122905028,2005-01-21,0.12,bmo,2642937500.0,2025-04-25,2004-12-31,0.0,8.9096875,6823512.5
2004-09-30,NEE,USD,753308,2004-11-03,2004-11-03 15:56:38,2004,Q3,2983000000.0,1488000000.0,1495000000.0,0.5011733155,0,0.0,0.0,0.0,972000000.0,972000000.0,2460000000.0,0.0,0.0,311000000.0,821000000.0,0.2752262823,523000000.0,0.1753268522,-60000000.0,463000000.0,0.1552128729,143000000.0,320000000.0,0.1072745558,0.22,0.22,1436800000,1448800000,https://www.sec.gov/Archives/edgar/data/753308/000075330804000054/0000753308-04-000054-index.htm,https://www.sec.gov/Archives/edgar/data/37634/000075330804000054/form10q3q2004.htm,2.076141425389755,0.22271714922049,0.4043708240534521,0.2770044543429844,0.313891982182628,5.173301781737194,6.5221325167037865,5.173301781737194,6.765033407572383,12270271999.999998,21539272000.0,9.586149999999998,4.113399932953402,21.11922891566265,30.82982914572864,1.6507832638234898,1.6507832638234898,7.220674488769695,26.23541047503045,37.07275731497418,54.11877386934673,0.0260792914778091,0.0324361187755251,1.3076819588322346,0.3408373658741847,11.289890377588309,0.802734375,0.0,1.815625,0.0100242276617828,0.384375,0.0,0.0,-0.0679570797391121,0.3149741824440619,0.0613476366074421,0.0,0.0,5.091573240161655,0.0141248361730842,0.0105069608615707,-13.500661191536748,-808000000.0,9371000000.0,-17797000000.0,17998000000.0,1242000000.0,736000000.0,376500000.0,42.14884344619511,41.068548387096776,22.802419354838708,2.1352899069434503,2.191458026509573,3.946949602122016,0.0430512579039418,0.1273663697104677,2004-10-21,0.23,bmo,3082433333.0,2025-04-25,2004-09-30,-0.0434782608695652,8.3615625,6558800.0
2004-06-30,NEE,USD,753308,2004-08-03,2004-08-03 15:01:07,2004,Q2,2619000000.0,1243000000.0,1376000000.0,0.5253913708,0,0.0,0.0,0.0,919000000.0,919000000.0,2162000000.0,0.0,0.0,310000000.0,767000000.0,0.2928598702,457000000.0,0.1744940817,-105000000.0,352000000.0,0.1344024437,95000000.0,257000000.0,0.0981290569,0.18,0.18,1432800000,1439200000,https://www.sec.gov/Archives/edgar/data/753308/000075330804000040/0000753308-04-000040-index.htm,https://www.sec.gov/Archives/edgar/data/37634/000075330804000040/form10q2q2004.htm,1.8278894472361809,0.1793690675600223,0.5471803461753211,0.2680067001675041,0.1549413735343383,5.0404801786711335,6.079006141820212,5.0404801786711335,6.6373534338358455,11448072000.0,20736072000.0,11.136256809338525,4.371161512027491,14.602132653061224,29.8126875,1.585166435890335,1.585166435890335,7.917553264604811,27.035295958279008,26.44907142857143,54.0001875,0.0224491949386761,0.033542765978411,1.3168097479922458,0.3495552451665074,12.109517601043024,0.7363664693050794,0.0,3.0505836575875485,0.0096959557906344,0.4319066147859922,0.0,0.0,-0.0546938175402484,0.5102040816326531,0.1527300496372661,0.0,0.0,4.510253891780136,0.013356628310243,0.0089565762877256,-13.092371580122837,-846000000.0,8710000000.0,-17621000000.0,18326000000.0,1047000000.0,679500000.0,393000000.0,37.35395189003437,57.41753821399839,27.224456958970237,2.409383624655014,1.5674653215636822,3.3058510638297878,0.0355857103295486,0.2791736460078168,2004-07-23,0.17,bmo,2544171428.0,2025-04-25,2004-06-30,0.0588235294117645,7.948225806451613,6515612.903225807
2004-03-31,NEE,USD,753308,2004-05-04,2004-05-04 16:22:05,2004,Q1,2331000000.0,1159000000.0,1172000000.0,0.5027885028,0,0.0,0.0,0.0,911000000.0,911000000.0,2070000000.0,0.0,0.0,314000000.0,575000000.0,0.2466752467,261000000.0,0.111969112,-95000000.0,166000000.0,0.0712140712,28000000.0,138000000.0,0.0592020592,0.0483,0.048,2854400000,2874400000,https://www.sec.gov/Archives/edgar/data/753308/000075330804000026/0000753308-04-000026-index.htm,https://www.sec.gov/Archives/edgar/data/37634/000075330804000026/form10q1q2004.htm,0.8166339686098655,0.0483464125560538,0.3317684977578475,0.1909332959641255,0.0812780269058296,2.4579596412556053,3.524033071748879,2.4579596412556053,3.4809417040358746,23862784000.0,33566784000.0,43.22968115942029,10.237144573144572,25.19829355860612,43.7849247706422,3.401194982896237,3.401194982896237,14.400164736164736,58.37701565217391,35.44538965153115,61.590429357798165,0.0057830637028772,0.0228389110004934,1.4161915621436716,0.3669399512519388,16.876521739130435,0.6983050847457627,0.0,6.86231884057971,0.0046515947175317,0.8043478260869565,0.0,0.0,-0.1123790531058423,0.4244984160506864,0.1724581724581724,1.8272727272727272,0.0,1.6351619015868597,0.0086437695647541,0.0045815211978353,-6.610758828475336,-979000000.0,10059000000.0,-17796000000.0,16447000000.0,1097000000.0,554000000.0,434000000.0,38.88030888030888,43.95168248490078,31.83779119930975,2.3147964250248263,2.047703180212014,2.8268292682926828,0.0196693272519954,0.1408352017937219,2004-04-22,0.11,bmo,2510307692.0,2025-04-25,2004-03-31,-0.0909090909090908,8.223548387096775,7677393.548387097
2003-12-31,NEE,USD,753308,2004-02-27,2004-02-27 17:25:07,2003,Q4,2025000000.0,803000000.0,1222000000.0,0.6034567901,0,0.0,0.0,0.0,962000000.0,962000000.0,1765000000.0,0.0,0.0,305000000.0,565000000.0,0.2790123457,260000000.0,0.1283950617,-97000000.0,163000000.0,0.0804938272,19000000.0,144000000.0,0.0711111111,0.1,0.1,1418400000,1427200000,https://www.sec.gov/Archives/edgar/data/753308/000075330804000017/0000753308-04-000017-index.htm,https://www.sec.gov/Archives/edgar/data/37634/000075330804000017/file10k2003.htm,1.427664974619289,0.1015228426395939,0.4547377326565144,0.1410039481105471,0.0909475465313028,4.915397631133672,7.005781161872532,4.915397631133672,7.057247602932883,11602512000.0,21483512000.0,20.14325,5.729635555555555,17.98839069767442,58.01256,1.66415834767642,1.66415834767642,10.60914172839506,38.02391504424779,33.30777054263566,107.41756,0.012411105457163,0.017237646468282,1.4357429718875503,0.3716354186003341,17.48849557522124,0.736653742916791,0.0,4.448275862068965,0.0183580934887203,1.4791666666666667,0.0,0.0,-0.1100798217932058,0.689922480620155,0.219753086419753,0.419811320754717,0.0,3.350830591789724,0.009236127368762,0.0048160535117056,-13.194268189509309,-883000000.0,9937000000.0,-17493000000.0,16449000000.0,1159000000.0,575000000.0,440000000.0,52.75555555555555,60.74719800747198,51.33250311332503,1.7059814658803707,1.481549815498155,1.7532751091703056,0.0206540447504302,0.3137337845459673,2004-01-23,0.09,bmo,2025000000.0,2025-04-25,2003-12-31,0.0,8.0140625,6556662.5
2003-09-30,NEE,USD,753308,2003-11-12,2003-11-12 09:16:28,2003,Q3,2974000000.0,1532000000.0,1442000000.0,0.4848688635,0,0.0,0.0,0.0,892000000.0,892000000.0,2424000000.0,0.0,0.0,295000000.0,860000000.0,0.2891728312,550000000.0,0.184936113,-71000000.0,495000000.0,0.1664425017,160000000.0,332000000.0,0.1116341627,0.23,0.23,1422400000,1426400000,https://www.sec.gov/Archives/edgar/data/753308/000075330803000049/0000753308-03-000049-index.htm,https://www.sec.gov/Archives/edgar/data/37634/000075330803000049/form10q3q2003.htm,2.0908323959505064,0.233408323959505,0.405652418447694,0.1856017997750281,0.6573397075365579,5.013357705286839,6.925618672665917,5.013357705286839,7.182227221597301,11236960000.0,20517960000.0,8.461566265060242,3.778399462004035,19.4748006932409,42.56424242424242,1.5757902117515077,1.5757902117515077,6.8991123066577,23.85809302325581,35.559722703639515,77.71954545454545,0.0295453574632284,0.0234938987056997,1.4326181461225636,0.4061220433313456,10.79186046511628,0.8082361696849417,0.0,1.743202416918429,0.0094936708860759,0.3213253012048193,0.0,0.0,-0.1081295965016895,0.5424610051993067,0.105245460659045,0.0,0.0,5.131138951198905,0.0161772446530584,0.0119103139013452,-11.269509280089988,-773000000.0,9851000000.0,-14766000000.0,14431000000.0,1086000000.0,668000000.0,415000000.0,34.226630800269,35.718015665796344,24.791122715404697,2.6295313881520777,2.5197368421052637,3.6303317535545023,0.0465572850932548,0.2200506186726659,2003-10-23,0.23,bmo,2909347826.0,2025-04-25,2003-09-30,0.0,7.81421875,7288000.0
2003-06-30,NEE,USD,753308,2003-08-08,2003-08-08 17:16:48,2003,Q2,2459000000.0,1182000000.0,1277000000.0,0.5193167954,0,0.0,0.0,0.0,863000000.0,863000000.0,2045000000.0,0.0,0.0,270000000.0,684000000.0,0.2781618544,414000000.0,0.1683611224,-64000000.0,350000000.0,0.1423342822,111000000.0,239000000.0,0.0971939813,0.17,0.17,1418400000,1424800000,https://www.sec.gov/Archives/edgar/data/753308/000075330803000039/0000753308-03-000039-index.htm,https://www.sec.gov/Archives/edgar/data/37634/000075330803000039/form10q2q2003.htm,1.7336435420191765,0.1684997179921037,0.2439368302312465,0.0091652566271855,0.1981105470953186,4.86604624929498,4.86604624929498,4.86604624929498,6.22955442752397,11857824000.0,20412824000.0,12.403581589958158,4.822213908092721,34.2711676300578,912.1403076923076,1.7180272384815996,1.7180272384815996,8.301270435136233,29.843309941520467,58.99660115606937,1570.2172307692308,0.0201554686593425,0.0010963225630604,1.2802086351782092,0.3772682635241877,12.507309941520468,0.6083832335329341,0.0,1.4476987447698744,0.0089392455141854,0.4435146443514644,0.0,0.0,0.0,0.96242774566474,0.1354209028060187,0.0,0.0,4.295156221455934,0.0132618500325025,0.010204517313522,-10.753842357586011,-1635000000.0,6902000000.0,-13979000000.0,15334000000.0,1003000000.0,737000000.0,407500000.0,38.10085400569337,55.431472081218274,31.065989847715738,2.362151777137368,1.6236263736263736,2.897058823529412,0.0346276441611127,0.2347715736040609,2003-07-25,0.17,bmo,2422838235.0,2025-04-25,2003-06-30,0.0,7.853174603174603,8377841.26984127
2003-03-31,NEE,USD,753308,2003-05-09,2003-05-09 16:32:49,2003,Q1,2173000000.0,1021000000.0,1152000000.0,0.5301426599,0,0.0,0.0,0.0,844000000.0,844000000.0,1865000000.0,0.0,0.0,248000000.0,553000000.0,0.2544868845,308000000.0,0.1417395306,-41000000.0,253000000.0,0.1164289001,78000000.0,175000000.0,0.0805338242,0.12,0.12,1414400000,1416800000,https://www.sec.gov/Archives/edgar/data/753308/000075330803000024/0000753308-03-000024-index.htm,https://www.sec.gov/Archives/edgar/data/37634/000075330803000024/form10q1q2003.htm,1.5363404977375563,0.1237273755656108,0.4850113122171945,0.2729072398190045,0.2347285067873303,4.7525452488687785,6.467053167420814,4.7525452488687785,5.839932126696833,10424128000.0,18352128000.0,14.891611428571428,4.797113667740451,15.195521865889214,27.00551295336788,1.550747991669146,1.550747991669146,8.445526000920387,33.18648824593129,26.752373177842564,47.54437305699482,0.0167879749749811,0.0370294762305297,1.22880095209759,0.3688323286447867,14.33634719710669,0.5011081560283688,0.0,3.92,0.0101687162705599,0.6057142857142858,0.0,0.0,-0.1082830989060058,0.4373177842565597,0.1380579843534284,1.4492753623188406,0.0,3.637368402462872,0.0104679382007109,0.0070507655116841,-10.190716911764708,-2251000000.0,9147000000.0,-13412000000.0,11779000000.0,915000000.0,602000000.0,427500000.0,39.967786470317535,65.7590597453477,35.87659157688541,2.2518134715025906,1.3686327077747988,2.5085995085995085,0.0260339184766438,0.21210407239819,2003-04-24,0.1,bmo,1862571428.0,2025-04-25,2003-03-31,0.1999999999999999,7.264262295081967,7618714.75409836
2002-12-31,NEE,USD,753308,2003-03-27,2003-03-26 21:39:20,2002,Q4,2060000000.0,928000000.0,1132000000.0,0.5495145631,0,0.0,0.0,0.0,884000000.0,884000000.0,1812000000.0,0.0,0.0,223000000.0,482000000.0,0.2339805825,248000000.0,0.1203883495,-74000000.0,174000000.0,0.0844660194,45000000.0,129000000.0,0.0626213592,0.0912,0.0912,1374400000,1414400000,https://www.sec.gov/Archives/edgar/data/753308/000075330803000017/0000753308-03-000017-index.htm,https://www.sec.gov/Archives/edgar/data/37634/000075330803000017/file10k2002.htm,1.4988358556461,0.0938591385331781,0.080034924330617,-0.2648428405122235,0.1935389988358556,4.813736903376019,6.446449359720606,4.813736903376019,5.887660069848661,10335488000.0,18161488000.0,20.03001550387597,5.01722718446602,93.9589818181818,-28.3941978021978,1.5621958887545342,1.5621958887545342,8.816256310679611,37.6794356846473,165.10443636363635,-49.8941978021978,0.0124812684219651,-0.0352184628340722,1.2230955259975815,0.4088933804951996,16.236514522821576,0.4878547686013807,0.0,0.8527131782945736,0.0098689099150422,0.7906976744186046,0.0,0.0,-0.1133906013137948,4.3090909090909095,0.2300970873786407,0.5220264317180616,0.0,3.1883846967885536,0.0101128688722026,0.0058545883634383,-8.756730209545983,-2003000000.0,8860000000.0,-11266000000.0,10057000000.0,837500000.0,543000000.0,379000000.0,37.79126213592233,44.41810344827586,43.44827586206896,2.3815028901734103,2.0262008733624453,2.071428571428572,0.0194981862152357,0.3448777648428405,2003-01-24,0.09,bmo,1883428571.0,2025-04-25,2002-12-31,0.0,7.18171875,9004812.5
2002-09-30,NEE,USD,753308,2002-11-13,2002-11-13 10:20:44,2002,Q3,2353000000.0,1082000000.0,1271000000.0,0.540161496,0,0.0,0.0,0.0,1004000000.0,1004000000.0,2086000000.0,0.0,0.0,207000000.0,492000000.0,0.2090947726,267000000.0,0.1134721632,-60000000.0,207000000.0,0.0879728007,57000000.0,150000000.0,0.0637484063,0.11,0.11,1405600000,1407200000,https://www.sec.gov/Archives/edgar/data/753308/000075330802000060/0000753308-02-000060-index.htm,https://www.sec.gov/Archives/edgar/data/37634/000075330802000060/form10q3q02.htm,1.6740182128628345,0.1067159931701764,0.5698634035287422,0.3955606146841207,0.4951622083096186,4.664200341491179,6.11482640865111,4.664200341491179,4.977945361411497,9459688000.0,15760688000.0,15.766146666666668,4.020266893327666,11.809847690387016,17.013827338129495,1.4429054301403297,1.4429054301403297,6.698124946876328,32.03391869918699,19.676264669163544,28.346561151079136,0.0158567597578271,0.0587757228356791,1.0672666259914585,0.3743112395014176,12.80691056910569,0.6586524191154646,0.0,-11.125,0.0107825966353224,0.68,0.0,0.0,-0.1090782645910233,0.3058676654182272,0.1041223969400765,0.0,0.0,3.346529152002925,0.0116595312082418,0.0072351919737603,-7.597111553784861,-1150000000.0,8595000000.0,-9918000000.0,9983000000.0,733000000.0,623500000.0,334000000.0,30.98172545686358,52.2365988909427,25.78558225508318,2.904938271604938,1.7229299363057324,3.490322580645161,0.0228798047589993,0.1743027888446215,2002-10-17,0.22,bmo,2300711111.0,2025-04-25,2002-09-30,0.0,6.8078125,10314300.0
2002-06-30,NEE,USD,753308,2002-08-12,2002-08-09 17:33:27,2002,Q2,2248000000.0,1089000000.0,1159000000.0,0.515569395,0,0.0,0.0,0.0,750000000.0,750000000.0,1839000000.0,0.0,0.0,183000000.0,639000000.0,0.284252669,409000000.0,0.1819395018,-36000000.0,373000000.0,0.1659252669,123000000.0,250000000.0,0.1112099644,0.0916,0.0913,2729600000,2737600000,https://www.sec.gov/Archives/edgar/data/753308/000075330802000051/0000753308-02-000051-index.htm,https://www.sec.gov/Archives/edgar/data/37634/000075330802000051/file10q.htm,0.8235638921453693,0.0915885111371629,0.2700029308323564,0.164126611957796,0.1406799531066823,2.371776084407972,3.0982561547479484,2.371776084407972,2.5007327080890973,20144448000.0,26586448000.0,20.144448,8.961053380782918,27.333036635006785,44.96528571428571,3.1115922150139017,3.1115922150139017,11.826711743772242,41.60633489827856,36.07387788331072,59.34475,0.0124103673627592,0.0222393783140645,1.0543713314797651,0.376046716615249,10.081377151799687,0.612751677852349,0.0,2.948,0.0098238482384823,0.791584,0.0,0.0,-0.1092441604230938,0.3921302578018996,0.1285587188612099,0.0,0.0,2.2107956502664976,0.0168166791195066,0.0124161907126893,-3.891779015240328,-1154000000.0,8457000000.0,-9852000000.0,9827000000.0,635500000.0,525500000.0,320500000.0,26.26334519572954,51.15702479338843,29.58677685950413,3.426829268292683,1.7592891760904683,3.041899441340782,0.0386160024714241,0.1058763188745603,2002-07-19,0.16,bmo,1970849315.0,2025-04-25,2002-06-30,0.1249999999999999,7.66046875,7798862.5
2002-03-31,NEE,USD,753308,2002-05-15,2002-05-15 11:37:25,2002,Q1,1843000000.0,804000000.0,1039000000.0,0.5637547477,0,0.0,0.0,0.0,783000000.0,783000000.0,1587000000.0,0.0,0.0,251000000.0,520000000.0,0.2821486706,256000000.0,0.1389039609,-71000000.0,185000000.0,0.1003798155,19000000.0,-56000000.0,-0.0303852415,-0.0414,-0.0413,1352800000,1354400000,https://www.sec.gov/Archives/edgar/data/753308/000075330802000029/0000753308-02-000029-index.htm,https://www.sec.gov/Archives/edgar/data/37634/000075330802000029/file10q.htm,1.3623595505617978,-0.0413956238911886,0.510053222945003,0.3112063867534003,0.0864872856298048,4.4640745121230045,5.942489651094027,4.4640745121230045,5.08574807806032,9983664000.0,16746664000.0,-44.569928571428576,5.417072164948453,14.469078260869564,23.71416627078385,1.653198211624441,1.653198211624441,9.086632664134564,32.20512307692308,24.270527536231885,39.77829928741093,-0.0056091631288873,0.0421688870939566,1.1392614671303196,0.3937278241959482,13.00576923076923,0.4587129003820158,0.0,4.156626506024097,0.0100163627301559,-1.7857142857142858,0.0,0.0,-0.1144557628476593,0.3898550724637681,0.1459576776994031,0.0,0.0,,0.0147079080617305,-0.0028756290438533,-7.920793908929627,-1842000000.0,8039000000.0,-9874000000.0,8429000000.0,625500000.0,452500000.0,316000000.0,30.032555615843737,48.35820895522388,31.679104477611936,2.996747967479674,1.8611111111111112,2.8409893992932864,-0.0092730584533863,0.1988468361916026,2002-04-19,0.1,bmo,1843000000.0,2025-04-25,2002-03-31,0.0,6.918166666666667,6557666.666666667
2001-12-31,NEE,USD,753308,2002-03-29,2002-03-29 00:00:00,2001,Q4,1839000000.0,783000000.0,1056000000.0,0.5742251223,0,0.0,0.0,0.0,819000000.0,819000000.0,1602000000.0,0.0,0.0,983000000.0,1150000000.0,0.6253398586,237000000.0,0.1288743883,-70000000.0,167000000.0,0.0908102229,49000000.0,118000000.0,0.0641653072,0.0872,0.0872,1352000000,1352800000,https://www.sec.gov/Archives/edgar/data/753308/000075330802000021/0000753308-02-000021-index.htm,https://www.sec.gov/Archives/edgar/data/37634/000075330802000021/file10k2001.htm,1.360207100591716,0.0872781065088757,0.2063609467455621,-0.018491124260355,0.0606508875739644,4.616124260355029,4.616124260355029,4.616124260355029,5.059171597633136,9531600000.0,16289600000.0,20.19406779661017,5.183034257748776,34.163440860215054,-381.264,1.5272552475564811,1.5272552475564811,8.857857531266992,14.16486956521739,58.38566308243728,-651.584,0.0123798732636703,-0.0026228545050148,1.0959782086204133,0.3916852774437382,5.8765217391304345,0.4402308326463314,0.0,-0.3163265306122449,0.0096521045784548,0.7796610169491526,0.0,0.0,0.0,1.0896057347670252,0.1653072321914084,0.3092573753814852,0.0,3.0108052343522838,0.0105947790613888,0.0067571436751989,-7.757766272189349,-2037000000.0,6241000000.0,-9620000000.0,9625000000.0,721000000.0,468500000.0,345000000.0,31.12561174551387,54.367816091954026,40.11494252873563,2.891509433962264,1.6553911205073997,2.2435530085959887,0.0189072264060246,0.2248520710059171,2002-01-18,0.09,bmo,1839000000.0,2025-04-25,2001-12-31,0.0,6.8303125,4605687.5
2001-09-30,NEE,USD,753308,2001-11-09,2001-11-09 00:00:00,2001,Q3,2529000000.0,1242000000.0,1287000000.0,0.5088967972,0,0.0,0.0,0.0,747000000.0,747000000.0,1989000000.0,0.0,0.0,200000000.0,786000000.0,0.3107947805,540000000.0,0.2135231317,-41000000.0,499000000.0,0.1973111902,165000000.0,334000000.0,0.1320680111,0.25,0.25,1352000000,1352000000,https://www.sec.gov/Archives/edgar/data/753308/000075330801500063/0000753308-01-500063-index.htm,https://www.sec.gov/Archives/edgar/data/37634/000075330801500063/file10q.htm,1.8705621301775148,0.2470414201183432,0.6020710059171598,0.4134615384615384,0.2211538461538461,4.589497041420119,6.291420118343195,4.589497041420119,4.759615384615385,9071920000.0,15207920000.0,6.790359281437126,3.5871569790431,11.144864864864864,16.228837209302327,1.462033843674456,1.462033843674456,6.013412415974694,19.348498727735368,18.6829484029484,27.20558139534884,0.036816903147294,0.0616187091596927,1.037066881547139,0.3707865168539326,7.806615776081425,0.5671472999717274,0.0,0.5637119113573407,0.0104321907600596,0.2833532934131737,0.0,0.0,-0.1325842696629213,0.3132678132678133,0.1008303677342823,0.0,0.0,5.05078281078098,0.0234993099129798,0.0169922669922669,-7.452662721893491,-1531000000.0,8506000000.0,-9144000000.0,7452000000.0,738000000.0,543000000.0,357000000.0,28.683274021352315,33.6231884057971,24.71014492753623,3.137717121588089,2.6767241379310347,3.642228739002933,0.0538275584206285,0.1886094674556213,2001-10-23,0.24,bmo,2452363636.0,2025-04-25,2001-09-30,0.0416666666666667,6.933559322033898,6642345.762711864
2001-06-30,NEE,USD,753308,2001-08-10,2001-08-10 00:00:00,2001,Q2,2166000000.0,1054000000.0,1112000000.0,0.513388735,0,0.0,0.0,0.0,732000000.0,732000000.0,1786000000.0,0.0,0.0,211000000.0,591000000.0,0.2728531856,380000000.0,0.1754385965,-52000000.0,328000000.0,0.1514312096,109000000.0,219000000.0,0.1011080332,0.16,0.16,1352000000,1352000000,https://www.sec.gov/Archives/edgar/data/753308/000075330801500043/0000753308-01-500043-index.htm,https://www.sec.gov/Archives/edgar/data/37634/000075330801500043/file10q.txt,1.6020710059171597,0.16198224852071,0.2566568047337278,0.0628698224852071,0.0532544378698224,4.419378698224852,4.419378698224852,4.419378698224852,4.464497041420119,10180560000.0,16144560000.0,11.62164383561644,4.700166204986149,29.33878962536023,119.77129411764706,1.7038594142259411,1.7038594142259411,7.4536288088642655,27.31736040609137,46.52610951008646,189.936,0.0215115867889389,0.0083492460139717,1.0102092050209206,0.3645147653843831,10.091370558375637,0.5626698882512836,0.0,3.18348623853211,0.0092961487383798,0.4321461187214612,0.0,0.0,0.0,0.7550432276657061,0.1209602954755309,0.0,0.0,4.013336544393863,0.0171316348544984,0.0132254363186182,-7.265532544378698,-1448000000.0,5975000000.0,-8721000000.0,9189000000.0,644500000.0,573500000.0,356500000.0,27.8393351800554,53.11195445920304,31.85009487666034,3.2328358208955223,1.6945337620578778,2.8257372654155497,0.0366527196652719,0.1937869822485207,2001-07-20,0.16,bmo,2166000000.0,2025-04-25,2001-06-30,0.0,7.400793650793651,7297549.206349206
2001-03-31,NEE,USD,753308,2001-05-07,2001-05-07 00:00:00,2001,Q1,1941000000.0,951000000.0,990000000.0,0.5100463679,0,0.0,0.0,0.0,750000000.0,750000000.0,1701000000.0,0.0,0.0,225000000.0,465000000.0,0.2395672334,240000000.0,0.1236476043,-74000000.0,166000000.0,0.0855229263,56000000.0,110000000.0,0.0566718187,0.0782,0.0782,1406860560,1406860560,https://www.sec.gov/Archives/edgar/data/753308/000075330801500027/0000753308-01-500027-index.htm,https://www.sec.gov/Archives/edgar/data/37634/000075330801500027/file10q.txt,1.3796676480858914,0.0781882747498444,0.356822853858381,0.12012562211567,0.0774774722521185,4.158194611696272,4.158194611696272,4.158194611696272,3.811322992806053,10776551889.6,16029551889.6,24.492163385454543,5.5520617669242665,21.46723483984064,63.76657922840237,1.842145622153846,1.842145622153846,8.258398706646059,34.47215460129032,31.931378266135457,94.84941946508876,0.0102073465730867,0.0156821960986514,0.9165811965811966,0.3423354402094107,11.296774193548387,0.6034308779011099,0.0,4.563636363636364,0.008073083198714,0.7909090909090909,0.0,0.0,0.0,0.6633466135458167,0.1715610510046367,0.0,0.0,2.704671220714117,0.011299193220484,0.0070229202579327,-6.446800953749105,-1179000000.0,5850000000.0,-8019000000.0,8960000000.0,628000000.0,544500000.0,355000000.0,28.701700154559504,49.6845425867508,32.17665615141956,3.135702746365105,1.8114285714285712,2.797058823529412,0.0188034188034188,0.2366972317427108,2001-04-20,0.1,bmo,1941000000.0,2025-04-25,2001-03-31,0.0,7.750483870967741,7903174.193548387
2000-12-31,NEE,USD,753308,2001-03-08,2001-03-08 00:00:00,2000,Q4,1857000000.0,876000000.0,981000000.0,0.5282714055,0,0.0,0.0,0.0,835000000.0,835000000.0,1711000000.0,0.0,0.0,256000000.0,402000000.0,0.2164781906,146000000.0,0.0786214324,-68000000.0,78000000.0,0.042003231,13000000.0,65000000.0,0.0350026925,0.0462,0.0462,1361545894,1406860560,https://www.sec.gov/Archives/edgar/data/753308/000075330801500013/0000753308-01-500013-index.htm,https://www.sec.gov/Archives/edgar/data/753308/000075330801500013/file10k.txt,1.363890859781771,0.0477398523886995,-0.0580222821339579,-0.3400546408610447,0.0947452455098807,4.27381847768989,4.27381847768989,4.27381847768989,3.818453731828447,12213066669.18,17283066669.18,46.973333343,6.576772573602585,-154.59578062253166,-26.378113756328293,2.098825686403162,2.098825686403162,9.306982589757672,42.99270315716418,-218.77299581240507,-37.32843773041037,0.0053221686052061,-0.0379102163724687,0.8934524832445437,0.3398039215686274,12.611940298507465,0.6445892146217879,0.0,-1.2153846153846153,0.0074510360472886,1.4,0.0,0.0,0.0,-4.860759493670886,0.2067851373182552,0.0,0.0,2.142593737359645,0.0088420542635658,0.0042483660130718,-6.381900190284735,-982000000.0,5819000000.0,-7700000000.0,8952000000.0,663500000.0,588500000.0,350500000.0,30.87237479806139,57.94520547945205,38.013698630136986,2.915227629513344,1.553191489361702,2.367567567567568,0.0111703041759752,0.2820323587270867,2001-01-22,0.08,bmo,1797096774.0,2025-04-25,2000-12-31,0.0,8.25047619047619,6335504.761904762
2000-09-30,NEE,USD,753308,2000-11-14,2000-11-14 00:00:00,2000,Q3,2087000000.0,845000000.0,1242000000.0,0.5951126018,0,0.0,0.0,0.0,731000000.0,731000000.0,1576000000.0,0.0,0.0,191000000.0,702000000.0,0.3363679923,511000000.0,0.2448490656,-32000000.0,479000000.0,0.2295160517,165000000.0,314000000.0,0.1504551989,0.23,0.23,1360000000,1368000000,https://www.sec.gov/Archives/edgar/data/753308/000075330800500016/0000753308-00-500016-index.htm,https://www.sec.gov/Archives/edgar/data/37634/000075330800500016/0000753308-00-500016-0001.txt,1.534558823529412,0.2308823529411764,0.225735294117647,0.038235294117647,0.2772058823529412,4.341911764705882,4.341911764705882,4.341911764705882,3.425,11179200000.0,15460200000.0,8.90063694267516,5.3565884044082415,36.414332247557006,214.98461538461532,1.8931752751905169,1.8931752751905169,7.407858169621466,22.023076923076925,50.35895765472313,297.3115384615385,0.0280878774867611,0.0046514956347502,0.7888230313293819,0.311843074245163,6.098290598290598,0.6241110734845919,0.0,0.9777070063694268,0.0082295691999427,0.2929936305732484,0.0,0.0,0.0,0.8306188925081434,0.122184954480115,0.0,0.0,4.749272902372644,0.0254503141992558,0.0210216241547834,-5.8617647058823525,-1110000000.0,5905000000.0,-7189000000.0,8532000000.0,634000000.0,580000000.0,325500000.0,29.75563009103977,65.28994082840238,35.25443786982249,3.02463768115942,1.3784665579119086,2.5528700906344413,0.0531752751905165,0.1875,2000-10-19,0.23,bmo,2087000000.0,2025-04-25,2000-09-30,0.0,6.917936507936508,7885726.984126984
2000-06-30,NEE,USD,753308,2000-08-02,2000-08-02 00:00:00,2000,Q2,1670000000.0,605000000.0,1065000000.0,0.6377245509,0,0.0,0.0,0.0,718000000.0,718000000.0,1323000000.0,0.0,0.0,240000000.0,587000000.0,0.351497006,347000000.0,0.2077844311,-42000000.0,305000000.0,0.1826347305,101000000.0,204000000.0,0.1221556886,0.15,0.15,1360000000,1360000000,https://www.sec.gov/Archives/edgar/data/753308/000075330800000014/0000753308-00-000014-index.htm,https://www.sec.gov/Archives/edgar/data/37634/000075330800000014/0000753308-00-000014-0001.txt,1.2279411764705883,0.15,0.1970588235294117,-0.0669117647058823,0.1720588235294117,4.209558823529412,4.209558823529412,4.209558823529412,3.163235294117647,8418400000.000001,12486400000.0,10.316666666666668,5.040958083832336,31.411940298507467,-92.50989010989012,1.47046288209607,1.47046288209607,7.47688622754491,21.271550255536628,46.5910447761194,-137.2131868131868,0.024232633279483,-0.010809655041338,0.7514410480349345,0.3030431107354184,6.9301533219761495,0.6630971993410214,0.0,1.3137254901960784,0.010809655041338,0.446078431372549,0.0,0.0,0.0,1.3395522388059702,0.2149700598802395,0.0,0.0,3.7692520517221673,0.0184331509235714,0.0143702451394759,-5.620220588235294,-818000000.0,5725000000.0,-6861000000.0,8638000000.0,520500000.0,497500000.0,316000000.0,31.149700598802397,81.37190082644628,47.60330578512397,2.889273356401384,1.106032906764168,1.890625,0.0356331877729257,0.2639705882352941,2000-07-21,0.15,bmo,1614333333.0,2025-04-25,2000-06-30,0.0,5.92936507936508,6013358.73015873
2000-03-31,NEE,USD,753308,2000-04-28,2000-04-28 00:00:00,2000,Q1,1468000000.0,542000000.0,926000000.0,0.6307901907,0,0.0,0.0,0.0,689000000.0,689000000.0,1231000000.0,0.0,0.0,252000000.0,489000000.0,0.333106267,237000000.0,0.1614441417,-59000000.0,178000000.0,0.121253406,57000000.0,121000000.0,0.0824250681,0.0445,0.0445,2720000000,2720000000,https://www.sec.gov/Archives/edgar/data/753308/000075330800000006/0000753308-00-000006-index.html,https://www.sec.gov/Archives/edgar/data/37634/000075330800000006/,0.5397058823529411,0.044485294117647,0.1764705882352941,0.0658088235294117,0.038235294117647,2.065441176470588,2.065441176470588,2.065441176470588,1.3691176470588236,15667200000.0,19287200000.0,32.37024793388429,10.672479564032695,32.63999999999999,87.52625698324022,2.78875044499822,2.78875044499822,13.13841961852861,39.44212678936605,40.181666666666665,107.74972067039106,0.0077231413398692,0.0114251429738562,0.6628693485226059,0.2787216525709153,7.402862985685071,0.6346493812610489,0.0,3.96694214876033,0.0058721405228758,0.7603305785123967,0.0,0.0,0.0,0.6270833333333333,0.2050408719346049,0.0,0.0,1.437824592884975,0.0135270144057962,0.0090562083676371,-2.6234375,-620000000.0,5618000000.0,-6666000000.0,8696000000.0,472500000.0,427500000.0,327500000.0,28.385558583106267,74.39114391143912,51.808118081180815,3.1706263498920086,1.2098214285714286,1.7371794871794872,0.0215379138483446,0.1106617647058823,2000-04-14,0.09,bmo,1427222222.0,2025-04-25,2000-03-31,0.0,5.256666666666667,6215415.873015873
1999-12-31,NEE,USD,753308,2000-03-02,2000-03-02 00:00:00,1999,Q4,1520000000.0,577000000.0,943000000.0,0.6203947368,0,0.0,0.0,0.0,729000000.0,729000000.0,1306000000.0,0.0,0.0,271000000.0,485000000.0,0.3190789474,214000000.0,0.1407894737,-62000000.0,152000000.0,0.1,32000000.0,120000000.0,0.0789473684,0.0842,0.0842,1425330680,1425330680,https://www.sec.gov/Archives/edgar/data/753308/000075330800000004/0000753308-00-000004-index.html,https://www.sec.gov/Archives/edgar/data/37634/000075330800000004/,1.0664191975436883,0.0841909892797648,0.0315716209799118,-0.1466326396622571,0.253274559416626,3.9261064667463694,3.9261064667463694,3.9261064667463694,2.7656739978402767,7625519137.999999,11206519138.0,15.886498204166667,5.016788906578947,169.45598084444444,-36.48573750239234,1.3626731840600428,1.3626731840600428,7.3727099592105265,23.106225026804125,249.03375862222225,-53.61970879425837,0.0157366335102364,-0.0274079700303284,0.7044317369549679,0.2932817498698014,7.383505154639176,0.7342245989304813,0.0,0.375,0.0115401979075067,0.7333333333333333,0.0,0.0,0.0,5.644444444444445,0.1671052631578947,0.0,0.0,2.7271253578986485,0.014038003192443,0.0089279071497656,-4.8767630540303815,-497000000.0,5596000000.0,-6472000000.0,8767000000.0,570000000.0,434500000.0,325500000.0,28.539473684210527,63.483535528596185,53.50086655112652,3.1535269709543567,1.4176904176904177,1.6822157434402332,0.0214438884917798,0.178204260642169,2000-01-21,0.07,bmo,1572413793.0,2025-04-25,1999-12-31,0.0,5.78109375,4369362.5
1999-09-30,NEE,USD,753308,1999-11-12,1999-11-12 00:00:00,1999,Q3,1892000000.0,693000000.0,1199000000.0,0.6337209302,0,0.0,0.0,0.0,729000000.0,729000000.0,1422000000.0,0.0,0.0,206000000.0,676000000.0,0.3572938689,470000000.0,0.2484143763,-23000000.0,447000000.0,0.2362579281,156000000.0,291000000.0,0.1538054968,0.2,0.2,1433128000,1433128000,https://www.sec.gov/Archives/edgar/data/753308/000075330899000040/0000753308-99-000040-index.html,https://www.sec.gov/Archives/edgar/data/37634/000075330899000040/,1.3201891247676412,0.2030523442428031,0.2986474341440541,0.1388571013894083,0.2581765201712617,3.896372131449529,3.896372131449529,3.896372131449529,2.518965507616905,9028706400.0,12268706400.0,7.756620618556701,4.77204355179704,21.09510841121495,45.37038391959799,1.616888681948424,1.616888681948424,6.48451712473573,18.14897396449704,28.66520186915888,61.65179095477387,0.0322305308321909,0.0220408097443505,0.6464899713467048,0.2670118343195266,4.792899408284024,0.716880815241471,0.0,1.470790378006873,0.0098574475741065,0.3058419243986254,0.0,0.0,0.0,0.5350467289719626,0.1210359408033826,0.0,0.0,4.219154968118139,0.025969542892753,0.0215236686390532,-4.827552040013174,-639000000.0,5584000000.0,-6318000000.0,8503000000.0,589500000.0,415500000.0,304500000.0,31.300211416490484,60.0,40.0,2.8753799392097266,1.5,2.25,0.0521131805157593,0.1597903327546457,1999-10-15,0.21,bmo,1892000000.0,2025-04-25,1999-09-30,0.0,6.756875,2799087.5
1999-06-30,NEE,USD,753308,1999-08-06,1999-08-06 00:00:00,1999,Q2,1614000000.0,588000000.0,1026000000.0,0.6356877323,0,0.0,0.0,0.0,891000000.0,891000000.0,1479000000.0,0.0,0.0,212000000.0,347000000.0,0.2149938042,135000000.0,0.0836431227,-30000000.0,105000000.0,0.0650557621,28000000.0,77000000.0,0.0477075589,0.0537,0.0537,1433928000,1433928000,https://www.sec.gov/Archives/edgar/data/753308/000075330899000029/0000753308-99-000029-index.html,https://www.sec.gov/Archives/edgar/data/37634/000075330899000029/,1.12557952700554,0.0536986515361998,0.2859278848031421,0.147845637995771,0.4149441255069989,3.752629141770019,3.752629141770019,3.752629141770019,2.705854129356565,9793728240.0,13078728240.0,31.797818961038963,6.067985278810409,23.88714204878049,46.19683132075472,1.8200572830328936,1.8200572830328936,8.103301263940521,37.690859481268014,31.89933717073171,61.69211433962264,0.0078621744562518,0.0216465062951348,0.721055565879948,0.2915977754396512,9.46685878962536,0.5609413417632596,0.0,5.324675324675325,0.0090874483974858,1.155844155844156,0.0,0.0,0.0,0.4829268292682926,0.1226765799256505,0.0,0.0,2.1293192114244364,0.0083572513928752,0.005786863069292,-4.734372995017881,-1250000000.0,5381000000.0,-6328000000.0,7833000000.0,491500000.0,345500000.0,288000000.0,29.05204460966543,56.4795918367347,46.07142857142858,3.0978886756238,1.5934959349593496,1.9534883720930232,0.0143096078795762,0.138082246807371,1999-07-16,0.13,bmo,1582961538.0,2025-04-25,1999-06-30,0.0,7.075238095238095,3233587.301587302
1999-03-31,NEE,USD,753308,1999-05-04,1999-05-04 00:00:00,1999,Q1,1412000000.0,506000000.0,906000000.0,0.6416430595,0,0.0,0.0,0.0,549000000.0,549000000.0,1055000000.0,0.0,0.0,270000000.0,627000000.0,0.4440509915,357000000.0,0.2528328612,-42000000.0,315000000.0,0.2230878187,106000000.0,209000000.0,0.1480169972,0.15,0.15,1441320000,1441320000,https://www.sec.gov/Archives/edgar/data/753308/0000753308-99-000016-index.html,https://www.sec.gov/Archives/edgar/data/37634/0000753308-99-000016.txt,0.9796575361474203,0.1450059667526989,0.4717897482862931,0.3469042266810979,0.3802070324424833,3.7729303693836207,3.7729303693836207,3.7729303693836207,1.9586212638414784,9599191200.0,11874191200.0,11.482286124401917,6.798294050991501,14.116457647058825,19.1983824,1.7652061787421849,1.7652061787421849,8.409483852691219,18.93810398724083,17.462045882352943,23.7483824,0.0217726676805854,0.0520877217238885,0.5191246781905112,0.2295868575146389,3.628389154704944,0.7387480600103467,0.0,3.253588516746412,0.0092716144668521,0.4258373205741627,0.0,0.0,0.0,0.2647058823529412,0.1274787535410765,0.0,0.0,3.508517044752599,0.021574521055348,0.0169973975276512,-4.042128049288152,-505000000.0,5438000000.0,-5430000000.0,8169000000.0,510500000.0,330000000.0,278500000.0,29.44759206798867,57.27272727272727,48.91304347826088,3.0562770562770565,1.5714285714285714,1.84,0.0384332475174696,0.1248855216051952,1999-04-16,0.08,bmo,1412000000.0,2025-04-25,1999-03-31,0.0,6.895737704918033,5682544.262295082
1998-12-31,NEE,USD,753308,1999-03-02,1999-03-02 00:00:00,1998,Q4,1631000000.0,592000000.0,1039000000.0,0.6370324954,0,0.0,0.0,0.0,852000000.0,852000000.0,1444000000.0,0.0,0.0,387000000.0,574000000.0,0.3519313305,187000000.0,0.1146535868,-112000000.0,75000000.0,0.0459840589,-18000000.0,93000000.0,0.057020233,0.0645,0.0645,1441320000,1441320000,https://www.sec.gov/Archives/edgar/data/753308/000075330899000009/0000753308-99-000009-index.html,https://www.sec.gov/Archives/edgar/data/37634/,1.1316015874337413,0.0645241861626842,0.1463935836594233,0.0471789748286293,0.1297421807787306,3.713262842394472,3.713262842394472,3.713262842394472,1.953764604667943,11098164000.0,13727164000.0,29.833774193548383,6.804515021459228,52.5979336492891,163.20829411764706,2.07364798206278,2.07364798206278,8.416409564684242,23.914919860627176,65.05764928909953,201.8700588235294,0.0083797644367122,0.0061271395881336,0.5261584454409567,0.2341009227699725,4.580139372822299,0.7714808043875686,0.0,2.2688172043010755,0.0077490294791102,0.9247311827956988,0.0,0.0,0.0,0.6777251184834123,0.0876762722256284,0.0,0.0,2.3218297559375176,0.0213576494427558,0.0077313159863662,-4.11411067632448,-375000000.0,5352000000.0,-5411000000.0,8180000000.0,632000000.0,369500000.0,280000000.0,30.84610668301655,51.38513513513514,42.87162162162162,2.9177101967799643,1.7514792899408285,2.099290780141844,0.0173766816143497,0.099214608830794,1999-01-15,0.07,bmo,1631000000.0,2025-04-25,1998-12-31,0.0,8.02359375,5356437.5
1998-09-30,NEE,USD,753308,1998-11-04,1998-11-04 00:00:00,1998,Q3,1999000000.0,659000000.0,1340000000.0,0.6703351676,0,0.0,0.0,0.0,812000000.0,812000000.0,1471000000.0,0.0,0.0,293000000.0,821000000.0,0.4107053527,528000000.0,0.264132066,-84000000.0,444000000.0,0.2221110555,157000000.0,287000000.0,0.1435717859,0.2,0.2,1447072000,1447072000,https://www.sec.gov/Archives/edgar/data/753308/000075330898000018/0000753308-98-000018-index.html,https://www.sec.gov/Archives/edgar/data/37634/,1.38141018553327,0.1983315273877181,0.3697120806704849,0.2681276398133611,0.3088996262798257,3.696429756086774,3.696429756086774,3.696429756086774,2.122907498728467,12603997120.000002,15228997120.000002,10.979091567944252,6.305151135567785,23.55887312149533,32.48452865979382,2.3563277472424757,2.3563277472424757,7.61830771385693,18.549326577344704,28.465415177570097,39.2499925773196,0.0227705542350996,0.0307838851680093,0.5743129556926528,0.2391778262223606,3.197320341047503,0.9736118746564046,0.0,1.8641114982578395,0.006902572189734,0.3031358885017421,0.0,0.0,0.0,0.2747663551401869,0.0735367683841921,0.0,0.0,4.061424329793336,0.0301712603692801,0.0223450638430395,-4.409075705977312,-48000000.0,5349000000.0,-5724000000.0,8790000000.0,659000000.0,377000000.0,280000000.0,31.74087043521761,54.764795144157816,37.96661608497724,2.8354609929078016,1.6433915211970074,2.370503597122302,0.053654888764255,0.1015844408571239,1998-10-15,0.2,bmo,1926746987.0,2025-04-25,1998-09-30,0.0499999999999999,8.015625,3709912.5
1998-06-30,NEE,USD,753308,1998-08-03,1998-08-03 00:00:00,1998,Q2,1692000000.0,558000000.0,1134000000.0,0.670212766,0,0.0,0.0,0.0,817000000.0,817000000.0,1375000000.0,0.0,0.0,332000000.0,649000000.0,0.38356974,317000000.0,0.1873522459,-52000000.0,265000000.0,0.1566193853,89000000.0,176000000.0,0.1040189125,0.12,0.12,1449736000,1449736000,https://www.sec.gov/Archives/edgar/data/753308/000075330898000015/0000753308-98-000015-index.html,https://www.sec.gov/Archives/edgar/data/37634/,1.1671090460608,0.1214014137746458,0.3745509527251858,0.2586677850312057,0.2952261653156161,3.5606482835495568,3.5606482835495568,3.5606482835495568,2.288692561956108,11423919680.0,14313919680.0,16.227158636363637,6.751725579196218,21.03852611418048,30.46378581333333,2.2130801394808213,2.2130801394808213,8.45976340425532,22.05534619414484,26.360809723756905,38.17045248,0.0154062707835845,0.0328258610445692,0.6427741185586981,0.2583307380878231,4.453004622496148,0.8646496815286624,0.0,3.085227272727273,0.0075280641328878,0.4886363636363636,0.0,0.0,0.0,0.3093922651933701,0.0992907801418439,0.0,0.0,3.118657411529295,0.018442173182954,0.0137028962939894,-4.589283842023651,-255000000.0,5162000000.0,-6053000000.0,8651000000.0,525500000.0,325000000.0,285500000.0,32.6063829787234,56.935483870967744,45.483870967741936,2.760195758564437,1.5807365439093484,1.9787234042553192,0.0340953118946144,0.1158831676939801,1998-07-15,0.12,bmo,1658823529.0,2025-04-25,1998-06-30,0.0833333333333334,7.745873015873016,2662298.412698413
1998-03-31,NEE,USD,753308,1998-05-01,1998-05-01 00:00:00,1998,Q1,1338000000.0,436000000.0,902000000.0,0.6741405082,0,0.0,0.0,0.0,684000000.0,684000000.0,1120000000.0,0.0,0.0,242000000.0,460000000.0,0.3437967115,218000000.0,0.1629297459,-60000000.0,158000000.0,0.1180866966,50000000.0,108000000.0,0.0807174888,0.0744,0.0744,1451856000,1451856000,https://www.sec.gov/Archives/edgar/data/753308/000075330898000009/0000753308-98-000009-index.html,https://www.sec.gov/Archives/edgar/data/37634/,0.9215789995702052,0.0743875425662049,0.3127031881949725,0.2031881949725041,0.0495916950441366,3.500347141865309,3.500347141865309,3.500347141865309,2.2454017478317407,11658403680.0,14846403680.0,26.98704555555555,8.713306188340807,25.679303259911897,39.52001247457627,2.2940581818181816,2.2940581818181816,11.09596687593423,32.27479060869565,32.70132969162996,50.32679213559322,0.0092637039310342,0.0253036357375472,0.6414797323888233,0.2614064629941464,6.930434782608696,0.721606648199446,0.0,4.203703703703703,0.007376653130268,0.7962962962962963,0.0,0.0,0.0,0.3502202643171806,0.1188340807174887,0.0,0.0,2.4204545017971286,0.0131439232802194,0.008660091412076,-4.713966123362097,-402000000.0,5082000000.0,-6347000000.0,8802000000.0,469500000.0,332500000.0,295500000.0,29.46188340807175,61.30733944954129,59.6559633027523,3.054794520547945,1.468013468013468,1.508650519031142,0.0212514757969303,0.1095149932224683,1998-04-16,0.08,bmo,1294838709.0,2025-04-25,1998-03-31,0.0,7.420983606557377,3928996.721311476
1997-12-31,NEE,USD,753308,1998-02-27,1998-02-27 00:00:00,1997,Q4,1477700000.0,477500000.0,1000200000.0,0.676862692,0,0.0,0.0,0.0,783100000.0,783100000.0,1260600000.0,0.0,0.0,289300000.0,506400000.0,0.3426947283,217100000.0,0.1469175069,-105100000.0,112000000.0,0.0757934628,21800000.0,90200000.0,0.0610408067,0.0621,0.0621,1451856000,1451856000,https://www.sec.gov/Archives/edgar/data/753308/000075330898000006/0000753308-98-000006-index.html,https://www.sec.gov/Archives/edgar/data/37634/,1.017800663426676,0.0621273735136266,0.0688084768737395,-0.0424973275586559,0.0371937712831024,3.4927706329002324,3.4927706329002324,3.4927706329002324,2.259865992219614,10743734400.0,13970734400.0,29.77753436807096,7.270578872572241,107.54488888888888,-174.1285964343598,2.1186618812857425,2.1186618812857425,9.454378019895785,27.588338072669828,139.8471911911912,-226.4300551053485,0.0083955910153549,-0.005742882102521,0.6470124235850917,0.2635553056470399,6.372432859399684,0.7344896597731821,0.0,1.1075388026607538,0.0077161252236466,0.9190687361419068,0.0,0.0,0.0,1.6176176176176176,0.1093591392028151,0.0,0.0,2.209621003344562,0.0154975213361359,0.0072455618925214,-4.681765960260521,-398000000.0,5071000000.0,-6277000000.0,8956000000.0,562650000.0,377350000.0,289850000.0,30.513636056033025,69.36125654450261,56.92146596858638,2.949500998003992,1.297554347826087,1.5811258278145697,0.0177874186550976,0.1113058044323955,1998-01-15,0.07,bmo,1477700000.0,2025-04-25,1997-12-31,0.0,6.7615625,3614687.5
1997-09-30,NEE,USD,753308,1997-11-05,1997-11-05 00:00:00,1997,Q3,1859000000.0,673600000.0,1185400000.0,0.637654653,0,0.0,0.0,0.0,721200000.0,721200000.0,1394800000.0,0.0,0.0,249500000.0,713700000.0,0.3839160839,464200000.0,0.249704142,-58000000.0,406400000.0,0.2186121571,144000000.0,262400000.0,0.1411511565,0.18,0.18,1455240000,1455240000,https://www.sec.gov/Archives/edgar/data/753308/000075330897000038/0000753308-97-000038-index.html,https://www.sec.gov/Archives/edgar/data/37634/,1.2774525164234078,0.1803139001126961,0.3738902174211814,0.2850388939281493,0.3163052142601907,3.48499216624062,3.48499216624062,3.48499216624062,2.3534262389708918,9328088400.0,12292588400.0,8.887279344512196,5.017799031737494,17.144069840102922,22.488159112825457,1.8393154687962143,1.8393154687962143,6.612473587950511,17.22374723273084,22.592516816761623,29.634976856316296,0.0281300936213254,0.0444678461666379,0.6753031647441585,0.2658923635911928,4.153706038951941,0.8385925569971702,0.0,2.074342356080824,0.0088978573573552,0.3163109756097561,0.0,0.0,0.0,0.2376401396802058,0.0695535233996772,0.0,0.0,3.7601638143215776,0.0263991126040983,0.0203720381354616,-4.632586377504741,-302300000.0,5071500000.0,-6238300000.0,9090100000.0,581200000.0,374600000.0,282800000.0,30.22431414739107,51.66716152019003,37.10362232779097,2.9777350632708632,1.7419188001034394,2.4256391789701115,0.0517401163363896,0.088851323493032,1997-10-16,0.19,bmo,1810078947.0,2025-04-25,1997-09-30,0.0,5.95234375,2982750.0
1997-06-30,NEE,USD,753308,1997-08-01,1997-08-01 00:00:00,1997,Q2,1587000000.0,560300000.0,1026700000.0,0.6469439193,0,0.0,0.0,0.0,705400000.0,705400000.0,1265700000.0,0.0,0.0,260800000.0,582100000.0,0.3667926906,321300000.0,0.2024574669,-74000000.0,247300000.0,0.1558286074,82900000.0,164400000.0,0.1035916824,0.11,0.11,1456744000,1456744000,https://www.sec.gov/Archives/edgar/data/753308/000075330897000031/0000753308-97-000031-index.html,https://www.sec.gov/Archives/edgar/data/37634/,1.0894158479458298,0.1128544205433487,0.3033477398911545,0.2032615202121992,0.2317497103128621,3.386525017436145,3.386525017436145,3.386525017436145,2.4630957807274303,8390845440.0,11641345440.0,12.759801459854014,5.287237202268431,18.988109164969448,28.337877203647416,1.7008585409360877,1.7008585409360877,7.335441361058601,19.99887551967016,26.343845756958583,39.3155874366768,0.0195927813443313,0.0352884583701734,0.7273224819086616,0.2813512008844908,5.584092080398557,0.7795001768242367,0.0,2.687956204379562,0.0098917326738412,0.5048661800486618,0.0,0.0,0.0,0.329938900203666,0.0918714555765595,0.0,0.0,2.932430249163989,0.0187088818898823,0.0128909833687495,-4.760393727381064,-374100000.0,4933300000.0,-6497300000.0,9154800000.0,496050000.0,351700000.0,291050000.0,30.51606805293006,58.22773514188827,46.24486882027485,2.949265935699684,1.545655172413793,1.946161861757555,0.0333245494901992,0.1000862196789552,1997-07-15,0.11,bmo,1487812500.0,2025-04-25,1997-06-30,0.0909090909090908,5.686875,3218587.5
1997-03-31,NEE,USD,753308,1997-05-02,1997-05-02 00:00:00,1997,Q1,1445200000.0,543600000.0,901600000.0,0.6238582895,0,0.0,0.0,0.0,676400000.0,676400000.0,1220000000.0,0.0,0.0,260100000.0,485300000.0,0.3358012732,225200000.0,0.1558261832,-69000000.0,156300000.0,0.108151121,55200000.0,101100000.0,0.0699557155,0.0693,0.0693,1459552000,1459552000,https://www.sec.gov/Archives/edgar/data/753308/000075330897000015/0000753308-97-000015-index.html,https://www.sec.gov/Archives/edgar/data/37634/,0.990166845717042,0.069267830128697,0.3501759443993773,0.2718642432746486,0.2704254456161891,3.331433206901844,3.331433206901844,3.331433206901844,2.503919010764947,8056727039.999999,11316627040.0,19.92266824925816,5.5748180459451975,15.763504284875758,20.304251612903222,1.6569445212240868,1.6569445212240868,7.830492001107113,23.318827611786524,22.14170815887302,28.51972540322581,0.0125485199508509,0.0492507687091754,0.751604146100691,0.2884542526993748,6.717288275293633,0.8437321847089377,0.0,5.055390702274975,0.0103143620961,0.8219584569732937,0.0,0.0,0.0,0.2236352964194873,0.0790893993910877,0.0,0.0,2.2786236773253035,0.0126901822179967,0.0079797310096609,-4.744538050031791,-246700000.0,4862400000.0,-6475200000.0,9368500000.0,457750000.0,324450000.0,281200000.0,28.272903404373096,56.44039735099338,48.70860927152318,3.183259911894273,1.5946025227339395,1.8477226376614548,0.0207922013820335,0.0783117011247286,1997-04-17,0.07,bmo,1445200000.0,2025-04-25,1997-03-31,0.0,5.650327868852459,3208813.1147540985
1996-12-31,NEE,USD,753308,1997-03-06,1997-03-06 00:00:00,1996,Q4,1435400000.0,552300000.0,883100000.0,0.6152292044,0,0.0,0.0,0.0,694200000.0,694200000.0,1246500000.0,0.0,0.0,204900000.0,393800000.0,0.2743486136,188900000.0,0.1316009475,-71200000.0,117700000.0,0.0819980493,32300000.0,85400000.0,0.059495611,0.0585,0.0585,1459552000,1459552000,https://www.sec.gov/Archives/edgar/data/753308/000075330897000010/0000753308-97-000010-index.html,https://www.sec.gov/Archives/edgar/data/37634/,0.9834524566442304,0.0585111047773563,0.1898527767424525,0.0913979083992896,0.1342192672820153,3.3734323956940213,3.3734323956940213,3.3734323956940213,2.260214093091579,8392424000.0,11495424000.0,24.56798594847775,5.846749338163578,30.286625766871165,62.91172413793103,1.7044953998009629,1.7044953998009629,8.008516093075102,29.191020822752662,41.48474918801877,86.17259370314842,0.0101758443091054,0.0158952884172677,0.6700042650852002,0.2699745484602228,7.879634332148298,0.9207532365633582,0.0,3.2447306791569086,0.0095085758298198,0.9344262295081968,0.0,0.0,0.0,0.5185853482497293,0.1001114671868468,0.0,0.0,2.107397273459628,0.0123480452463394,0.0069889437201803,-4.535278633443687,-101000000.0,4923700000.0,-6122100000.0,9282900000.0,512850000.0,317550000.0,271500000.0,28.93618503553017,50.19011406844106,43.70450841933731,3.1102925243770314,1.7931818181818182,2.059284116331096,0.017344679813961,0.0984548683431628,1997-01-16,0.06,bmo,1375591666.0,2025-04-25,1996-12-31,0.0,5.6815625,3310612.5
1996-09-30,NEE,USD,753308,1996-11-05,1996-11-05 00:00:00,1996,Q3,1769600000.0,628500000.0,1141100000.0,0.644834991,0,0.0,0.0,0.0,682000000.0,682000000.0,1310500000.0,0.0,0.0,253400000.0,712500000.0,0.4026333635,459100000.0,0.2594371609,-66900000.0,392200000.0,0.2216320072,142100000.0,250100000.0,0.1413313743,0.17,0.17,1463984000,1463984000,https://www.sec.gov/Archives/edgar/data/753308/000075330896000028/0000753308-96-000028-index.html,https://www.sec.gov/Archives/edgar/data/37634/,1.2087563798511458,0.1708352003847036,0.3354544858413753,0.2638006972753801,0.0626372965824763,3.366908381512366,3.366908381512366,3.366908381512366,2.2319916064656447,7920153440.0,11096053440.0,7.916986645341864,4.475674412296565,16.127374139686417,20.507906369756604,1.6068153293704734,1.6068153293704734,6.270373779385172,15.573408336842103,22.59428515577276,28.73136571724495,0.031577671050777,0.0487616815666136,0.6629202085573431,0.2639034712238931,4.45740350877193,0.994157968530924,0.0,1.9636145541783288,0.0101008144104844,0.3198720511795282,0.0,0.0,0.0,0.2136021176949704,0.0592789330922242,0.0,0.0,3.5974568142972303,0.0263684614352503,0.0201990017606486,-4.645166887069804,-7500000.0,4929100000.0,-6176400000.0,9449700000.0,513250000.0,313950000.0,267650000.0,28.694620253164555,46.840095465393794,39.35083532219571,3.1364764267990077,1.921430755120758,2.287117903930131,0.0507394859102067,0.0716537885659952,1996-10-15,0.18,bmo,,2025-04-25,1996-09-30,0.0,5.63765625,3042050.0
1996-06-30,NEE,USD,753308,1996-08-08,1996-08-08 00:00:00,1996,Q2,1474100000.0,500200000.0,973900000.0,0.6606743097,0,0.0,0.0,0.0,674700000.0,674700000.0,1174900000.0,0.0,0.0,240400000.0,539600000.0,0.3660538634,299200000.0,0.2029713045,-82100000.0,217100000.0,0.1472763042,66800000.0,150300000.0,0.1019605183,0.1,0.1,1466824000,1466824000,https://www.sec.gov/Archives/edgar/data/753308/000075330896000023/0000753308-96-000023-index.html,https://www.sec.gov/Archives/edgar/data/37634/,1.0049603769777424,0.1024662808898681,0.2300207795890986,0.1458252660169182,0.053789684379312,3.24565183007641,3.24565183007641,3.24565183007641,2.353315735221131,8478242720.0,11851242720.0,14.1022001330672,5.751470537955362,25.12816455245999,39.6364783543712,1.7808441270374729,1.7808441270374729,8.039646374058748,21.96301467753892,35.125200711321874,55.40552931276297,0.0177277302577626,0.0252292847780135,0.7250672155940178,0.281900515308164,6.250926612305412,0.7813998800959233,0.0,2.24484364604125,0.0094477125325801,0.5329341317365269,0.0,0.0,0.0,0.3660343805572021,0.0837799335187572,0.0,0.0,2.7354747525895378,0.0186924451367572,0.0122742974740916,-4.7234194422780105,-291700000.0,4760800000.0,-6441600000.0,9297300000.0,447200000.0,287550000.0,249500000.0,28.22535784546503,54.12235105957617,46.87125149940024,3.1886221068570197,1.662898936170213,1.9201535508637235,0.0315703243152411,0.0841955135721804,1996-07-18,0.1,bmo,,2025-04-25,1996-06-30,0.0999999999999999,5.415555555555556,2526044.4444444445
1996-03-31,NEE,USD,753308,1996-05-08,1996-05-08 00:00:00,1996,Q1,1357700000.0,449700000.0,908000000.0,0.6687780806,0,0.0,0.0,0.0,684700000.0,684700000.0,1134400000.0,0.0,0.0,269100000.0,492400000.0,0.3626721662,223300000.0,0.1644693231,-77000000.0,146300000.0,0.1077557634,52600000.0,93700000.0,0.0690137733,0.0635,0.0635,1476100280,1476100280,https://www.sec.gov/Archives/edgar/data/753308/000075330896000009/0000753308-96-000009-index.html,https://www.sec.gov/Archives/edgar/data/37634/,0.9197884577326956,0.0634780720995459,0.3297201461136502,0.2514734297049249,0.019172139172008,3.1996471134061437,3.1996471134061437,3.1996471134061437,2.393333330984803,8251400565.2,11755900565.2,22.015476427961577,6.077484396552994,16.95377145099651,22.228988591594828,1.7470676614863434,1.7470676614863434,8.65868790248214,23.87469651746548,24.154305660982125,31.669990746767244,0.0113556479605627,0.0449863022727951,0.7479991530806691,0.288006261005674,7.117181153533712,0.7315055542424959,0.0,5.194236926360726,0.009743800384517,0.8580576307363927,0.0,0.0,0.0,0.2373125128415862,0.0850703395448184,0.0,0.0,2.137736461435959,0.0128233080010117,0.0076387530163699,-4.790849982089293,-340800000.0,4723000000.0,-6614900000.0,9358200000.0,457200000.0,289700000.0,242900000.0,28.64329380570081,54.89659773182121,47.73182121414276,3.142096736866466,1.6394458621946773,1.8855345911949688,0.0198390853271225,0.0782467164087253,1996-04-18,0.07,bmo,,2025-04-25,1996-03-31,0.0,5.707777777777777,3048393.6507936507
1995-12-31,NEE,USD,753308,1996-03-12,1996-03-12 00:00:00,1995,Q4,1361400000.0,437500000.0,923900000.0,0.6786396357,0,0.0,0.0,0.0,735500000.0,735500000.0,1173000000.0,0.0,0.0,238700000.0,427100000.0,0.3137211694,188400000.0,0.1383869546,-78900000.0,109500000.0,0.0804319083,34800000.0,74700000.0,0.0548699868,0.0506,0.0506,1476100280,1476100280,https://www.sec.gov/Archives/edgar/data/753308/000075330896000005/0000753308-96-000005-index.html,https://www.sec.gov/Archives/edgar/data/37634/,0.9222950625007672,0.0506063178851236,0.142876471780088,0.0270306838502869,0.0312986865634901,3.205812006214104,3.205812006214104,3.205812006214104,2.5519946381962613,8561381624.0,12282181624.0,28.65254894243641,6.288659926546202,40.594507463252725,214.5709680200501,1.8092140115382176,1.8092140115382176,9.021728826208316,28.757156693982672,58.23699205310574,307.8241008521303,0.008725227221573,0.004660462732808,0.796052492550876,0.3023468601515346,8.71177710138141,0.6550761252576291,0.0,2.823293172690763,0.0089938754492787,1.0307898259705488,0.0,0.0,0.0,0.8108108108108109,0.125605993829881,0.0,0.0,1.910568680522733,0.0113282738977435,0.0059955695389752,-4.8746857496700695,-518800000.0,4732100000.0,-6741800000.0,9333200000.0,523500000.0,321200000.0,254500000.0,31.884089907448217,62.76342857142857,50.87314285714286,2.822724445365955,1.4339560799737792,1.7691063485644969,0.0157858033431246,0.115845787929801,1996-01-19,0.05,bmo,,2025-04-25,1995-12-31,0.0,5.360952380952381,2453104.761904762
1995-09-30,NEE,USD,753308,1995-11-08,1995-11-08 00:00:00,1995,Q3,1587000000.0,480900000.0,1106100000.0,0.6969754253,0,0.0,0.0,0.0,658200000.0,658200000.0,1139100000.0,0.0,0.0,203500000.0,651400000.0,0.4104599874,447900000.0,0.2822306238,-70300000.0,377600000.0,0.2379332073,137200000.0,240400000.0,0.1514807813,0.16,0.16,1476104000,1476104000,https://www.sec.gov/Archives/edgar/data/753308/000075330895000029/0000753308-95-000029-index.html,https://www.sec.gov/Archives/edgar/data/753308/,1.0751274977914835,0.1628611534146645,0.286497428365481,0.1892820560068938,0.0701170107255315,3.3224623739248726,3.3224623739248726,3.3224623739248726,2.408028160617409,7542891440.0,10993891440.0,7.844105074875208,4.752924662885948,17.836111231969735,26.996748174659984,1.5380159125665234,1.5380159125665234,6.927467826086956,16.877327970525023,25.99643282099787,39.348215604867576,0.0318710672044353,0.0370414982400966,0.7247721387353955,0.2814241829237395,5.297820079828063,0.7497710922171353,0.0,1.7584199584199585,0.0102215444320381,0.3207154742096506,0.0,0.0,0.0,0.3393237171908252,0.0904221802142407,0.0,0.0,3.489233615547999,0.0251963060180618,0.0190334431213579,-4.788432928845122,-382600000.0,4904300000.0,-6579700000.0,9554200000.0,533850000.0,319800000.0,280200000.0,32.024574669187146,63.12538989394885,48.976918278228325,2.8103417743934838,1.425733768158909,1.8376003056935424,0.0490182085108986,0.0972153723585872,1995-10-19,0.16,bmo,,2025-04-25,1995-09-30,0.0625,4.845396825396826,2631771.4285714286
1995-06-30,NEE,USD,753308,1995-08-10,1995-08-10 00:00:00,1995,Q2,1466700000.0,458400000.0,1008300000.0,0.6874616486,0,0.0,0.0,0.0,696100000.0,696100000.0,1154500000.0,0.0,0.0,261900000.0,574100000.0,0.3914229222,312200000.0,0.2128587987,-82500000.0,229700000.0,0.156610077,91400000.0,138300000.0,0.0942933115,0.0932,0.0932,1484032000,1484032000,https://www.sec.gov/Archives/edgar/data/753308/000075330895000026/0000753308-95-000026-index.html,https://www.sec.gov/Archives/edgar/data/753308/,0.9883210065551148,0.0931920605485596,0.3097642099361739,0.1592283724340176,0.0840278376746593,3.1954162713472485,3.1954162713472485,3.1954162713472485,2.553920670174228,7167874560.0,10833274560.0,12.957112364425164,4.887076130087952,15.592505025016315,30.33378992805756,1.5115401530967294,1.5115401530967294,7.386155696461444,18.87001316843756,23.56596597781161,45.845427676682185,0.0192944224738218,0.0329665367358214,0.7992450602053942,0.300234477732537,6.384601985716774,0.6598197971142336,0.0,3.3239334779464933,0.0107423754915711,0.556760665220535,0.0,0.0,0.0,0.4859691102893191,0.1523147201199972,0.0,0.0,2.588477757165014,0.0165429342305102,0.010955496760088,-4.872132137312403,-539900000.0,4742100000.0,-6834500000.0,9485900000.0,446950000.0,272850000.0,302300000.0,30.86520760891798,59.3520942408377,58.64528795811518,2.9159045725646124,1.5163744624545157,1.534650150652829,0.0291642942999936,0.1505358375021563,1995-07-20,0.09,bmo,,2025-04-25,1995-06-30,0.1111111111111112,4.704444444444444,3109142.8571428573
1995-03-31,NEE,USD,753308,1995-05-11,1995-05-11 00:00:00,1995,Q1,1177400000.0,344900000.0,832500000.0,0.7070664175,0,0.0,0.0,0.0,583700000.0,583700000.0,928600000.0,0.0,0.0,194900000.0,443700000.0,0.3768472906,248800000.0,0.2113130627,-83800000.0,165000000.0,0.14013929,65200000.0,99800000.0,0.0847630372,0.0672,0.0672,1484032000,1484032000,https://www.sec.gov/Archives/edgar/data/753308/000075330895000013/0000753308-95-000013-index.html,https://www.sec.gov/Archives/edgar/data/753308/,0.7933791185095739,0.0672492237364153,0.2807217095049163,0.1911683845092289,0.1074774667931688,3.1683952906675867,3.1683952906675867,3.1683952906675867,2.694887980852165,6752345600.0,10592145600.0,16.914693386773546,5.734963139120096,16.208222755640904,23.801006697215367,1.4360581880051042,1.4360581880051042,8.996216748768473,23.8723137254902,25.425217474795968,37.33572647162496,0.0147800491728385,0.0420150295624678,0.8505529561888558,0.3174148385663037,8.65404552625648,0.6975887707595024,0.0,4.174348697394789,0.0114774930951401,0.7765531062124249,0.0,0.0,0.0,0.3190110417666826,0.1128758280958043,0.0,0.0,2.1895485345657355,0.0129949140815777,0.0079208863773453,-4.913623830213904,-435200000.0,4702000000.0,-6893700000.0,9698500000.0,427800000.0,277350000.0,307600000.0,29.88024460676066,63.51406204697014,79.82313714120035,3.0120235354310565,1.4170090386195562,1.127492644655116,0.0212250106337728,0.0895533249956874,1995-04-20,0.07,bmo,,2025-04-25,1995-03-31,0.0,4.439365079365079,3150400.0
1994-12-31,NEE,USD,753308,1995-03-20,1995-03-20 00:00:00,1994,Q4,1287800000.0,406600000.0,881200000.0,0.6842677434,0,0.0,0.0,0.0,685000000.0,685000000.0,1091600000.0,0.0,0.0,178300000.0,374500000.0,0.2908060258,196200000.0,0.1523528498,-81200000.0,115000000.0,0.0892995807,38800000.0,76200000.0,0.0591706787,0.0513,0.0513,1484032000,1484032000,https://www.sec.gov/Archives/edgar/data/753308/000075330895000007/0000753308-95-000007-index.html,https://www.sec.gov/Archives/edgar/data/753308/,0.867771045368294,0.0513466016905295,0.1956157279627393,0.0499989218561324,0.0578154648956356,3.195685807314128,3.195685807314128,3.195685807314128,2.8113949025357945,6514900480.0,10601300480.0,21.374345406824144,5.058938095977636,22.44195825008612,87.80189326145553,1.3737270384818132,1.3737270384818132,8.232101630687994,28.30787845126836,36.51843086462281,142.874669541779,0.0116962646219885,0.0113892760492329,0.8797469688982604,0.3306651027136698,10.91161548731642,0.8174931129476584,0.0,3.809711286089239,0.0113892760492329,0.973753280839895,0.0,0.0,0.0,0.7444023424044093,0.1678055598695449,0.0,0.0,1.9214502702946368,0.0112284248786032,0.0060391833629216,-4.909681866698293,-212000000.0,4742500000.0,-6925500000.0,9990800000.0,538850000.0,293800000.0,310100000.0,32.47631619816742,68.90555828824397,68.4628627643876,2.771250268990747,1.3061355605525218,1.3145813126414485,0.0160674749604638,0.1456168061066068,1995-01-20,0.05,bmo,,2025-04-25,1994-12-31,0.0,4.213809523809523,3540812.698412698
1994-09-30,NEE,USD,753308,1994-11-10,1994-11-10 00:00:00,1994,Q3,1512900000.0,470300000.0,1042600000.0,0.6891400621,0,0.0,0.0,0.0,614500000.0,614500000.0,1084800000.0,0.0,0.0,192900000.0,621000000.0,0.4104699584,428100000.0,0.2829664882,-71500000.0,356000000.0,0.2353096702,133800000.0,222200000.0,0.1468702492,0.16,0.16,1417624000,1417624000,https://www.sec.gov/Archives/edgar/data/753308/000075330894000016/0000753308-94-000016-index.html,https://www.sec.gov/Archives/edgar/data/753308/,1.0672082301089711,0.1567411386940401,0.3210301180002596,0.2507011732307015,0.1484173518507023,3.349830420478209,3.349830420478209,3.349830420478209,3.093133299097645,5741377200.0,9915877200.0,6.459695319531953,3.794948245092207,12.61563876071193,16.154691052335398,1.2090164252021562,1.2090164252021562,6.5542185207217925,15.9675961352657,21.788348055372445,27.90061114237479,0.0387015157269235,0.0619015242544942,0.923370114555256,0.3381218963017797,6.722222222222222,0.8727476687933815,0.0,2.0472334682861,0.0129411458978866,0.3343834383438344,0.0,0.0,0.0,0.2190727312678532,0.0658999272919558,0.0,0.0,3.437115837020629,0.0226194873039671,0.0171339563862928,-5.215769484715271,-181500000.0,4748800000.0,-6974800000.0,9994200000.0,580650000.0,274000000.0,310000000.0,36.466389054134446,52.87476079098448,59.49606634063363,2.468026101141925,1.7021353601158162,1.512705049855259,0.04679076819407,0.070328944769558,1994-10-21,0.15,bmo,,2025-04-25,1994-09-30,0.0666666666666667,3.89046875,2716975.0
1994-06-30,NEE,USD,753308,1994-08-15,1994-08-15 00:00:00,1994,Q2,1443100000.0,473600000.0,969500000.0,0.6718176149,0,0.0,0.0,0.0,680600000.0,680600000.0,1154200000.0,0.0,0.0,170900000.0,459800000.0,0.3186196383,288900000.0,0.2001940267,-84700000.0,203500000.0,0.1410158686,77700000.0,125800000.0,0.0871734461,0.0877,0.0877,1434616000,1434616000,https://www.sec.gov/Archives/edgar/data/753308/000075330894000014/0000753308-94-000014-index.html,https://www.sec.gov/Archives/edgar/data/753308/,1.005913777624117,0.0876889704283236,0.2059087588595136,-0.0015335114065366,0.0460750472600333,3.238915500733297,3.238915500733297,3.238915500733297,3.0936501474959157,5336771520.0,9708871520.0,10.60566677265501,3.6981300810754623,18.06625429925525,-2425.805236363636,1.14853258726811,1.14853258726811,6.727788455408495,21.115423053501523,32.86686364251862,-4413.123418181818,0.0235723038785816,-0.0004122342490689,0.9551500021521112,0.344883321547631,9.508699434536757,0.7738548273431994,0.0,2.3481717011128778,0.0140909161499947,0.5977742448330684,0.0,0.0,0.0,1.007447528774543,0.2062227149885662,0.0,0.0,2.5279213249588937,0.0152074053775377,0.0097756572147924,-5.290771188945334,-320900000.0,4646600000.0,-7124000000.0,9970600000.0,529850000.0,260950000.0,310150000.0,34.195135472247244,51.632179054054056,58.73944256756757,2.631953310231625,1.743099006256901,1.5321902296991263,0.0270735591615374,0.2074422702660502,1994-07-22,0.08,bmo,,2025-04-25,1994-06-30,0.1249999999999999,3.9566129032258064,4901458.064516129
1994-03-31,NEE,USD,753308,1994-05-11,1994-05-11 00:00:00,1994,Q1,1178900000.0,364800000.0,814100000.0,0.6905589957,0,0.0,0.0,0.0,578900000.0,578900000.0,943700000.0,0.0,0.0,169800000.0,405000000.0,0.3435405887,235200000.0,0.1995080159,-83200000.0,151400000.0,0.1284248028,57000000.0,94400000.0,0.0800746459,0.0658,0.0658,1434616000,1434616000,https://www.sec.gov/Archives/edgar/data/753308/000075330894000005/0000753308-94-000005-index.html,https://www.sec.gov/Archives/edgar/data/753308/,0.8217529987118504,0.0658015803532095,0.2378336781410495,0.1365522202456964,0.0619678018368678,3.244561610911909,3.244561610911909,3.244561610911909,3.119650136343105,5939310240.0,10325910240.0,15.729105508474577,5.03801021291034,17.407122626025792,30.318071669218988,1.275981317807807,1.275981317807807,8.758936500127238,25.496074666666665,30.26351184056272,52.71010842266463,0.0158941015345916,0.0329836280786706,0.9615012782778696,0.3476926662523306,10.831111111111111,0.7415152553993829,0.0,3.614406779661017,0.0187058758526815,1.1769067796610169,0.0,0.0,0.0,0.4258499413833528,0.1232504877428111,0.0,0.0,2.191731925876332,0.0124588356230151,0.0073337476693598,-5.290091564571983,-377000000.0,4654700000.0,-7135800000.0,9815600000.0,,,,39.04147934515226,61.72697368421053,76.77631578947368,2.305240516229957,1.4580335731414868,1.1722365038560412,0.0202805766214793,0.1012814578953531,1994-04-26,0.06,bmo,,2025-04-25,1994-03-31,-0.1666666666666666,4.41952380952381,3266882.53968254
1993-12-31,NEE,USD,753308,1994-03-22,1994-03-22 00:00:00,1993,Q4,1231600000.0,0.0,1231600000.0,1.0,0,0.0,0.0,0.0,0.0,0.0,0.0,0.0,0.0,0.0,1231600000.0,1.0,1231600000.0,1.0,-1231600000.0,0.0,0.0,-85700000.0,85700000.0,0.0695842806,0.0565,0.0565,1516320000,1516320000,https://www.sec.gov/Archives/edgar/data/753308/000075330894000004/0000753308-94-000004-index.html,https://www.sec.gov/Archives/edgar/data/753308/,0.8122296085259049,0.0565184129998944,,,,,,,,7414804799.999999,,21.63011901983664,6.020465086066904,0.0,0.0,0.0,0.0,,,0.0,0.0,0.01155795766869,,0.0,0.0,,0.0,0.0,0.0,0.0158486707566462,1.3712345390898484,0.0,0.0,0.0,0.0,,0.0,,,0.0,0.0,,,,,,,,,,0.0,0.0,0.0,0.0,0.0,0.0,,1994-01-21,0.06,bmo,,2025-04-25,1993-12-31,0.0,4.8060937500000005,4777226.0
1993-09-30,NEE,USD,753308,1993-09-30,1993-09-29 20:00:00,1993,Q3,1602700000.0,0.0,1602700000.0,1.0,0,0.0,0.0,0.0,0.0,0.0,0.0,0.0,0.0,0.0,1602700000.0,1.0,1602700000.0,1.0,-1602700000.0,0.0,0.0,-140500000.0,140500000.0,0.087664566,0.0927,0.0927,1516320000,1516320000,,,1.0569668671520522,0.0926585417326158,,,,,,,,7460294400.0,,13.274545195729536,4.654828976102826,0.0,0.0,0.0,0.0,,,0.0,0.0,0.0188330369375235,,0.0,0.0,,0.0,0.0,0.0,0.0157520325203252,0.8364042704626334,0.0,0.0,0.0,0.0,,0.0,,,0.0,0.0,,,,,,,,,,0.0,0.0,0.0,0.0,0.0,0.0,,1993-10-22,0.14,bmo,,2025-04-25,1993-09-30,0.0714285714285712,4.9225,2274750.0
1993-06-30,NEE,USD,753308,1993-06-30,1993-06-29 20:00:00,1993,Q2,1349900000.0,0.0,1349900000.0,1.0,0,0.0,0.0,0.0,0.0,0.0,0.0,0.0,0.0,0.0,1349900000.0,1.0,1349900000.0,1.0,-1349900000.0,0.0,0.0,-110500000.0,110500000.0,0.0818579154,0.0745,0.0745,1483840000,1483840000,,,0.9097342031485874,0.0744689454388613,,,,,,,,7077916799.999999,,16.013386425339366,5.243289725164827,0.0,0.0,0.0,0.0,,,0.0,0.0,0.0156119382471407,,0.0,0.0,,0.0,0.0,0.0,0.0162473794549266,1.040702262443439,0.0,0.0,0.0,0.0,,0.0,,,0.0,0.0,,,,,,,,,,0.0,0.0,0.0,0.0,0.0,0.0,,1993-07-23,0.07,bmo,,2025-04-25,1993-06-30,0.1428571428571427,4.701904761904762,2142539.6825396824
1993-03-31,NEE,USD,753308,1993-03-31,1993-03-30 19:00:00,1993,Q1,1132400000.0,0.0,1132400000.0,1.0,0,0.0,0.0,0.0,0.0,0.0,0.0,0.0,0.0,0.0,1132400000.0,1.0,1132400000.0,1.0,-1132400000.0,0.0,0.0,-92000000.0,92000000.0,0.0812433769,0.062,0.062,1482960000,1482960000,,,0.763607919296542,0.0620380859901818,,,,,,,,6866104800.0,,18.65789347826087,6.063321087954786,0.0,0.0,0.0,0.0,,,0.0,0.0,0.0133991546415079,,0.0,0.0,,0.0,0.0,0.0,0.0164686825053995,1.229083695652174,0.0,0.0,0.0,0.0,,0.0,,,0.0,0.0,,,,,,,,,,0.0,0.0,0.0,0.0,0.0,0.0,,1993-04-22,0.06,bmo,,2025-04-25,1993-03-31,0.0,4.713709677419355,2431858.064516129
1992-12-31,NEE,USD,753308,1992-12-31,1992-12-30 19:00:00,1992,Q4,1271200000.0,0.0,1271200000.0,1.0,0,0.0,0.0,0.0,0.0,0.0,0.0,0.0,0.0,0.0,1271200000.0,1.0,1271200000.0,1.0,-1271200000.0,0.0,0.0,-101200000.0,101200000.0,0.0796098175,0.0708,0.0708,1429600000,1429600000,,,0.889199776161164,0.0707890318970341,,,,,,,,6476088000.0,,15.99824110671937,5.094468219005664,0.0,0.0,0.0,0.0,,,0.0,0.0,0.0156267178580649,,0.0,0.0,,0.0,0.0,0.0,0.0168322295805739,1.0771442687747037,0.0,0.0,0.0,0.0,,0.0,,,0.0,0.0,,,,,,,,,,0.0,0.0,0.0,0.0,0.0,0.0,,1992-12-30,,bmo,,2025-04-25,1992-12-31,,4.47859375,2078925.0
1992-09-30,NEE,USD,753308,1992-09-30,1992-09-29 20:00:00,1992,Q3,1569100000.0,0.0,1569100000.0,1.0,0,0.0,0.0,0.0,0.0,0.0,0.0,0.0,0.0,0.0,1569100000.0,1.0,1569100000.0,1.0,-1569100000.0,0.0,0.0,-187800000.0,187800000.0,0.1196864445,0.13,0.13,1429600000,1429600000,,,1.0975797425853386,0.1313654168998321,,,,,,,,6504680000.0,,8.65905218317359,4.145484672742336,0.0,0.0,0.0,0.0,,,0.0,0.0,0.0288715201977653,,0.0,0.0,,0.0,0.0,0.0,0.0167582417582417,0.5804419595314164,0.0,0.0,0.0,0.0,,0.0,,,0.0,0.0,,,,,,,,,,0.0,0.0,0.0,0.0,0.0,0.0,,1993-01-29,0.06,bmo,,2025-04-25,1992-09-30,0.1666666666666668,4.5875,3255412.5
1992-06-30,NEE,USD,753308,1992-06-30,1992-06-29 20:00:00,1992,Q2,1262000000.0,0.0,1262000000.0,1.0,0,0.0,0.0,0.0,0.0,0.0,0.0,0.0,0.0,0.0,1262000000.0,1.0,1262000000.0,1.0,-1262000000.0,0.0,0.0,-103500000.0,103500000.0,0.0820126783,0.074,0.074,1398928000,1398928000,,,0.9021193370924022,0.0739852229707318,,,,,,,,6099326080.0,,14.732671690821258,4.833063454833598,0.0,0.0,0.0,0.0,,,0.0,0.0,0.0169690878373238,,0.0,0.0,,0.0,0.0,0.0,0.0174885321100917,1.030611207729469,0.0,0.0,0.0,0.0,,0.0,,,0.0,0.0,,,,,,,,,,0.0,0.0,0.0,0.0,0.0,0.0,,1992-06-29,,bmo,,2025-04-25,1992-06-30,,4.33063492063492,1952279.365079365
1992-03-31,NEE,USD,753308,1992-03-31,1992-03-30 19:00:00,1992,Q1,1093400000.0,0.0,1093400000.0,1.0,0,0.0,0.0,0.0,0.0,0.0,0.0,0.0,0.0,0.0,1093400000.0,1.0,1093400000.0,1.0,-1093400000.0,0.0,0.0,-74400000.0,74400000.0,0.0680446314,0.0536,0.0536,1387144000,1387144000,,,0.7882382795153207,0.0536353832046276,,,,,,,,5784390480.0,,19.436795967741936,5.2902784708249495,0.0,0.0,0.0,0.0,,,0.0,0.0,0.0128622022073447,,0.0,0.0,,0.0,0.0,0.0,0.0179856115107913,1.3983306451612902,0.0,0.0,0.0,0.0,,0.0,,,0.0,0.0,,,,,,,,,,0.0,0.0,0.0,0.0,0.0,0.0,,1992-03-30,,bmo,,2025-04-25,1992-03-31,,4.277142857142857,2476025.396825397
1991-12-31,NEE,USD,753308,1991-12-31,1991-12-30 19:00:00,1991,Q4,1181200000.0,0.0,1181200000.0,1.0,0,0.0,0.0,0.0,0.0,0.0,0.0,0.0,0.0,0.0,1181200000.0,1.0,1181200000.0,1.0,-1181200000.0,0.0,0.0,-42300000.0,42300000.0,0.0358110396,0.0321,0.0321,1316104000,1316104000,,,0.8974974622066342,0.0321403171785816,,,,,,,,6093561520.0,,36.01395697399527,5.158788960379275,0.0,0.0,0.0,0.0,,,0.0,0.0,0.00694175317032,,0.0,0.0,,0.0,0.0,0.0,0.0161987041036717,2.333517730496454,0.0,0.0,0.0,0.0,,0.0,,,0.0,0.0,,,,,,,,,,0.0,0.0,0.0,0.0,0.0,0.0,,1991-12-30,,bmo,,2025-04-25,1991-12-31,,4.33203125,2248812.5
1991-09-30,NEE,USD,753308,1991-09-30,1991-09-29 20:00:00,1991,Q3,1518300000.0,0.0,1518300000.0,1.0,0,0.0,0.0,0.0,0.0,0.0,0.0,0.0,0.0,0.0,1518300000.0,1.0,1518300000.0,1.0,-1518300000.0,0.0,0.0,-187700000.0,187700000.0,0.123625107,0.14,0.14,1316104000,1316104000,,,1.1536322357503663,0.1426179086151246,,,,,,,,5527636800.0,,7.362329248801279,3.6406749654218538,0.0,0.0,0.0,0.0,,,0.0,0.0,0.033956644908363,,0.0,0.0,,0.0,0.0,0.0,0.0178571428571428,0.5258806606286628,0.0,0.0,0.0,0.0,,0.0,,,0.0,0.0,,,,,,,,,,0.0,0.0,0.0,0.0,0.0,0.0,,1991-09-29,,bmo,,2025-04-25,1991-09-30,,4.01453125,2179225.0
1991-06-30,NEE,USD,753308,1991-06-30,1991-06-29 20:00:00,1991,Q2,1386700000.0,0.0,1386700000.0,1.0,0,0.0,0.0,0.0,0.0,0.0,0.0,0.0,0.0,0.0,1386700000.0,1.0,1386700000.0,1.0,-1386700000.0,0.0,0.0,-74700000.0,74700000.0,0.0538688974,0.0576,0.0576,1297504000,1297504000,,,1.0687442967420524,0.0575720768490887,,,,,,,,4982415360.0,,16.674750200803214,3.5930016297685152,0.0,0.0,0.0,0.0,,,0.0,0.0,0.0149927283461168,,0.0,0.0,,0.0,0.0,0.0,0.01953125,1.302714859437751,0.0,0.0,0.0,0.0,,0.0,,,0.0,0.0,,,,,,,,,,0.0,0.0,0.0,0.0,0.0,0.0,,1991-06-29,,bmo,,2025-04-25,1991-06-30,,3.79828125,2512337.5
1991-03-31,NEE,USD,753308,1991-03-31,1991-03-30 19:00:00,1991,Q1,1163100000.0,0.0,1163100000.0,1.0,0,0.0,0.0,0.0,0.0,0.0,0.0,0.0,0.0,0.0,1163100000.0,1.0,1163100000.0,1.0,-1163100000.0,0.0,0.0,64200000.0,-64200000.0,-0.0551973175,-0.0496,-0.0496,1293336000,1293336000,,,0.8993022694798567,-0.049639072909128,,,,,,,,4850010000.0,,-18.88633177570093,4.169899406757803,0.0,0.0,0.0,0.0,,,0.0,0.0,-0.0132370861091008,,0.0,0.0,,0.0,0.0,0.0,0.0196666666666666,-1.4857247663551405,0.0,0.0,0.0,0.0,,0.0,,,0.0,0.0,,,,,,,,,,0.0,0.0,0.0,0.0,0.0,0.0,,1991-03-30,,bmo,,2025-04-25,1991-03-31,,3.692622950819672,3149678.6885245903
1990-12-31,NEE,USD,753308,1990-12-31,1990-12-30 19:00:00,1990,Q4,1581700000.0,0.0,1581700000.0,1.0,0,0.0,0.0,0.0,0.0,0.0,0.0,0.0,0.0,0.0,1581700000.0,1.0,1581700000.0,1.0,-1581700000.0,0.0,0.0,-41400000.0,41400000.0,0.0261743693,0.0379,0.0379,1092448000,1092448000,,,1.4478492340138844,0.0378965406133747,,,,,,,,3965586240.0,,23.9467768115942,2.507167123980527,0.0,0.0,0.0,0.0,,,0.0,0.0,0.0104398183507919,,0.0,0.0,,0.0,0.0,0.0,0.0203168044077135,1.946087922705314,0.0,0.0,0.0,0.0,,0.0,,,0.0,0.0,,,,,,,,,,0.0,0.0,0.0,0.0,0.0,0.0,,1990-12-30,,bmo,,2025-04-25,1990-12-31,,3.5521875,2839237.5
1990-09-30,NEE,USD,753308,1990-09-30,1990-09-29 20:00:00,1990,Q3,1774500000.0,0.0,1774500000.0,1.0,0,0.0,0.0,0.0,0.0,0.0,0.0,0.0,0.0,0.0,1774500000.0,1.0,1774500000.0,1.0,-1774500000.0,0.0,0.0,568500000.0,-568500000.0,-0.3203719358,-0.52,-0.52,1092448000,1092448000,,,1.624333606725446,-0.5203909019010515,,,,,,,,3943737280.0,,-1.7342732102022869,2.222449861932939,0.0,0.0,0.0,0.0,,,0.0,0.0,-0.1441526044047234,,0.0,0.0,,0.0,0.0,0.0,0.0204293628808864,-0.1417203869832893,0.0,0.0,0.0,0.0,,0.0,,,0.0,0.0,,,,,,,,,,0.0,0.0,0.0,0.0,0.0,0.0,,1990-09-29,,bmo,,2025-04-25,1990-09-30,,3.594920634920635,1704546.0317460315
1990-06-30,NEE,USD,753308,1990-06-30,1990-06-29 20:00:00,1990,Q2,1575300000.0,0.0,1575300000.0,1.0,0,0.0,0.0,0.0,0.0,0.0,0.0,0.0,0.0,0.0,1575300000.0,1.0,1575300000.0,1.0,-1575300000.0,0.0,0.0,-96700000.0,96700000.0,0.061385133,0.0891,0.0891,1085824000,1085824000,,,1.4507876046210066,0.0890567900506896,,,,,,,,4158705920.0,,10.751566494312303,2.6399453564400432,0.0,0.0,0.0,0.0,,,0.0,0.0,0.0232524256007022,,0.0,0.0,,0.0,0.0,0.0,0.0192558746736292,0.8281232678386763,0.0,0.0,0.0,0.0,,0.0,,,0.0,0.0,,,,,,,,,,0.0,0.0,0.0,0.0,0.0,0.0,,1990-06-29,,bmo,,2025-04-25,1990-06-30,,3.925555555555556,1486438.0952380951
1990-03-31,NEE,USD,753308,1990-03-31,1990-03-30 19:00:00,1990,Q1,1357500000.0,0.0,1357500000.0,1.0,0,0.0,0.0,0.0,0.0,0.0,0.0,0.0,0.0,0.0,1357500000.0,1.0,1357500000.0,1.0,-1357500000.0,0.0,0.0,-39400000.0,39400000.0,0.0290239411,0.0365,0.0365,1080536000,1080536000,,,1.2563209370164437,0.0364633848386356,,,,,,,,4343754720.0,,27.56189543147208,3.1998193149171272,0.0,0.0,0.0,0.0,,,0.0,0.0,0.0090704937409541,,0.0,0.0,,0.0,0.0,0.0,0.0177238805970149,1.9540149746192896,0.0,0.0,0.0,0.0,,0.0,,,0.0,0.0,,,,,,,,,,0.0,0.0,0.0,0.0,0.0,0.0,,1990-03-30,,bmo,,2025-04-25,1990-03-31,,4.188888888888888,2059542.857142857
1989-12-31,NEE,USD,753308,1989-12-31,1989-12-30 19:00:00,1989,Q4,1471400000.0,0.0,1471400000.0,1.0,0,0.0,0.0,0.0,0.0,0.0,0.0,0.0,0.0,0.0,1471400000.0,1.0,1471400000.0,1.0,-1471400000.0,0.0,0.0,-70200000.0,70200000.0,0.0477096643,0.0667,0.0667,1051960000,1051960000,,,1.3987223848815544,0.0667325753830944,,,,,,,,4786418000.0,,17.045648148148146,3.2529686013320647,0.0,0.0,0.0,0.0,,,0.0,0.0,0.0146665000841965,,0.0,0.0,,0.0,0.0,0.0,0.0156593406593406,1.0676944444444445,0.0,0.0,0.0,0.0,,0.0,,,0.0,0.0,,,,,,,,,,0.0,0.0,0.0,0.0,0.0,0.0,,1989-12-30,,bmo,,2025-04-25,1989-12-31,,,
1989-09-30,NEE,USD,753308,1989-09-30,1989-09-29 20:00:00,1989,Q3,1812500000.0,0.0,1812500000.0,1.0,0,0.0,0.0,0.0,0.0,0.0,0.0,0.0,0.0,0.0,1812500000.0,1.0,1812500000.0,1.0,-1812500000.0,0.0,0.0,-158600000.0,158600000.0,0.0875034483,0.15,0.15,1051960000,1051960000,,,1.7229742575763336,0.1507661888284725,,,,,,,,4155242000.0,,6.549877049180329,2.2925473103448275,0.0,0.0,0.0,0.0,,,0.0,0.0,0.0381686553996133,,0.0,0.0,,0.0,0.0,0.0,0.0180379746835443,0.4725860655737705,0.0,0.0,0.0,0.0,,0.0,,,0.0,0.0,,,,,,,,,,0.0,0.0,0.0,0.0,0.0,0.0,,1989-09-29,,bmo,,2025-04-25,1989-09-30,,,
1989-06-30,NEE,USD,753308,1989-06-30,1989-06-29 20:00:00,1989,Q2,1530100000.0,0.0,1530100000.0,1.0,0,0.0,0.0,0.0,0.0,0.0,0.0,0.0,0.0,0.0,1530100000.0,1.0,1530100000.0,1.0,-1530100000.0,0.0,0.0,-111100000.0,111100000.0,0.0726096334,0.11,0.11,1048976000,1048976000,,,1.4586606366589894,0.1059128140205305,,,,,,,,4049047360.0,,9.111267686768675,2.6462632246258413,0.0,0.0,0.0,0.0,,,0.0,0.0,0.0274385528550597,,0.0,0.0,,0.0,0.0,0.0,0.0184585492227979,0.6727231323132313,0.0,0.0,0.0,0.0,,0.0,,,0.0,0.0,,,,,,,,,,0.0,0.0,0.0,0.0,0.0,0.0,,1989-06-29,,bmo,,2025-04-25,1989-06-30,,,
1989-03-31,NEE,USD,753308,1989-03-31,1989-03-30 19:00:00,1989,Q1,1365800000.0,0.0,1365800000.0,1.0,0,0.0,0.0,0.0,0.0,0.0,0.0,0.0,0.0,0.0,1365800000.0,1.0,1365800000.0,1.0,-1365800000.0,0.0,0.0,0.0,0.0,0.0,0.0338,0.0338,1040248000,1040248000,,,1.312956141227861,0.0,,,,,,,,3869722560.0,,0.0,2.8333010396837017,0.0,0.0,0.0,0.0,,,0.0,0.0,0.0,,0.0,0.0,,0.0,0.0,0.0,0.0184811827956989,0.0,0.0,0.0,0.0,0.0,,0.0,,,0.0,0.0,,,,,,,,,,0.0,0.0,0.0,0.0,0.0,0.0,,1989-03-30,,bmo,,2025-04-25,1989-03-31,,,
1988-12-31,NEE,USD,753308,1988-12-31,1988-12-30 19:00:00,1988,Q4,2222500000.0,0.0,2222500000.0,1.0,0,0.0,0.0,0.0,0.0,0.0,0.0,0.0,0.0,0.0,2222500000.0,1.0,2222500000.0,1.0,-2222500000.0,0.0,0.0,0.0,0.0,0.0,0.35,0.35,1040248000,1040248000,,,2.136509755366028,0.0,,,,,,,,4046564720.0,,0.0,1.820726533183352,0.0,0.0,0.0,0.0,,,0.0,0.0,0.0,,0.0,0.0,,0.0,0.0,0.0,0.0176735218508997,0.0,0.0,0.0,0.0,0.0,,0.0,,,0.0,0.0,,,,,,,,,,0.0,0.0,0.0,0.0,0.0,0.0,,1988-12-30,,bmo,,2025-04-25,1988-12-31,,,
1988-09-30,NEE,USD,753308,1988-09-30,1988-09-29 20:00:00,1988,Q3,1384800000.0,0.0,1384800000.0,1.0,0,0.0,0.0,0.0,0.0,0.0,0.0,0.0,0.0,0.0,1384800000.0,1.0,1384800000.0,1.0,-1384800000.0,0.0,0.0,0.0,0.0,0.0,0.0831,0.0831,1040248000,1040248000,,,1.331221016526828,0.0,,,,,,,,4067369680.0,,0.0,2.937153148469093,0.0,0.0,0.0,0.0,,,0.0,0.0,0.0,,0.0,0.0,,0.0,0.0,0.0,0.0175831202046035,0.0,0.0,0.0,0.0,0.0,,0.0,,,0.0,0.0,,,,,,,,,,0.0,0.0,0.0,0.0,0.0,0.0,,1988-09-29,,bmo,,2025-04-25,1988-09-30,,,
1988-06-30,NEE,USD,753308,1988-06-30,1988-06-29 20:00:00,1988,Q2,1174100000.0,0.0,1174100000.0,1.0,0,0.0,0.0,0.0,0.0,0.0,0.0,0.0,0.0,0.0,1174100000.0,1.0,1174100000.0,1.0,-1174100000.0,0.0,0.0,0.0,0.0,0.0,0.0438,0.0438,1040248000,1040248000,,,1.1286731625535449,0.0,,,,,,,,3963344880.0,,0.0,3.375645072821736,0.0,0.0,0.0,0.0,,,0.0,0.0,0.0,,0.0,0.0,,0.0,0.0,0.0,0.0180446194225721,0.0,0.0,0.0,0.0,0.0,,0.0,,,0.0,0.0,,,,,,,,,,0.0,0.0,0.0,0.0,0.0,0.0,,1988-06-29,,bmo,,2025-04-25,1988-06-30,,,
1988-03-31,NEE,USD,753308,1988-03-31,1988-03-30 19:00:00,1988,Q1,1072100000.0,0.0,1072100000.0,1.0,0,0.0,0.0,0.0,0.0,0.0,0.0,0.0,0.0,0.0,1072100000.0,1.0,1072100000.0,1.0,-1072100000.0,0.0,0.0,0.0,0.0,0.0,0.0438,0.0438,1040248000,1040248000,,,1.030619621474879,0.0,,,,,,,,3776100240.0,,0.0,3.522153008114915,0.0,0.0,0.0,0.0,,,0.0,0.0,0.0,,0.0,0.0,,0.0,0.0,0.0,0.0182506887052341,0.0,0.0,0.0,0.0,0.0,,0.0,,,0.0,0.0,,,,,,,,,,0.0,0.0,0.0,0.0,0.0,0.0,,1988-03-30,,bmo,,2025-04-25,1988-03-31,,,
1987-12-31,NEE,USD,753308,1987-12-31,1987-12-30 19:00:00,1987,Q4,1100100000.0,0.0,1100100000.0,1.0,0,0.0,0.0,0.0,0.0,0.0,0.0,0.0,0.0,0.0,1100100000.0,1.0,1100100000.0,1.0,-1100100000.0,0.0,0.0,0.0,0.0,0.0,0.29,0.29,1040248000,1040248000,,,1.057536279810199,0.0,,,,,,,,3724087840.0,,0.0,3.3852266521225345,0.0,0.0,0.0,0.0,,,0.0,0.0,0.0,,0.0,0.0,,0.0,0.0,0.0,0.0185055865921787,0.0,0.0,0.0,0.0,0.0,,0.0,,,0.0,0.0,,,,,,,,,,0.0,0.0,0.0,0.0,0.0,0.0,,1987-12-30,,bmo,,2025-04-25,1987-12-31,,,
1987-09-30,NEE,USD,753308,1987-09-30,1987-09-29 20:00:00,1987,Q3,1308400000.0,0.0,1308400000.0,1.0,0,0.0,0.0,0.0,0.0,0.0,0.0,0.0,0.0,0.0,1308400000.0,1.0,1308400000.0,1.0,-1308400000.0,0.0,0.0,0.0,0.0,0.0,0.0725,0.0725,1040248000,1040248000,,,1.2577769916404549,0.0,,,,,,,,4098577120.0,,0.0,3.1325107918067867,0.0,0.0,0.0,0.0,,,0.0,0.0,0.0,,0.0,0.0,,0.0,0.0,0.0,0.0168147208121827,0.0,0.0,0.0,0.0,0.0,,0.0,,,0.0,0.0,,,,,,,,,,0.0,0.0,0.0,0.0,0.0,0.0,,1987-09-29,,bmo,,2025-04-25,1987-09-30,,,
1987-06-30,NEE,USD,753308,1987-06-30,1987-06-29 20:00:00,1987,Q2,1062300000.0,0.0,1062300000.0,1.0,0,0.0,0.0,0.0,0.0,0.0,0.0,0.0,0.0,0.0,1062300000.0,1.0,1062300000.0,1.0,-1062300000.0,0.0,0.0,0.0,0.0,0.0,0.0431,0.0431,1040248000,1040248000,,,1.021198791057517,0.0,,,,,,,,4098577120.0,,0.0,3.8582105996422857,0.0,0.0,0.0,0.0,,,0.0,0.0,0.0,,0.0,0.0,,0.0,0.0,0.0,0.0168147208121827,0.0,0.0,0.0,0.0,0.0,,0.0,,,0.0,0.0,,,,,,,,,,0.0,0.0,0.0,0.0,0.0,0.0,,1987-06-29,,bmo,,2025-04-25,1987-06-30,,,
1987-03-31,NEE,USD,753308,1987-03-31,1987-03-30 19:00:00,1987,Q1,968300000.0,0.0,968300000.0,1.0,0,0.0,0.0,0.0,0.0,0.0,0.0,0.0,0.0,0.0,968300000.0,1.0,968300000.0,1.0,-968300000.0,0.0,0.0,0.0,0.0,0.0,0.0438,0.0438,1040248000,1040248000,,,0.9308357237889426,0.0,,,,,,,,4140187040.0,,0.0,4.2757276050810695,0.0,0.0,0.0,0.0,,,0.0,0.0,0.0,,0.0,0.0,,0.0,0.0,0.0,0.0160175879396984,0.0,0.0,0.0,0.0,0.0,,0.0,,,0.0,0.0,,,,,,,,,,0.0,0.0,0.0,0.0,0.0,0.0,,1987-03-30,,bmo,,2025-04-25,1987-03-31,,,
1986-12-31,NEE,USD,753308,1986-12-31,1986-12-30 19:00:00,1986,Q4,979100000.0,0.0,979100000.0,1.0,0,0.0,0.0,0.0,0.0,0.0,0.0,0.0,0.0,0.0,979100000.0,1.0,979100000.0,1.0,-979100000.0,0.0,0.0,0.0,0.0,0.0,0.25,0.25,1022544000,1022544000,,,0.9575138086967406,0.0,,,,,,,,4039048800.0,,0.0,4.125266877744868,0.0,0.0,0.0,0.0,,,0.0,0.0,0.0,,0.0,0.0,,0.0,0.0,0.0,0.0161392405063291,0.0,0.0,0.0,0.0,0.0,,0.0,,,0.0,0.0,,,,,,,,,,0.0,0.0,0.0,0.0,0.0,0.0,,1986-12-30,,bmo,,2025-04-25,1986-12-31,,,
1986-09-30,NEE,USD,753308,1986-09-30,1986-09-29 20:00:00,1986,Q3,1170300000.0,0.0,1170300000.0,1.0,0,0.0,0.0,0.0,0.0,0.0,0.0,0.0,0.0,0.0,1170300000.0,1.0,1170300000.0,1.0,-1170300000.0,0.0,0.0,0.0,0.0,0.0,0.0744,0.0744,1022544000,1022544000,,,1.1444984274515326,0.0,,,,,,,,3865216320.0,,0.0,3.302756831581646,0.0,0.0,0.0,0.0,,,0.0,0.0,0.0,,0.0,0.0,,0.0,0.0,0.0,0.0168650793650793,0.0,0.0,0.0,0.0,0.0,,0.0,,,0.0,0.0,,,,,,,,,,0.0,0.0,0.0,0.0,0.0,0.0,,1986-09-29,,bmo,,2025-04-25,1986-09-30,,,
1986-06-30,NEE,USD,753308,1986-06-30,1986-06-29 20:00:00,1986,Q2,999100000.0,0.0,999100000.0,1.0,0,0.0,0.0,0.0,0.0,0.0,0.0,0.0,0.0,0.0,999100000.0,1.0,999100000.0,1.0,-999100000.0,0.0,0.0,0.0,0.0,0.0,0.0375,0.0375,1004664000,1004664000,,,0.9944618300247644,0.0,,,,,,,,3988516080.0,,0.0,3.992108978080272,0.0,0.0,0.0,0.0,,,0.0,0.0,0.0,,0.0,0.0,,0.0,0.0,0.0,0.0160579345088161,0.0,0.0,0.0,0.0,0.0,,0.0,,,0.0,0.0,,,,,,,,,,0.0,0.0,0.0,0.0,0.0,0.0,,1986-06-29,,bmo,,2025-04-25,1986-06-30,,,
1986-03-31,NEE,USD,753308,1986-03-31,1986-03-30 19:00:00,1986,Q1,943000000.0,0.0,943000000.0,1.0,0,0.0,0.0,0.0,0.0,0.0,0.0,0.0,0.0,0.0,943000000.0,1.0,943000000.0,1.0,-943000000.0,0.0,0.0,0.0,0.0,0.0,0.0388,0.0388,1001376000,1001376000,,,0.9417042150001598,0.0,,,,,,,,3845283840.0,,0.0,4.077713510074231,0.0,0.0,0.0,0.0,,,0.0,0.0,0.0,,0.0,0.0,,0.0,0.0,0.0,0.0159505208333333,0.0,0.0,0.0,0.0,0.0,,0.0,,,0.0,0.0,,,,,,,,,,0.0,0.0,0.0,0.0,0.0,0.0,,1986-03-30,,bmo,,2025-04-25,1986-03-31,,,
1985-12-31,NEE,USD,753308,1985-12-31,1985-12-30 19:00:00,1985,Q4,1032300000.0,0.0,1032300000.0,1.0,0,0.0,0.0,0.0,0.0,0.0,0.0,0.0,0.0,0.0,1032300000.0,1.0,1032300000.0,1.0,-1032300000.0,0.0,0.0,0.0,0.0,0.0,0.2,0.2,958136000,958136000,,,1.077404460327135,0.0,,,,,,,,3382220080.0,,0.0,3.276392599050664,0.0,0.0,0.0,0.0,,,0.0,0.0,0.0,,0.0,0.0,,0.0,0.0,0.0,0.0173512747875354,0.0,0.0,0.0,0.0,0.0,,0.0,,,0.0,0.0,,,,,,,,,,0.0,0.0,0.0,0.0,0.0,0.0,,1985-12-30,,bmo,,2025-04-25,1985-12-31,,,
1985-09-30,NEE,USD,753308,1985-09-30,1985-09-29 20:00:00,1985,Q3,1263000000.0,0.0,1263000000.0,1.0,0,0.0,0.0,0.0,0.0,0.0,0.0,0.0,0.0,0.0,1263000000.0,1.0,1263000000.0,1.0,-1263000000.0,0.0,0.0,0.0,0.0,0.0,0.0719,0.0719,958136000,958136000,,,1.3181844748553442,0.0,,,,,,,,2740268960.0,,0.0,2.1696507996832937,0.0,0.0,0.0,0.0,,,0.0,0.0,0.0,,0.0,0.0,,0.0,0.0,0.0,0.0214160839160839,0.0,0.0,0.0,0.0,0.0,,0.0,,,0.0,0.0,,,,,,,,,,0.0,0.0,0.0,0.0,0.0,0.0,,1985-09-29,,bmo,,2025-04-25,1985-09-30,,,
