date,symbol,reportedCurrency,cik,fillingDate,acceptedDate,calendarYear,period,revenue,costOfRevenue,grossProfit,grossProfitRatio,researchAndDevelopmentExpenses,generalAndAdministrativeExpenses,sellingAndMarketingExpenses,sellingGeneralAndAdministrativeExpenses,otherExpenses,operatingExpenses,costAndExpenses,interestIncome,interestExpense,depreciationAndAmortization,ebitda,ebitdaratio,operatingIncome,operatingIncomeRatio,totalOtherIncomeExpensesNet,incomeBeforeTax,incomeBeforeTaxRatio,incomeTaxExpense,netIncome,netIncomeRatio,eps,epsdiluted,weightedAverageShsOut,weightedAverageShsOutDil,link,finalLink,revenuePerShare,netIncomePerShare,operatingCashFlowPerShare,freeCashFlowPerShare,cashPerShare,bookValuePerShare,tangibleBookValuePerShare,shareholdersEquityPerShare,interestDebtPerShare,marketCap,enterpriseValue,peRatio,priceToSalesRatio,pocfratio,pfcfRatio,pbRatio,ptbRatio,evToSales,enterpriseValueOverEBITDA,evToOperatingCashFlow,evToFreeCashFlow,earningsYield,freeCashFlowYield,debtToEquity,debtToAssets,netDebtToEBITDA,currentRatio,interestCoverage,incomeQuality,dividendYield,payoutRatio,salesGeneralAndAdministrativeToRevenue,researchAndDdevelopementToRevenue,intangiblesToTotalAssets,capexToOperatingCashFlow,capexToRevenue,capexToDepreciation,stockBasedCompensationToRevenue,grahamNumber,roic,returnOnTangibleAssets,grahamNetNet,workingCapital,tangibleAssetValue,netCurrentAssetValue,investedCapital,averageReceivables,averagePayables,averageInventory,daysSalesOutstanding,daysPayablesOutstanding,daysOfInventoryOnHand,receivablesTurnover,payablesTurnover,inventoryTurnover,roe,capexPerShare,report_date,epsEstimated,time,revenueEstimated,updatedFromDate,fiscalDateEnding,surprise(%),QuarterAvgPrice,QuarterAvgVolume
2025-03-31,NEM,USD,1164727,2025-03-31,2025-03-31 00:00:00,2025,Q1,5010000000.0,2699000000.0,2311000000.0,0.4612774451,43000000,110000000.0,0.0,110000000.0,142000000.0,295000000.0,2994000000.0,41000000.0,79000000.0,686000000.0,3236000000.0,0.6459081836,2016000000.0,0.4023952096,455000000.0,2471000000.0,0.4932135729,647000000.0,1891000000.0,0.3774451098,1.68,1.68,1126000000,1127000000,,,4.449378330373002,1.6793960923623446,1.8037300177619893,1.0701598579040852,4.188277087033748,27.913854351687387,25.55328596802842,27.75133214920071,7.162522202486678,54363280000.0,57651280000.0,7.187107350608144,10.850954091816368,26.766755292959136,45.11475518672199,1.7397363031234,1.7397363031234,11.507241516966069,17.81559950556242,28.385662235352044,47.84338589211618,0.0347845089553095,0.0221656971396869,0.255568356374808,0.1438426484626884,1.0160692212608158,1.979358643568006,25.518987341772156,1.0678233438485805,0.005187324973769,0.1491274457958752,0.0219560878243512,0.0085828343313373,0.0478755020803688,0.4066962087641556,0.1648702594810379,1.3929173693086003,0.004191616766467,32.38245315456175,0.0296429619803416,0.035773065208755,-15.59880106571936,5314000000.0,28773000000.0,-13348000000.0,41540000000.0,971500000.0,807000000.0,2234500000.0,15.934131736526949,25.70952204520193,76.19488699518341,5.648252536640361,3.5006485084306096,1.1811816192560176,0.060515873015873,0.7335701598579041,2025-04-23,0.916,amc,4702490192.0,2025-05-11,2025-03-31,0.3646288209606986,43.9035,10237887.366666667
2024-12-31,NEM,USD,1164727,2025-02-21,2025-02-20 20:20:57,2024,Q4,5724000000.0,3166000000.0,2558000000.0,0.4468902865,48000000,128000000.0,0.0,128000000.0,-43000000.0,219000000.0,3385000000.0,38000000.0,93000000.0,693000000.0,2804000000.0,0.4898672257,2339000000.0,0.4086303284,-285000000.0,2054000000.0,0.358839972,702000000.0,1403000000.0,0.2451083159,0.0157,0.0157,1147000000,1149000000,https://www.sec.gov/Archives/edgar/data/1164727/000116472725000011/0001164727-25-000011-index.htm,https://www.sec.gov/Archives/edgar/data/1164727/000116472725000011/nem-20241231.htm,4.990409764603313,1.223190932868352,2.189189189189189,1.4263295553618134,3.173496076721883,26.25021795989538,23.932868352223192,26.0924149956408,7.903225806451613,42691340000.0,48044340000.0,7.607152530292232,7.458305380852551,17.00172839506173,26.094951100244497,1.4264681903234429,1.4264681903234429,8.393490566037736,17.134215406562053,19.133548387096777,29.36695599022005,0.0328638079760438,0.0383215893434125,0.2997861534349104,0.159221991517152,1.909058487874465,1.6273366034734191,25.150537634408604,1.7670654468684026,0.0066055551313217,0.2009978617248752,0.0223619846261355,0.0083857442348008,0.04717031358143,0.3484667463162086,0.1528651292802236,1.1513157894736843,0.0040181691125087,26.797576800606173,0.0308926086383381,0.0261310089214207,-18.06102877070619,4732000000.0,27451000000.0,-13965000000.0,40937000000.0,1015000000.0,807500000.0,2179500000.0,16.60377358490566,23.96399241945673,62.08464939987366,5.420454545454546,3.755634638196916,1.4496336996336996,0.0468791766907244,0.7628596338273758,2025-02-20,1.11,amc,5149076573.0,2025-05-11,2024-12-31,0.2612612612612611,45.579375,10570334.21875
2024-09-30,NEM,USD,1164727,2024-10-24,2024-10-24 16:13:13,2024,Q3,4600000000.0,3147000000.0,1453000000.0,0.3158695652,47000000,113000000.0,0.0,113000000.0,-8000000.0,168000000.0,3315000000.0,37000000.0,86000000.0,763000000.0,1908000000.0,0.4147826087,1285000000.0,0.2793478261,-226000000.0,1059000000.0,0.2302173913,244000000.0,922000000.0,0.2004347826,0.8,0.8,1147000000,1149000000,https://www.sec.gov/Archives/edgar/data/1164727/000116472724000061/0001164727-24-000061-index.htm,https://www.sec.gov/Archives/edgar/data/1164727/000116472724000061/nem-20240930.htm,4.010462074978204,0.8038360941586749,1.4367916303400174,0.6721883173496077,2.666957279860505,26.06451612903226,23.69224062772449,25.90409764603313,8.007846556233654,61307150000.0,67390150000.0,16.62341377440347,13.327641304347829,37.200940533980585,79.51640726329443,2.063380115778137,2.063380115778137,14.650032608695652,35.319785115303986,40.892081310679615,87.4061608300908,0.0150390288897787,0.0125760209045763,0.3062399030694668,0.1619759679572763,3.188155136268344,1.9627028714107368,14.94186046511628,1.7835497835497836,0.0046650349918402,0.3101952277657266,0.0245652173913043,0.0102173913043478,0.0484379172229639,0.5321601941747572,0.1906521739130434,1.3898573692551506,0.0047826086956521,21.64508247099268,0.0198265449223759,0.0172484753245781,-18.659110723626853,6169000000.0,27175000000.0,-13702000000.0,42587000000.0,964500000.0,727500000.0,2161500000.0,19.056521739130435,22.07816968541468,62.20209723546235,4.722792607802875,4.0764248704663215,1.446896551724138,0.0310312331717824,0.7646033129904097,2024-10-23,0.86,amc,4633560889.0,2025-04-25,2024-09-30,-0.0581395348837208,49.6834375,7607025.546875
2024-06-30,NEM,USD,1164727,2024-07-25,2024-07-25 16:04:17,2024,Q2,4311000000.0,2909000000.0,1402000000.0,0.3252145674,49000000,100000000.0,0.0,100000000.0,-20000000.0,169000000.0,3078000000.0,38000000.0,103000000.0,696000000.0,1835000000.0,0.4256553004,1233000000.0,0.2860125261,-197000000.0,1036000000.0,0.240315472,191000000.0,853000000.0,0.1978659244,0.74,0.74,1153000000,1155000000,https://www.sec.gov/Archives/edgar/data/1164727/000116472724000039/0001164727-24-000039-index.htm,https://www.sec.gov/Archives/edgar/data/1164727/000116472724000039/nem-20240630.htm,3.738941890719861,0.7398091934084996,1.2090199479618386,0.5151777970511708,2.305290546400694,25.64006938421509,23.21856027753686,25.48048568950564,8.090199479618386,48022450000.0,54639450000.0,14.074575029308322,11.13951519369056,34.449390243902435,80.84587542087542,1.634584226828687,1.634584226828687,12.674425887265135,29.77626702997275,39.19616212338594,91.98560606060606,0.0177625256520648,0.0123692148151541,0.3139997957724905,0.1656848306332842,3.60599455040872,2.105722260990928,11.970873786407768,1.6634844868735084,0.0060180186558578,0.3388042203985932,0.0231964741359313,0.0113662723266063,0.0501454793634828,0.5738880918220947,0.1855717930874507,1.1494252873563218,0.0,20.59467638071122,0.0200935165220879,0.0161290322580645,-18.79163052905464,6338000000.0,26771000000.0,-14045000000.0,42785000000.0,868500000.0,690500000.0,2139000000.0,19.937369519832984,21.13097284290134,66.45582674458576,4.51413612565445,4.259150805270864,1.3542830540037245,0.029034344259505,0.6938421509106678,2024-07-24,0.62,amc,4132997086.0,2025-04-25,2024-06-30,0.1612903225806451,40.88920634920635,10438926.031746032
2024-03-31,NEM,USD,1164727,2024-04-29,2024-04-29 08:03:15,2024,Q1,4001000000.0,2911000000.0,1090000000.0,0.272431892,53000000,101000000.0,0.0,101000000.0,-5000000.0,159000000.0,3070000000.0,39000000.0,93000000.0,752000000.0,1273000000.0,0.3181704574,931000000.0,0.232691827,-503000000.0,428000000.0,0.1069732567,260000000.0,170000000.0,0.0424893777,0.14,0.14,1153000000,1153000000,https://www.sec.gov/Archives/edgar/data/1164727/000116472724000031/0001164727-24-000031-index.htm,https://www.sec.gov/Archives/edgar/data/1164727/000116472724000031/nem-20240331.htm,3.470078057241978,0.1474414570685169,0.6730268863833477,-0.0641803989592367,2.051170858629661,25.216825672159583,22.79531656548135,25.056374674761493,8.29228100607112,42003790000.0,49129790000.0,61.770279411764704,10.498322919270182,54.12859536082475,-567.6187837837838,1.453921426098996,1.453921426098996,12.279377655586105,38.59370777690495,63.3115850515464,-663.9160810810811,0.0040472538311423,-0.0017617457853208,0.3277258566978193,0.1711032800216861,5.597800471327573,2.153593578985772,10.010752688172044,4.674698795180723,0.0068565241374647,1.6941176470588235,0.0252436890777305,0.013246688327918,0.0504563115568808,1.095360824742268,0.2124468882779305,1.13031914893617,-0.0024993751562109,9.117172741331832,0.0073158082226226,0.003235445254363,-19.2918473547268,6324000000.0,26283000000.0,-14454000000.0,42680000000.0,1004500000.0,829000000.0,2386000000.0,17.59060234941265,21.58021298522844,65.85365853658537,5.116368286445013,4.170487106017192,1.3666666666666667,0.0058843890619591,0.7372072853425846,2024-04-25,0.3595,bmo,3660842335.0,2025-04-25,2024-03-31,0.52990264255911,34.470163934426225,13394401.55737705
2023-12-31,NEM,USD,1164727,2024-02-29,2024-02-29 07:51:31,2023,Q4,3957000000.0,2984000000.0,973000000.0,0.2458933536,68000000,84000000.0,0.0,84000000.0,1308000000.0,1460000000.0,4444000000.0,40000000.0,81000000.0,681000000.0,-2340000000.0,-0.5913570887,-487000000.0,-0.1230730351,-2615000000.0,-3102000000.0,-0.7839272176,77000000.0,-3158000000.0,-0.798079353,-3.21,-3.21,978000000,979000000,https://www.sec.gov/Archives/edgar/data/1164727/000116472724000016/0001164727-24-000016-index.htm,https://www.sec.gov/Archives/edgar/data/1164727/000116472724000016/nem-20231231.htm,4.04601226993865,-3.229038854805726,0.6298568507157464,-0.310838445807771,3.104294478527607,29.86196319018405,26.793456032719835,29.6799591002045,9.853783231083844,40479420000.0,47022420000.0,-3.2045139328689047,10.229825625473843,65.71334415584415,-133.15598684210525,1.3945437006924588,1.3945437006924588,11.883351023502652,-20.095051282051283,76.3350974025974,-154.67901315789473,-0.0780149517952579,-0.0075099890265226,0.3292107348330864,0.1721615681187619,-2.796153846153846,1.2524174724908304,-6.012345679012346,-0.1955555555555555,0.0113885030961412,-0.1459784673844205,0.0212282031842304,0.0171847359110437,0.0540662270745505,1.4935064935064934,0.2324993682082385,0.4948897256589564,0.0055597675006317,,-0.0096825812878508,-0.0601466526997428,-21.496676891615543,1514000000.0,26204000000.0,-18789000000.0,42078000000.0,652500000.0,805500000.0,2299000000.0,27.90750568612585,28.954423592493296,79.68498659517427,3.2249388753056234,3.1083333333333334,1.129447388342165,-0.1087952595859027,0.9406952965235174,2024-02-22,0.51,bmo,5022860000.0,2025-04-25,2023-12-31,-0.0196078431372549,38.60619047619048,15573009.492063493
2023-09-30,NEM,USD,1164727,2023-10-26,2023-10-26 07:02:46,2023,Q3,2493000000.0,1851000000.0,642000000.0,0.257521059,53000000,70000000.0,0.0,70000000.0,244000000.0,367000000.0,2218000000.0,35000000.0,48000000.0,480000000.0,760000000.0,0.3048535901,275000000.0,0.1103088648,-43000000.0,232000000.0,0.0930605696,73000000.0,158000000.0,0.0633774569,0.2,0.2,795000000,796000000,https://www.sec.gov/Archives/edgar/data/1164727/000116472723000039/0001164727-23-000039-index.htm,https://www.sec.gov/Archives/edgar/data/1164727/000116472723000039/nem-20230930.htm,3.1358490566037736,0.1987421383647798,1.261635220125786,0.5018867924528302,4.042767295597485,24.22641509433962,21.74716981132076,23.99245283018868,7.716981132075472,29375250000.000004,32272250000.000004,46.47982594936709,11.783092659446451,29.28738783649053,73.62218045112783,1.5400676313306072,1.5400676313306072,12.945146409947856,42.46348684210527,32.17572283150549,80.88283208020052,0.0053786776282755,0.0135828631245691,0.3191255111670336,0.159830900115534,3.8118421052631577,2.120726495726496,5.729166666666667,6.153374233128834,0.0108254397834912,2.0126582278481013,0.0280786201363818,0.0212595266746891,0.0517540174351433,0.6021934197407777,0.2422783794624949,1.2583333333333333,0.0064179703168872,10.35794410353598,0.0053285221257055,0.0043751557610832,-18.331446540880503,3147000000.0,17289000000.0,-12869000000.0,29592000000.0,131500000.0,608000000.0,1962500000.0,2.815884476534296,31.65316045380875,95.10534846029172,31.96153846153846,2.8433179723502304,0.946319018404908,0.0082835273146691,0.759748427672956,2023-10-26,0.42,bmo,4101930000.0,2025-04-25,2023-09-30,-0.1428571428571428,40.66031746031746,7415320.952380952
2023-06-30,NEM,USD,1164727,2023-07-20,2023-07-20 07:02:12,2023,Q2,2683000000.0,2029000000.0,654000000.0,0.2437569884,44000000,71000000.0,0.0,71000000.0,132000000.0,247000000.0,2276000000.0,37000000.0,49000000.0,486000000.0,835000000.0,0.3112187849,407000000.0,0.1516958628,-107000000.0,300000000.0,0.1118151323,163000000.0,155000000.0,0.0577711517,0.19,0.19,795000000,795000000,https://www.sec.gov/Archives/edgar/data/1164727/000116472723000034/0001164727-23-000034-index.htm,https://www.sec.gov/Archives/edgar/data/1164727/000116472723000034/nem-20230630.htm,3.3748427672955974,0.1949685534591195,0.8339622641509434,0.0591194968553459,4.072955974842768,24.42138364779874,21.94213836477988,24.18238993710692,7.748427672955975,33914700000.0,37196700000.0,54.70112903225806,12.64058889303019,51.15339366515836,721.5893617021276,1.7640936280884263,1.7640936280884263,13.86384644055162,44.54694610778443,56.10361990950226,791.4191489361702,0.0045702895794449,0.0013858297434445,0.3178673602080624,0.1602548973330186,3.930538922155689,2.277757148161901,8.306122448979592,4.27741935483871,0.0093764650726676,2.0516129032258066,0.0264629146477823,0.0163995527394707,0.051687514751003,0.9291101055806938,0.2295937383525904,1.2674897119341564,0.0085724934774506,10.299666289132738,0.005230282905598,0.0042862673524694,-18.05880503144654,3441000000.0,17444000000.0,-12584000000.0,29696000000.0,266500000.0,606500000.0,1970500000.0,6.205739843458814,25.061606702809264,87.33859043863973,14.502702702702702,3.591150442477876,1.0304723209751143,0.0080624187256176,0.7748427672955975,2023-07-20,0.39,bmo,4256770000.0,2025-04-25,2023-06-30,-0.1538461538461538,45.39016129032258,8307731.951612903
2023-03-31,NEM,USD,1164727,2023-04-27,2023-04-27 07:02:18,2023,Q1,2679000000.0,1943000000.0,736000000.0,0.2747293766,35000000,74000000.0,0.0,74000000.0,114000000.0,223000000.0,2166000000.0,36000000.0,65000000.0,461000000.0,1065000000.0,0.3975363942,513000000.0,0.1914893617,26000000.0,539000000.0,0.2011944756,213000000.0,351000000.0,0.131019037,0.44,0.44,795000000,795000000,https://www.sec.gov/Archives/edgar/data/1164727/000116472723000021/0001164727-23-000021-index.htm,https://www.sec.gov/Archives/edgar/data/1164727/000116472723000021/nem-20230331.htm,3.369811320754717,0.4415094339622641,0.6050314465408805,-0.0566037735849056,4.407547169811321,24.60251572327044,22.123270440251577,24.373584905660376,7.778616352201258,38970900000.0,42432900000.0,27.75705128205128,14.546808510638298,81.02058212058213,-866.02,2.011193683232699,2.011193683232699,15.839081746920492,39.84309859154929,88.21808731808731,-942.9533333333334,0.0090067203990669,-0.0011547077434701,0.3157867574960004,0.1594569239589305,3.250704225352113,2.3833575581395348,7.892307692307693,1.325068870523416,0.0081599347205222,0.905982905982906,0.0276222471071295,0.0130645763344531,0.051362901964872,1.0935550935550935,0.1963419186263531,1.140997830802603,0.0070921985815602,15.560407214944895,0.0086867848860601,0.009642062467379,-17.69056603773585,3807000000.0,17588000000.0,-12256000000.0,29875000000.0,357000000.0,640500000.0,1862500000.0,11.690929451287792,30.015440041173445,91.34328358208955,7.698275862068965,2.998456790123457,0.9852941176470588,0.0181142591732466,0.6616352201257861,2023-04-27,0.33,bmo,3597260000.0,2025-04-25,2023-03-31,0.2121212121212121,48.47370967741935,7878540.096774193
2022-12-31,NEM,USD,1164727,2023-02-23,2023-02-23 07:11:58,2022,Q4,3200000000.0,2351000000.0,849000000.0,0.2653125,60000000,66000000.0,0.0,66000000.0,820000000.0,946000000.0,3297000000.0,35000000.0,53000000.0,1329000000.0,-1000000.0,-0.0003125,-74000000.0,-0.023125,718000000.0,-1383000000.0,-0.4321875,112000000.0,-1495000000.0,-0.4671875,-1.88,-1.88,794000000,795000000,https://www.sec.gov/Archives/edgar/data/1164727/000116472723000011/0001164727-23-000011-index.htm,https://www.sec.gov/Archives/edgar/data/1164727/000116472723000011/nem-20221231.htm,4.030226700251889,-1.8828715365239297,1.2720403022670026,0.4584382871536523,4.731738035264484,24.6007556675063,22.1183879093199,24.37531486146096,7.789672544080605,37476800000.0,40731800000.0,-6.2670234113712375,11.7115,37.10574257425743,102.95824175824175,1.9363852433605453,1.9363852433605453,12.7286875,-40731.8,40.328514851485146,111.90054945054943,-0.0398913461127951,0.0097126755752892,0.31683372946161,0.1593472272750896,-3255.0,2.226589200273411,-1.3962264150943395,-0.6875425459496256,0.0116338641506211,-0.291638795986622,0.020625,0.01875,0.0512187516241359,0.6396039603960396,0.201875,1.1313485113835378,0.005,,-0.0022437105728152,-0.0409465640491906,-17.683879093198993,3589000000.0,17562000000.0,-12434000000.0,29633000000.0,327500000.0,601500000.0,1723500000.0,10.29375,24.23224159931944,67.10761378136962,8.743169398907105,3.7140600315955767,1.341129492298916,-0.0772450139506045,0.8136020151133502,2023-02-23,0.47,bmo,3085435881.0,2025-04-25,2022-12-31,-0.0638297872340424,44.64428571428572,7707589.936507937
2022-09-30,NEM,USD,1164727,2022-11-01,2022-11-01 07:06:30,2022,Q3,2634000000.0,2053000000.0,581000000.0,0.2205770691,80000000,73000000.0,0.0,73000000.0,122000000.0,275000000.0,2328000000.0,27000000.0,55000000.0,561000000.0,846000000.0,0.3211845103,338000000.0,0.1283219438,-10000000.0,296000000.0,0.1123766135,96000000.0,213000000.0,0.0808656036,0.27,0.27,794000000,795000000,https://www.sec.gov/Archives/edgar/data/1164727/000116472722000035/0001164727-22-000035-index.htm,https://www.sec.gov/Archives/edgar/data/1164727/000116472722000035/nem-20220930.htm,3.3173803526448364,0.2682619647355164,0.5957178841309824,-0.070528967254408,4.802267002518891,26.952141057934508,23.462216624685137,26.724181360201516,7.785894206549118,33371820000.0,36440820000.0,39.168802816901405,12.669635535307515,70.55353065539113,-595.9253571428571,1.572732928036194,1.572732928036194,13.83478359908884,43.07425531914894,77.04190274841437,-650.7289285714286,0.0063826306146922,-0.001678062509027,0.2887506480041472,0.156528625807935,3.627659574468085,2.719449225473322,6.1454545454545455,2.102222222222222,0.0130948806508005,2.051643192488263,0.027714502657555,0.0303720577069096,0.0707917124390057,1.1183932346723044,0.20083523158694,1.0413385826771653,0.0064540622627182,12.70056421765617,0.0061869362657702,0.0058561530847904,-16.204345088161208,3996000000.0,18629000000.0,-11423000000.0,30917000000.0,326500000.0,576500000.0,1684000000.0,9.874715261958997,24.987822698490017,74.26205552849488,9.114186851211072,3.601754385964912,1.2119244391971664,0.0100381733352184,0.6662468513853904,2022-11-01,0.36,bmo,2846887637.0,2025-04-25,2022-09-30,-0.2499999999999999,46.71921875,9894603.625
2022-06-30,NEM,USD,1164727,2022-07-25,2022-07-25 07:02:09,2022,Q2,3058000000.0,2329000000.0,729000000.0,0.2383911053,45000000,73000000.0,0.0,73000000.0,17000000.0,167000000.0,2496000000.0,11000000.0,57000000.0,608000000.0,1073000000.0,0.35088293,562000000.0,0.1837802485,-154000000.0,408000000.0,0.1334205363,33000000.0,387000000.0,0.1265533028,0.49,0.49,794000000,795000000,https://www.sec.gov/Archives/edgar/data/1164727/000116472722000024/0001164727-22-000024-index.htm,https://www.sec.gov/Archives/edgar/data/1164727/000116472722000024/nem-20220630.htm,3.851385390428211,0.4874055415617128,1.31360201511335,0.6599496221662469,5.488664987405541,27.202770780856422,23.71284634760705,26.978589420654917,7.846347607052897,47377980000.0,49243980000.0,30.60593023255814,15.493126226291691,45.4247171620326,90.4159923664122,2.211753886373186,2.211753886373186,16.10332897318509,45.893737185461326,47.21378715244487,93.97706106870228,0.0081683516266417,0.0110599903161764,0.2881751552215116,0.155530360292265,1.739049394221808,2.8180334557323543,9.859649122807015,2.6075,0.0092236942140631,1.129198966408269,0.0238718116415958,0.0147155003270111,0.0698160745779793,0.4976030680728667,0.1697187704381949,0.928443649373882,0.0071942446043165,17.200699541320162,0.0138346443915434,0.0104824074324873,-15.897984886649876,4456000000.0,18828000000.0,-11184000000.0,31358000000.0,388500000.0,537000000.0,1715000000.0,10.712884238064095,22.52898239587806,64.68870759982826,8.401098901098901,3.994854202401372,1.391278375149343,0.0180663834554876,0.6536523929471033,2022-07-25,0.63,bmo,3043866686.0,2025-04-25,2022-06-30,-0.2698412698412698,70.75064516129032,6442998.403225807
2022-03-31,NEM,USD,1164727,2022-04-22,2022-04-22 07:03:22,2022,Q1,3023000000.0,1982000000.0,1041000000.0,0.3443599074,44000000,64000000.0,0.0,64000000.0,99000000.0,207000000.0,2189000000.0,5000000.0,62000000.0,608000000.0,1298000000.0,0.4293747933,690000000.0,0.2282500827,175000000.0,628000000.0,0.207740655,214000000.0,448000000.0,0.1481971551,0.56,0.56,793000000,794000000,https://www.sec.gov/Archives/edgar/data/1164727/000116472722000017/0001164727-22-000017-index.htm,https://www.sec.gov/Archives/edgar/data/1164727/000116472722000017/nem-20220331.htm,3.812105926860025,0.5649432534678437,0.8751576292559899,0.3240857503152585,5.477931904161412,27.277427490542244,23.78310214375788,27.04791929382093,7.909205548549811,63003850000.0,64941850000.0,35.1583984375,20.841498511412503,90.7836455331412,245.1511673151751,2.937379365005362,2.937379365005362,21.48258352629838,50.03224191063174,93.57615273775215,252.6920233463035,0.0071106765697651,0.0040791158000661,0.2895239871322672,0.1555884047803973,1.4930662557781202,2.920562681009516,11.129032258064516,1.532008830022075,0.0069202120187893,0.9732142857142856,0.0211710221634138,0.014555077737347,0.0694260015533786,0.6296829971181557,0.14455838570956,0.7989031078610603,0.0059543499834601,18.542171914886463,0.0120976758368342,0.0120618168111571,-16.078499369482977,4642000000.0,18860000000.0,-11223000000.0,31483000000.0,375000000.0,504500000.0,1771500000.0,12.295732715845189,22.29566094853683,79.73763874873865,7.319612590799031,4.036659877800408,1.1287015945330297,0.0208867546272553,0.5510718789407314,2022-04-22,0.71,bmo,3076106056.0,2025-04-25,2022-03-31,-0.028169014084507,67.63225806451612,8513025.677419355
2021-12-31,NEM,USD,1164727,2022-02-24,2022-02-24 07:05:54,2021,Q4,3390000000.0,2179000000.0,1211000000.0,0.3572271386,46000000,69000000.0,0.0,69000000.0,-15000000.0,1803000000.0,3982000000.0,6000000.0,66000000.0,2265000000.0,667000000.0,0.1967551622,320000000.0,0.0943952802,138000000.0,-507000000.0,-0.1495575221,300000000.0,-46000000.0,-0.0135693215,-0.0579,-0.0577,795000000,797000000,https://www.sec.gov/Archives/edgar/data/1164727/000116472722000007/0001164727-22-000007-index.htm,https://www.sec.gov/Archives/edgar/data/1164727/000116472722000007/nem-20211231.htm,4.264150943396227,-0.0578616352201257,1.6339622641509437,1.079245283018868,6.382389937106918,27.49811320754717,24.0125786163522,27.70062893081761,8.010062893081761,49305900000.0,50615900000.0,-267.96684782608696,14.544513274336284,37.95681293302541,57.46608391608392,2.23893833439288,2.23893833439288,14.93094395280236,75.88590704647676,38.96528098537336,58.99289044289044,-0.0009329512289604,0.0174015685749575,0.286168377077468,0.1553594320086776,1.9640179910044977,2.8997739261492086,4.848484848484849,-1.700261780104712,0.0088427551266684,-9.478260869565217,0.0203539823008849,0.0135693215339233,0.0683118035696676,0.3394919168591224,0.1300884955752212,0.6901408450704225,0.0050147492625368,,0.013367690534237,-0.0012171566163046,-15.701572327044024,5042000000.0,19090000000.0,-11007000000.0,31937000000.0,335500000.0,508000000.0,1863000000.0,8.946902654867257,21.395135383203304,73.80908673703533,10.059347181008905,4.206563706563706,1.2193620593172916,-0.0020888202706384,0.5547169811320755,2022-02-24,0.76,bmo,3346506084.0,2025-04-25,2021-12-31,0.0263157894736842,56.6721875,6486192.15625
2021-09-30,NEM,USD,1164727,2021-10-28,2021-10-28 07:07:00,2021,Q3,2895000000.0,1937000000.0,958000000.0,0.3309153713,40000000,61000000.0,0.0,61000000.0,-7000000.0,284000000.0,2221000000.0,6000000.0,66000000.0,687000000.0,685000000.0,0.2366148532,674000000.0,0.2328151986,183000000.0,-71000000.0,-0.0245250432,222000000.0,3000000.0,0.0010362694,0.0038,0.0038,799000000,800000000,https://www.sec.gov/Archives/edgar/data/1164727/000116472721000235/0001164727-21-000235-index.htm,https://www.sec.gov/Archives/edgar/data/1164727/000116472721000235/nem-20210930.htm,3.623279098873592,0.0037546933667083,1.4317897371714643,0.9336670838548186,5.998748435544431,29.143929912390487,25.67584480600751,28.42553191489361,7.894868585732165,43385700000.0,44991700000.0,3615.475,14.98642487046632,37.92456293706294,58.15777479892761,1.910254491017964,1.910254491017964,15.541174438687392,65.68131386861315,39.32840909090909,60.31058981233244,6.914720749002552e-05,0.017194605595853,0.2748326875660444,0.1565784522764329,2.3445255474452558,2.669524830296534,10.212121212121213,-4.503937007874016,0.0101415904318704,146.66666666666666,0.0210708117443868,0.0138169257340241,0.0695095948827292,0.3479020979020979,0.1374784110535405,0.6982456140350877,0.0058721934369602,1.5496470607319568,0.0738134021473995,8.087561330673424e-05,-13.224030037546934,4673000000.0,20515000000.0,-9107000000.0,31155000000.0,337500000.0,500500000.0,1918000000.0,10.38341968911917,23.13887454827052,90.09292720702116,8.667664670658683,3.889558232931727,0.998968540484786,0.0001320887636491,0.4981226533166458,2021-10-28,0.71,bmo,3441670000.0,2025-04-25,2021-09-30,-0.1549295774647887,58.96953125,5453898.25
2021-06-30,NEM,USD,1164727,2021-07-22,2021-07-22 07:06:00,2021,Q2,3065000000.0,1842000000.0,1223000000.0,0.3990212072,37000000,64000000.0,0.0,64000000.0,7000000.0,212000000.0,2054000000.0,3000000.0,68000000.0,618000000.0,1631000000.0,0.532137031,1011000000.0,0.3298531811,-68000000.0,943000000.0,0.3076672104,341000000.0,650000000.0,0.2120717781,0.81,0.81,801000000,803000000,https://www.sec.gov/Archives/edgar/data/1164727/000116472721000194/0001164727-21-000194-index.htm,https://www.sec.gov/Archives/edgar/data/1164727/000116472721000194/nem-20210630.htm,3.8264669163545566,0.8114856429463171,1.2421972534332084,0.7240948813982522,5.998751560549313,30.079900124843945,26.62047440699126,29.012484394506867,7.901373283395755,50767380000.0,52445380000.0,19.525915384615384,16.5635823817292,51.02249246231156,87.52996551724138,2.18457678901846,2.18457678901846,17.11105383360522,32.155352544451254,52.70892462311558,90.42306896551725,0.0128034970486954,0.0114246589049897,0.2694177890614914,0.1539199055977579,1.0288166768853464,2.6713311804808035,14.867647058823527,1.5284178187403994,0.0086669826175784,0.676923076923077,0.0208809135399673,0.0120717781402936,0.0681220345649875,0.4170854271356783,0.1353996737357259,0.7397504456327986,0.0068515497553017,23.01569741345662,0.0167599883758288,0.0171476811058935,-13.200686641697878,4658000000.0,21323000000.0,-9138000000.0,31929000000.0,302000000.0,474500000.0,1879000000.0,10.01305057096248,24.57654723127036,92.68729641693812,8.988269794721408,3.662027833001988,0.971006852925672,0.0279702224708464,0.5181023720349563,2021-07-22,0.78,bmo,3423750000.0,2025-04-25,2021-06-30,0.064102564102564,67.0084126984127,6823865.777777778
2021-03-31,NEM,USD,1164727,2021-04-29,2021-04-29 07:04:07,2021,Q1,2872000000.0,1800000000.0,1072000000.0,0.3732590529,31000000,65000000.0,0.0,65000000.0,-6000000.0,177000000.0,1977000000.0,3000000.0,74000000.0,599000000.0,1418000000.0,0.4937325905,895000000.0,0.3116295265,-152000000.0,743000000.0,0.2587047354,235000000.0,559000000.0,0.194637883,0.7,0.7,801000000,802000000,https://www.sec.gov/Archives/edgar/data/1164727/000116472721000114/0001164727-21-000114-index.htm,https://www.sec.gov/Archives/edgar/data/1164727/000116472721000114/nem-20210331.htm,3.585518102372035,0.6978776529338327,1.0499375780274656,0.5518102372034956,7.188514357053683,29.952559300873908,26.493133583021223,28.872659176029963,8.593008739076154,48276270000.0,49567270000.0,21.590460644007155,16.809286211699163,57.40341260404281,109.22233031674207,2.087441950966403,2.087441950966403,17.258798746518107,34.95576163610719,58.93848989298454,112.14314479638008,0.0115791878701482,0.0091556369205823,0.2944177800838846,0.1658183766407715,0.9104372355430184,2.4034482758620688,12.094594594594597,1.507168458781362,0.0091349228099022,0.7889087656529516,0.0226323119777158,0.0107938718662952,0.0674816745001583,0.4744351961950059,0.1389275766016713,0.7215189873417721,0.0059192200557103,21.29238435318697,0.0157911958369814,0.0145983495247049,-12.715667915106115,4884000000.0,21221000000.0,-8707000000.0,31736000000.0,356000000.0,469500000.0,1825500000.0,8.241643454038996,22.3,93.05,10.920152091254751,4.035874439461884,0.9672219236969372,0.0241708825182686,0.49812734082397,2021-04-29,0.77,bmo,2983896103.0,2025-04-25,2021-03-31,-0.0389610389610389,59.82704918032787,7341526.590163934
2020-12-31,NEM,USD,1164727,2021-02-18,2021-02-18 07:06:48,2020,Q4,3381000000.0,1970000000.0,1411000000.0,0.4173321503,30000000,64000000.0,0.0,64000000.0,-48000000.0,420000000.0,2390000000.0,3000000.0,73000000.0,615000000.0,1622000000.0,0.479739722,991000000.0,0.2931085478,-57000000.0,934000000.0,0.2762496303,258000000.0,824000000.0,0.2437148773,1.03,1.02,802000000,804000000,https://www.sec.gov/Archives/edgar/data/1164727/000116472721000027/0001164727-21-000027-index.htm,https://www.sec.gov/Archives/edgar/data/1164727/000116472721000027/nem-20201231.htm,4.21571072319202,1.027431421446384,2.1022443890274314,1.6059850374064837,7.26932668329177,29.77431421446384,26.31920199501247,28.68827930174563,8.447630922693266,48031780000.0,49193780000.0,14.572748786407768,14.206382727003843,28.48860023724793,37.291754658385095,2.087612134909597,2.087612134909597,14.550068027210884,30.32908754623921,29.17780545670225,38.19392857142857,0.0171553084228816,0.026815579185281,0.2912899860917942,0.1620053663371123,0.7163995067817509,2.524487978628674,13.575342465753424,2.206806282722513,0.0066622556982064,0.3883495145631068,0.0189293108547766,0.0088731144631765,0.0669825231453503,0.2360616844602609,0.1177166518781425,0.6471544715447154,0.0050280981958,25.75253173168565,0.0184954826711488,0.0213482563863412,-13.00280548628429,5136000000.0,21108000000.0,-8985000000.0,32188000000.0,386500000.0,455500000.0,1789000000.0,11.952085181898846,22.52284263959391,81.7766497461929,7.5300668151447665,3.995943204868154,1.100558659217877,0.0358136300417246,0.4962593516209476,2021-02-18,0.95,bmo,2989515789.0,2025-04-25,2020-12-31,0.1157894736842106,61.62203125,5819848.9375
2020-09-30,NEM,USD,1164727,2020-10-29,2020-10-29 07:42:30,2020,Q3,3170000000.0,1861000000.0,1309000000.0,0.4129337539,39000000,68000000.0,0.0,68000000.0,-1000000.0,219000000.0,2080000000.0,4000000.0,75000000.0,592000000.0,1547000000.0,0.4880126183,1090000000.0,0.3438485804,-210000000.0,880000000.0,0.2776025237,305000000.0,839000000.0,0.2646687697,1.04,1.04,803000000,806000000,https://www.sec.gov/Archives/edgar/data/1164727/000116472720000228/0001164727-20-000228-index.htm,https://www.sec.gov/Archives/edgar/data/1164727/000116472720000228/nem-20200930.htm,3.947696139476961,1.0448318804483188,1.987546699875467,1.6189290161892902,6.402241594022416,29.414694894146947,25.963885429638857,28.220423412204237,8.545454545454545,50950350000.0,52909350000.0,15.18186829558999,16.072665615141958,31.923778195488723,39.19257692307692,2.248371651736464,2.248371651736464,16.69064668769716,34.20126050420168,33.15122180451128,40.6995,0.0164670115121878,0.0255150357161432,0.2995013459247165,0.1673694853394491,1.2663219133807369,2.833888272290048,14.533333333333331,2.5414012738853504,0.0039450170607267,0.2395709177592372,0.0214511041009463,0.0123028391167192,0.0683337032378979,0.1854636591478696,0.0933753943217665,0.5,0.0053627760252365,25.75705643835248,0.0184914297718067,0.0222075172048703,-13.266500622665006,4957000000.0,20849000000.0,-9271000000.0,32061000000.0,289500000.0,445500000.0,1792500000.0,9.198738170347005,20.214938205265987,86.46963997850618,9.783950617283953,4.452153110047847,1.04082774049217,0.0370239618728211,0.3686176836861768,2020-10-29,0.85,bmo,3097126436.0,2025-04-25,2020-09-30,0.0235294117647059,65.18859375,6861754.359375
2020-06-30,NEM,USD,1164727,2020-07-30,2020-07-30 06:37:38,2020,Q2,2365000000.0,1586000000.0,779000000.0,0.3293868922,26000000,72000000.0,0.0,72000000.0,12000000.0,289000000.0,1875000000.0,6000000.0,78000000.0,528000000.0,1036000000.0,0.4380549683,418000000.0,0.176744186,-77000000.0,550000000.0,0.2325581395,164000000.0,344000000.0,0.1454545455,0.43,0.43,803000000,805000000,https://www.sec.gov/Archives/edgar/data/1164727/000116472720000178/0001164727-20-000178-index.htm,https://www.sec.gov/Archives/edgar/data/1164727/000116472720000178/nem-20200630.htm,2.9452054794520546,0.4283935242839352,0.8268991282689913,0.4782067247820672,5.12826899128269,28.60647571606476,25.155666251556664,27.402241594022417,8.569115815691157,49577220000.0,52572220000.0,36.02995639534884,20.962883720930236,74.66448795180723,129.10734375,2.253100345391747,2.253100345391747,22.22926849894292,50.7453861003861,79.17503012048192,136.90682291666667,0.0069386706233225,0.0077454927888251,0.3091710598073077,0.1705653754544314,2.890926640926641,2.810765349032801,5.358974358974359,1.6,0.0040542813816506,0.5843023255813954,0.0304439746300211,0.0109936575052854,0.0694747398771468,0.4216867469879518,0.1183932346723044,0.5303030303030303,0.0071881606765327,16.251960316196314,0.007684409052808,0.0092687395591959,-14.578144458281445,4306000000.0,20200000000.0,-10230000000.0,31753000000.0,237500000.0,491000000.0,1384000000.0,9.70401691331924,26.841109709962165,101.97351828499367,9.27450980392157,3.3530655391120505,0.8825820812465219,0.0156335211779676,0.348692403486924,2020-07-30,0.31,bmo,2291093750.0,2025-04-25,2020-06-30,0.032258064516129,59.19333333333333,9482325.825396825
2020-03-31,NEM,USD,1164727,2020-05-05,2020-05-05 06:40:09,2020,Q1,2581000000.0,1897000000.0,684000000.0,0.2650135606,27000000,65000000.0,0.0,65000000.0,-14000000.0,194000000.0,2091000000.0,11000000.0,82000000.0,565000000.0,1426000000.0,0.5524990314,490000000.0,0.1898488958,-60000000.0,779000000.0,0.3018209996,-23000000.0,822000000.0,0.3184812088,1.02,1.02,807000000,809000000,https://www.sec.gov/Archives/edgar/data/1164727/000116472720000132/0001164727-20-000132-index.htm,https://www.sec.gov/Archives/edgar/data/1164727/000116472720000132/nem-20200331.htm,3.198265179677819,1.0185873605947957,1.1598513011152416,0.7534076827757125,4.8128872366790585,28.22800495662949,24.804213135068157,27.02106567534077,8.617100371747211,36540960000.0,39703960000.0,11.113430656934309,14.157675319643548,39.03948717948718,60.10026315789474,1.6757296157021004,1.6757296157021004,15.383169314219296,27.84288920056101,42.41876068376068,65.30256578947369,0.0224953039000617,0.0166388622521137,0.3151426212968907,0.1731025970427466,2.218092566619916,3.3068647540983607,5.975609756097561,1.1156138259833135,0.0030650535727578,0.1362530413625304,0.0251840371948857,0.0104610616040294,0.0695987304466107,0.3504273504273504,0.127082526152654,0.5805309734513274,0.0081363812475784,24.885228736156705,0.0132943463270249,0.022254710851202,-15.34634448574969,4503000000.0,20017000000.0,-10464000000.0,32218000000.0,296500000.0,524000000.0,1398500000.0,7.671445176288261,24.14865577227201,46.06747496046389,11.731818181818182,3.726915520628684,1.953656024716787,0.0376960469595524,0.4064436183395291,2020-05-05,0.43,bmo,2710049999.0,2025-04-25,2020-03-31,-0.069767441860465,45.12112903225807,9463088.548387095
2019-12-31,NEM,USD,1164727,2020-02-20,2020-02-20 07:08:38,2019,Q4,2967000000.0,2072000000.0,895000000.0,0.3016514998,48000000,89000000.0,0.0,89000000.0,105000000.0,319000000.0,2391000000.0,13000000.0,84000000.0,613000000.0,1317000000.0,0.4438827098,576000000.0,0.1941354904,44000000.0,620000000.0,0.2089652848,129000000.0,565000000.0,0.1904280418,0.69,0.69,818000000,818000000,https://www.sec.gov/Archives/edgar/data/1164727/000155837020001041/0001558370-20-001041-index.htm,https://www.sec.gov/Archives/edgar/data/1164727/000155837020001041/nem-20191231x10k047aaa.htm,3.6271393643031775,0.6907090464547677,1.4731051344743276,0.9474327628361858,3.031784841075795,27.40464547677261,24.135696821515893,26.18581907090465,8.45721271393643,35542100000.0,40133100000.0,15.726592920353983,11.979137175598249,29.49551867219917,45.86077419354839,1.659295051353875,1.659295051353875,13.52649140546006,30.473120728929384,33.30547717842324,51.78464516129032,0.0158966408850349,0.0218051268777027,0.319047619047619,0.1709611247310752,3.4859529233105544,2.629769392033543,6.857142857142857,2.14795008912656,0.0032074638245911,0.2017699115044247,0.0299966295921806,0.0161779575328614,0.0668934807624956,0.3568464730290456,0.144927536231884,0.7014681892332789,0.0070778564206268,20.173066145848686,0.0120941442508597,0.0151474530831099,-16.973410757946212,3887000000.0,19743000000.0,-11285000000.0,31837000000.0,566500000.0,535500000.0,1844000000.0,11.314459049544997,23.41216216216216,79.31467181467181,7.954423592493297,3.844155844155844,1.1347207009857612,0.0263772175536881,0.5256723716381418,2020-02-20,0.48,bmo,2848320000.0,2025-04-25,2019-12-31,0.0416666666666667,39.08484375,6118550.328125
2019-09-30,NEM,USD,1164727,2019-11-05,2019-11-05 08:08:09,2019,Q3,2713000000.0,1940000000.0,773000000.0,0.2849244379,43000000,84000000.0,0.0,84000000.0,-3000000.0,277000000.0,2217000000.0,10000000.0,77000000.0,548000000.0,3403000000.0,1.2543309989,496000000.0,0.1828234427,2282000000.0,2778000000.0,1.0239587173,558000000.0,2178000000.0,0.8028013269,2.66,2.65,820000000,822000000,https://www.sec.gov/Archives/edgar/data/1164727/000155837019009890/0001558370-19-009890-index.htm,https://www.sec.gov/Archives/edgar/data/1164727/000155837019009890/nem-20190930x10q294e94.htm,3.3085365853658537,2.65609756097561,0.9646341463414634,0.4426829268292683,3.4987804878048783,27.41951219512195,23.590243902439024,26.134146341463413,9.319512195121952,31094400000.0,35947400000.0,3.569146005509642,11.461260597124951,39.3102402022756,85.6595041322314,1.4509752683154458,1.4509752683154458,13.250055289347586,10.563444019982368,45.44551201011378,99.02865013774104,0.0700447669033652,0.0116741278172275,0.3530097993467102,0.1855849667590707,1.426094622392007,2.1823056300268098,6.441558441558442,0.3512433392539964,0.003505454358341,0.0500459136822773,0.0309620346479911,0.0158496129745669,0.0770306405318548,0.5410872313527181,0.1577589384445263,0.781021897810219,0.0081091043125691,39.5200449519502,0.0101860943715667,0.0578901204050713,-16.96219512195122,3087000000.0,19344000000.0,-12581000000.0,32521000000.0,705000000.0,496000000.0,1890500000.0,25.21194249907851,24.68041237113402,86.38144329896907,3.569736842105263,3.6466165413533833,1.0418904403866809,0.1016332244517032,0.5219512195121951,2019-11-05,0.4,bmo,2939083333.0,2025-04-25,2019-09-30,-0.1,38.849375,7651530.796875
2019-06-30,NEM,USD,1164727,2019-07-25,2019-07-25 07:04:26,2019,Q2,2257000000.0,1853000000.0,404000000.0,0.1789986708,32000000,81000000.0,0.0,81000000.0,-47000000.0,255000000.0,2108000000.0,13000000.0,82000000.0,487000000.0,589000000.0,0.2609658839,149000000.0,0.0660168365,-6000000.0,20000000.0,0.0088613203,20000000.0,-25000000.0,-0.0110766504,-0.0326,-0.0326,766000000,768000000,https://www.sec.gov/Archives/edgar/data/1164727/000155837019006289/0001558370-19-006289-index.htm,https://www.sec.gov/Archives/edgar/data/1164727/000155837019006289/nem-20190630x10q.htm,2.946475195822454,-0.0326370757180156,0.3903394255874673,-0.1057441253263707,2.41644908616188,26.596605744125327,23.781984334203656,25.266318537859007,8.947780678851174,29039060000.0,33984060000.0,-290.39059999999995,12.866220646876382,97.12060200668896,-358.5069135802469,1.5004164513795597,1.5004164513795597,15.057182100132918,57.6978947368421,113.65906354515047,-419.5562962962962,-0.0008609094096021,-0.0027893464871108,0.3499018290792601,0.1830913564225268,8.395585738539898,1.8274231678487,1.8170731707317072,-11.96,0.0203174620666095,-23.6,0.0358883473637572,0.0141781125387682,0.0582907508043366,1.2709030100334449,0.1683650863978733,0.7802874743326489,0.0155073105892778,,0.0,-0.0007177514283253,-17.383812010443865,2100000000.0,18217000000.0,-11976000000.0,27633000000.0,469500000.0,373500000.0,1646000000.0,25.91936198493576,22.342147868321643,93.20561252023744,3.4723076923076923,4.028260869565218,0.965607087024492,-0.0012917226413144,0.4960835509138381,2019-07-25,0.23,bmo,4325916666.0,2025-04-25,2019-06-30,-0.4782608695652174,33.79571428571429,11277209.317460315
2019-03-31,NEM,USD,1164727,2019-04-25,2019-04-25 07:03:25,2019,Q1,1803000000.0,1290000000.0,513000000.0,0.2845257903,27000000,59000000.0,0.0,59000000.0,-23000000.0,157000000.0,1447000000.0,21000000.0,58000000.0,312000000.0,645000000.0,0.3577371048,356000000.0,0.1974486966,-81000000.0,275000000.0,0.1525235718,125000000.0,87000000.0,0.0482529118,0.16,0.16,534000000,534000000,https://www.sec.gov/Archives/edgar/data/1164727/000155837019003261/0001558370-19-003261-index.htm,https://www.sec.gov/Archives/edgar/data/1164727/000155837019003261/nem-20190331x10q.htm,3.3764044943820224,0.1629213483146067,1.069288389513109,0.6479400749063671,6.743445692883896,21.57116104868913,21.57116104868913,19.66104868913858,8.297752808988765,19015740000.0,19843740000.0,54.64293103448276,10.546722129783694,33.302521891418564,54.95878612716763,1.8111953519382795,1.8111953519382795,11.005956738768718,30.765488372093024,34.75260945709282,57.351849710982655,0.0045751572118676,0.0181954528196115,0.416515858653205,0.2094348659003831,1.283720930232558,2.9735537190082644,6.137931034482759,4.798319327731092,0.0039966890586429,0.8735632183908046,0.0327232390460343,0.0149750415973377,0.0,0.3940455341506129,0.124792013311148,0.7211538461538461,0.0105379922351636,8.489528999806511,0.0098245291263252,0.0041666666666666,-9.09503745318352,3582000000.0,11519000000.0,-3964000000.0,15846000000.0,317500000.0,295000000.0,1350000000.0,14.42595673876872,20.023255813953487,95.7906976744186,6.238754325259516,4.494773519163763,0.9395484340859432,0.0082865034765215,0.4213483146067415,2019-04-25,0.26,bmo,1475181818.0,2025-04-25,2019-03-31,0.2692307692307693,33.878196721311475,11270816.426229509
2018-12-31,NEM,USD,1164727,2019-02-21,2019-02-21 07:08:32,2018,Q4,2048000000.0,1440000000.0,608000000.0,0.296875,46000000,63000000.0,0.0,63000000.0,-42000000.0,231000000.0,1671000000.0,17000000.0,54000000.0,336000000.0,668000000.0,0.326171875,377000000.0,0.1840820313,-99000000.0,278000000.0,0.1357421875,260000000.0,2000000.0,0.0009765625,0.0038,0.0037,533000000,535000000,https://www.sec.gov/Archives/edgar/data/1164727/000155837019000806/0001558370-19-000806-index.htm,https://www.sec.gov/Archives/edgar/data/1164727/000155837019000806/nem-20181231x10k.htm,3.8424015009380863,0.0037523452157598,1.3883677298311443,0.8836772983114447,6.463414634146342,21.598499061913696,21.48968105065666,19.703564727954973,8.095684803001877,18468450000.0,19332450000.0,2308.55625,9.0177978515625,24.957364864864864,39.21114649681529,1.7585650352313844,1.7585650352313844,9.4396728515625,28.94079341317365,26.12493243243243,41.04554140127389,0.0001082927912196,0.0255029523322206,0.4057322414778137,0.2056963552980931,1.2934131736526946,2.952993844432009,6.981481481481482,49.333333333333336,0.0040609796707357,37.5,0.03076171875,0.0224609375,0.0027999034516051,0.3635135135135135,0.13134765625,0.8005952380952381,0.00927734375,1.289778267342111,0.0012732146850848,9.681948007939198e-05,-9.071294559099435,3490000000.0,11454000000.0,-3926000000.0,15806000000.0,309000000.0,298000000.0,1354000000.0,15.205078125,18.9375,82.9375,5.91907514450867,4.752475247524752,1.0851544837980407,0.0001904399162064,0.5046904315196998,2019-02-21,0.23,bmo,1280000000.0,2025-04-25,2018-12-31,0.7391304347826088,32.41555555555556,6263057.888888889
2018-09-30,NEM,USD,1164727,2018-10-25,2018-10-25 07:05:25,2018,Q3,1726000000.0,1294000000.0,432000000.0,0.2502896871,37000000,59000000.0,0.0,59000000.0,2000000.0,175000000.0,1469000000.0,15000000.0,51000000.0,299000000.0,251000000.0,0.1454229432,257000000.0,0.1488991889,-385000000.0,-128000000.0,-0.0741599073,3000000.0,-145000000.0,-0.08400927,-0.27,-0.27,533000000,535000000,https://www.sec.gov/Archives/edgar/data/1164727/000155837018007843/0001558370-18-007843-index.htm,https://www.sec.gov/Archives/edgar/data/1164727/000155837018007843/nem-20180930x10q.htm,3.2382739212007503,-0.2720450281425891,0.797373358348968,0.2833020637898686,5.864915572232645,21.806754221388367,21.806754221388367,19.881801125703564,7.956848030018762,16176550000.0,17298550000.0,-27.89060344827586,9.372276940903824,38.0624705882353,107.12947019867548,1.5265216570727564,1.5265216570727564,10.0223348783314,68.91852589641434,40.70247058823529,114.55993377483443,-0.0089635923605465,0.0093344996306381,0.395394923091441,0.2038036869497543,4.47011952191235,4.695528068506184,5.03921568627451,-3.0357142857142856,0.0046981587544933,-0.5241379310344828,0.0341830822711471,0.0214368482039397,0.0,0.6447058823529411,0.1587485515643105,0.9163879598662208,0.0110081112398609,,0.0134559491226275,-0.0070528722214115,-9.222326454033771,3884000000.0,11623000000.0,-4001000000.0,16093000000.0,253000000.0,326500000.0,1394500000.0,14.183082271147162,20.37867078825348,96.05100463678517,6.345588235294118,4.416382252559727,0.9370021723388848,-0.0136831178635462,0.5140712945590994,2018-10-25,0.22,bmo,1495147500.0,2025-04-25,2018-09-30,0.5000000000000001,33.84111111111111,5327496.333333333
2018-06-30,NEM,USD,1164727,2018-07-26,2018-07-26 07:01:17,2018,Q2,1662000000.0,1244000000.0,418000000.0,0.2515042118,36000000,63000000.0,0.0,63000000.0,3000000.0,190000000.0,1434000000.0,13000000.0,49000000.0,279000000.0,523000000.0,0.3146811071,228000000.0,0.1371841155,-23000000.0,305000000.0,0.1835138387,18000000.0,292000000.0,0.1756919374,0.55,0.54,533000000,535000000,https://www.sec.gov/Archives/edgar/data/1164727/000155837018005735/0001558370-18-005735-index.htm,https://www.sec.gov/Archives/edgar/data/1164727/000155837018005735/nem-20180630x10q.htm,3.1181988742964357,0.5478424015009381,0.7485928705440901,0.2645403377110694,5.971857410881801,22.20075046904315,22.20075046904315,20.287054409005627,7.823639774859287,20099430000.0,21093430000.0,17.20841609589041,12.093519855595668,50.37451127819549,142.5491489361702,1.8588208637750856,1.8588208637750856,12.691594464500602,40.33160611854685,52.86573934837093,149.59879432624115,0.0145277751657634,0.0070151243094953,0.3811153241468603,0.199515855725006,1.9005736137667304,4.599074074074074,4.653061224489796,1.425,0.0036816964461181,0.2534246575342466,0.0379061371841155,0.0216606498194945,0.0,0.6466165413533834,0.1552346570397112,0.9247311827956988,0.0114320096269554,15.813520912599488,0.0109528416528018,0.0141370128298232,-8.929643527204503,3887000000.0,11833000000.0,-3855000000.0,16238000000.0,282000000.0,345500000.0,1352500000.0,12.671480144404333,26.04501607717042,101.86495176848877,7.102564102564102,3.455555555555556,0.8835227272727273,0.0270045315823545,0.4840525328330206,2018-07-26,0.24,bmo,1534153846.0,2025-04-25,2018-06-30,0.0833333333333334,39.3346875,4374102.984375
2018-03-31,NEM,USD,1164727,2018-04-26,2018-04-26 07:00:35,2018,Q1,1817000000.0,1330000000.0,487000000.0,0.2680242157,34000000,59000000.0,0.0,59000000.0,10000000.0,161000000.0,1491000000.0,11000000.0,53000000.0,301000000.0,637000000.0,0.3505778756,326000000.0,0.1794166208,-43000000.0,283000000.0,0.1557512383,105000000.0,192000000.0,0.1056686846,0.36,0.36,534000000,535000000,https://www.sec.gov/Archives/edgar/data/1164727/000155837018003287/0001558370-18-003287-index.htm,https://www.sec.gov/Archives/edgar/data/1164727/000155837018003287/nem-20180331x10q.htm,3.402621722846442,0.3595505617977528,0.4925093632958801,0.0599250936329588,5.936329588014981,21.638576779026216,21.638576779026216,19.80337078651685,7.7677902621722845,20863380000.0,21847380000.0,27.165859375,11.48232250963126,79.32844106463878,651.980625,1.9728964539007088,1.9728964539007088,12.023874518436983,34.29729984301413,83.06988593155893,682.730625,0.0092027274583504,0.001533787909725,0.3872340425531915,0.1999218864424156,1.5447409733124018,4.181202370872143,6.150943396226415,1.3769633507853405,0.003642746285597,0.3958333333333333,0.0324711062190423,0.0187121629058888,0.0,0.8783269961977186,0.1271326362135388,0.7674418604651163,0.0104567969179966,12.657292149787812,0.0106191898283577,0.0093736269101205,-9.104868913857675,3757000000.0,11555000000.0,-3990000000.0,16068000000.0,283500000.0,353000000.0,1326000000.0,16.345624656026416,22.398496240601503,87.76691729323308,5.506060606060606,4.018126888217522,1.0254433307633,0.0181560283687943,0.4325842696629213,2018-04-26,0.33,bmo,1713171428.0,2025-04-25,2018-03-31,0.0606060606060604,38.60377049180328,5568333.409836066
2017-12-31,NEM,USD,1164727,2018-02-22,2018-02-22 07:37:20,2017,Q4,1935000000.0,1374000000.0,561000000.0,0.2899224806,44000000,66000000.0,0.0,66000000.0,10000000.0,228000000.0,1602000000.0,9000000.0,54000000.0,321000000.0,662000000.0,0.342118863,333000000.0,0.1720930233,-46000000.0,287000000.0,0.1483204134,776000000.0,-527000000.0,-0.2723514212,-0.99,-0.99,533000000,534000000,https://www.sec.gov/Archives/edgar/data/1164727/000155837018000894/0001558370-18-000894-index.htm,https://www.sec.gov/Archives/edgar/data/1164727/000155837018000894/nem-20171231x10k.htm,3.630393996247655,-0.9887429643527204,1.4090056285178236,0.8292682926829268,6.230769230769231,21.81988742964353,21.81988742964353,19.904315196998123,7.727954971857411,19998160000.0,20804160000.0,-9.486793168880457,10.334966408268734,26.62870838881492,45.24470588235294,1.8850183806202283,1.8850183806202283,10.751503875968991,31.42622356495468,27.701944074567244,47.06823529411765,-0.0263524244230469,0.0221020333870716,0.3831652370628711,0.1976851626708165,1.217522658610272,3.631541218637993,6.166666666666667,-1.499001996007984,0.0020001840169295,-0.0759013282732447,0.0341085271317829,0.0227390180878552,0.0,0.4114513981358189,0.1596899224806201,0.9626168224299064,0.0087855297157622,,-0.0295940072303468,-0.0256285561445314,-8.924484052532833,3671000000.0,11630000000.0,-3867000000.0,15938000000.0,242000000.0,345000000.0,1380500000.0,11.023255813953488,24.563318777292576,88.75545851528385,8.164556962025317,3.664,1.0140221402214022,-0.0496748044113488,0.5797373358348968,2018-02-22,0.4,bmo,1838250000.0,2025-04-25,2017-12-31,0.0,36.773968253968256,4363007.365079365
2017-09-30,NEM,USD,1164727,2017-10-26,2017-10-26 07:32:01,2017,Q3,1879000000.0,1380000000.0,499000000.0,0.2655667908,41000000,58000000.0,0.0,58000000.0,3000000.0,176000000.0,1556000000.0,9000000.0,56000000.0,327000000.0,662000000.0,0.3523150612,323000000.0,0.1718999468,-49000000.0,276000000.0,0.1468866418,72000000.0,206000000.0,0.1096327834,0.38,0.38,533000000,536000000,https://www.sec.gov/Archives/edgar/data/1164727/000155837017007562/0001558370-17-007562-index.htm,https://www.sec.gov/Archives/edgar/data/1164727/000155837017007562/nem-20170930x10q.htm,3.525328330206379,0.3864915572232645,1.2851782363977486,0.9212007504690432,5.712945590994371,22.94746716697936,22.94746716697936,20.89681050656661,7.703564727954972,19992830000.0,21073830000.0,24.26314320388349,10.640143693453965,29.18661313868613,40.71859470468432,1.7950107739270962,1.7950107739270962,11.215449707291112,31.83358006042296,30.764715328467155,42.92022403258656,0.0103036938742539,0.0245588043313527,0.3636200395043993,0.1943751199846419,1.6329305135951662,4.180869565217392,5.767857142857143,3.341463414634146,0.0020007172571366,0.1941747572815534,0.0308674827035657,0.021820117083555,0.0,0.2832116788321168,0.1032464076636508,0.5932721712538226,0.0095795635976583,13.48035306502964,0.0121248923532139,0.0098867344979842,-8.76500938086304,3658000000.0,12231000000.0,-3797000000.0,15831000000.0,292000000.0,309500000.0,1446000000.0,11.830761043108035,20.543478260869563,91.69565217391305,7.607287449392713,4.380952380952381,0.9815078236130867,0.0184952415155324,0.3639774859287054,2017-10-26,0.33,bmo,1771628571.0,2025-04-25,2017-09-30,0.0606060606060604,36.31746031746032,4988624.0
2017-06-30,NEM,USD,1164727,2017-07-25,2017-07-25 08:17:08,2017,Q2,1875000000.0,1307000000.0,568000000.0,0.3029333333,32000000,58000000.0,0.0,58000000.0,-2000000.0,185000000.0,1492000000.0,6000000.0,64000000.0,308000000.0,689000000.0,0.3674666667,383000000.0,0.2042666667,-46000000.0,336000000.0,0.1792,167000000.0,175000000.0,0.0933333333,0.33,0.33,533000000,535000000,https://www.sec.gov/Archives/edgar/data/1164727/000155837017005290/0001558370-17-005290-index.htm,https://www.sec.gov/Archives/edgar/data/1164727/000155837017005290/nem-20170630x10q.htm,3.5178236397748592,0.3283302063789868,0.9868667917448404,0.6435272045028143,5.9399624765478425,22.589118198874296,22.589118198874296,20.50281425891182,8.793621013133208,17263870000.0,18781870000.0,24.66267142857143,9.207397333333333,32.82104562737643,50.33198250728863,1.5797831259150803,1.5797831259150803,10.016997333333334,27.259608127721336,35.70697718631179,54.75763848396502,0.0101367769799007,0.0198680828806055,0.4230417276720351,0.2186642701731151,2.2031930333817127,3.2430025445292623,5.984375,3.1686746987951806,0.0015639598768989,0.1542857142857142,0.0309333333333333,0.0170666666666666,0.0,0.3479087452471482,0.0976,0.5941558441558441,0.0101333333333333,12.307034485692212,0.0095617154391413,0.0082773625957809,-9.268761726078798,3526000000.0,12040000000.0,-4004000000.0,15788000000.0,311000000.0,304500000.0,1462000000.0,16.176000000000002,20.93343534812548,102.32593726090283,5.563798219584569,4.2993421052631575,0.879542395693136,0.0160139092240117,0.3433395872420263,2017-07-25,0.28,bmo,1606370190.0,2025-04-25,2017-06-30,0.6428571428571428,33.68031746031746,5404610.492063492
2017-03-31,NEM,USD,1164727,2017-04-24,2017-04-24 16:51:32,2017,Q1,1659000000.0,1226000000.0,433000000.0,0.2610006028,26000000,55000000.0,0.0,55000000.0,1000000.0,147000000.0,1373000000.0,4000000.0,67000000.0,293000000.0,580000000.0,0.3496081977,286000000.0,0.1723930078,-94000000.0,193000000.0,0.1163351417,110000000.0,47000000.0,0.0283303195,0.09,0.09,532000000,533000000,https://www.sec.gov/Archives/edgar/data/1164727/000155837017002832/0001558370-17-002832-index.htm,https://www.sec.gov/Archives/edgar/data/1164727/000155837017002832/nem-20170331x10q.htm,3.1184210526315788,0.0883458646616541,0.7011278195488722,0.362781954887218,5.582706766917293,22.398496240601503,22.398496240601503,20.216165413533837,8.81203007518797,17534720000.0,19236720000.0,93.26978723404255,10.56945147679325,47.009973190348525,90.85347150259068,1.630378428637843,1.630378428637843,11.595370705244123,33.166758620689656,51.57297587131367,99.6721243523316,0.0026803963792977,0.0110067340681801,0.4296606229660623,0.2203729314702656,2.93448275862069,3.091373801916933,4.268656716417911,4.604938271604938,0.0015398021753412,0.574468085106383,0.0331525015069318,0.0156720916214587,0.0,0.4825737265415549,0.1084990958408679,0.6143344709897611,0.0096443640747438,6.339189917176929,0.0061571294880281,0.0022414039772998,-9.68092105263158,3273000000.0,11916000000.0,-4215000000.0,15651000000.0,314000000.0,312500000.0,1409000000.0,15.46112115732369,22.38988580750408,105.56280587275694,5.821052631578947,4.019672131147541,0.8525730180806675,0.004370060437006,0.3383458646616541,2017-04-24,0.23,amc,1459920000.0,2025-04-25,2017-03-31,0.0869565217391303,34.928870967741936,6770691.274193549
2016-12-31,NEM,USD,1164727,2017-02-21,2017-02-21 17:29:57,2016,Q4,1789000000.0,1364000000.0,425000000.0,0.2375628843,29000000,55000000.0,0.0,55000000.0,-31000000.0,237000000.0,1601000000.0,0.0,69000000.0,328000000.0,-421000000.0,-0.2353269983,189000000.0,0.1056456121,-1075000000.0,-886000000.0,-0.4952487423,8000000.0,-344000000.0,-0.1922861934,-0.65,-0.65,529230769,529230769,https://www.sec.gov/Archives/edgar/data/1164727/000155837017000729/0001558370-17-000729-index.htm,https://www.sec.gov/Archives/edgar/data/1164727/000155837017000729/nem-20161231x10k.htm,3.3803779084507464,-0.6500000002834302,1.1960755819168931,0.627325581668892,5.313372095340133,22.43633721908561,22.43633721908561,20.25770349720539,8.850581399208103,18030892299.83,19889892299.83,-13.103846148132268,10.078754779111236,28.48482195865719,54.30991656575302,1.6818293349342412,1.6818293349342412,11.117882783583008,-47.244399762066514,31.421630805418644,59.90931415611446,-0.019078368074066,0.018412843606366,0.4304635761589404,0.2194379725167609,-4.415676959619953,2.6725714285714286,2.739130434782609,-0.7843866171003717,0.0014419696800166,-0.0755813953488372,0.0307434320849636,0.0162101732811626,0.0,0.4755134281200632,0.1682504192286193,0.9176829268292684,0.0089435438792621,,0.0096064147831651,-0.0163568066188008,-10.199236923051991,2927000000.0,11874000000.0,-4480000000.0,15412000000.0,318000000.0,312000000.0,1387000000.0,17.255449972051426,21.114369501466275,91.0557184750733,5.215743440233236,4.2625,0.9884057971014492,-0.0320865590896371,0.5687500002480015,2017-02-21,0.39,amc,2361480000.0,2025-04-25,2016-12-31,-0.1538461538461538,34.15984126984127,8060831.111111111
2016-09-30,NEM,USD,1164727,2016-10-26,2016-10-26 17:13:33,2016,Q3,1791000000.0,1318000000.0,473000000.0,0.2640982691,34000000,63000000.0,0.0,63000000.0,-4000000.0,162000000.0,1480000000.0,2000000.0,64000000.0,256000000.0,759000000.0,0.4237855946,311000000.0,0.1736460078,-89000000.0,223000000.0,0.1245114461,90000000.0,-358000000.0,-0.1998883305,-0.67,-0.67,531000000,533000000,https://www.sec.gov/Archives/edgar/data/1164727/000155837016008756/0001558370-16-008756-index.htm,https://www.sec.gov/Archives/edgar/data/1164727/000155837016008756/nem-20160930x10q.htm,3.3728813559322037,-0.6741996233521658,1.6082862523540489,1.1544256120527308,4.1035781544256125,26.570621468926557,26.570621468926557,20.90772128060264,9.75517890772128,20862990000.0,23879990000.0,-14.569127094972066,11.648793969849246,24.429730679156908,34.034241435562805,1.879210052242839,1.879210052242839,13.333327749860413,31.462437417654808,27.96251756440281,38.95593800978793,-0.0171595730046364,0.0293821738878272,0.4608178706539362,0.2124496491009509,3.974967061923583,2.8048107255520507,4.859375,-6.056737588652482,0.0006710447543712,-0.0391061452513966,0.0351758793969849,0.0189838079285315,0.0,0.2822014051522248,0.1345616973757677,0.94140625,0.0094919039642657,,0.0083895384202241,-0.014866492255305,-12.949623352165723,4577000000.0,14109000000.0,-2859000000.0,17747000000.0,304000000.0,326000000.0,1537500000.0,14.72361809045226,20.758725341426405,95.1896813353566,6.112627986348123,4.3355263157894735,0.945480631276901,-0.0322464420825076,0.4538606403013183,2016-10-26,0.51,amc,1755882352.0,2025-04-25,2016-09-30,0.0,41.45640625,7062979.671875
2016-06-30,NEM,USD,1164727,2016-07-20,2016-07-20 17:07:23,2016,Q2,2038000000.0,1373000000.0,665000000.0,0.3263002944,44000000,64000000.0,0.0,64000000.0,-19000000.0,171000000.0,1544000000.0,0.0,71000000.0,314000000.0,789000000.0,0.3871442591,494000000.0,0.2423945044,-80000000.0,404000000.0,0.1982335623,310000000.0,23000000.0,0.0112855741,0.04,0.04,575000000,575000000,https://www.sec.gov/Archives/edgar/data/1164727/000155837016006685/0001558370-16-006685-index.htm,https://www.sec.gov/Archives/edgar/data/1164727/000155837016006685/nem-20160630x10q.htm,3.5443478260869563,0.04,1.3513043478260869,0.84,5.126956521739131,25.01391304347826,25.01391304347826,19.866086956521738,9.81217391304348,22494000000.0,25163000000.0,244.5,11.03729146221786,28.94980694980695,46.57142857142857,1.9691849776766177,1.9691849776766177,12.346908734052992,31.892268694550065,32.384813384813384,52.09730848861284,0.0010224948875255,0.0214723926380368,0.4877002538737635,0.2255191677124235,3.38276299112801,3.89264705882353,6.957746478873239,12.53225806451613,0.0006223881924068,0.6086956521739131,0.0314033366045142,0.0215897939156035,0.0,0.3783783783783784,0.1442590775269872,0.9363057324840764,0.0103042198233562,4.228413208387937,0.0048829854309616,0.0009310610047362,-10.948260869565216,3934000000.0,14383000000.0,-5026000000.0,18168000000.0,294000000.0,357500000.0,1627500000.0,13.910696761530913,22.811361981063364,110.18936635105608,6.46984126984127,3.945402298850575,0.816775728732897,0.0020134815722664,0.5113043478260869,2016-07-20,0.28,amc,1389545454.0,2025-04-25,2016-06-30,0.5714285714285713,33.1071875,8737312.875
2016-03-31,NEM,USD,1164727,2016-04-20,2016-04-20 17:15:03,2016,Q1,2032000000.0,1403000000.0,629000000.0,0.3095472441,28000000,57000000.0,0.0,57000000.0,80000000.0,140000000.0,1543000000.0,0.0,79000000.0,322000000.0,558000000.0,0.2746062992,489000000.0,0.2406496063,4000000.0,490000000.0,0.2411417323,324000000.0,52000000.0,0.0255905512,0.1,0.1,520000000,520000000,https://www.sec.gov/Archives/edgar/data/1164727/000155837016004743/0001558370-16-004743-index.htm,https://www.sec.gov/Archives/edgar/data/1164727/000155837016004743/nem-20160331x10q.htm,3.907692307692307,0.1,1.0038461538461538,0.4326923076923077,4.7846153846153845,27.409615384615385,27.409615384615385,21.825,11.121153846153844,13821600000.0,17064600000.0,66.44999999999999,6.801968503937008,26.47816091954023,61.42933333333333,1.21786941580756,1.21786941580756,8.397933070866141,30.581720430107527,32.69080459770115,75.84266666666667,0.0037622272385252,0.0162788678590032,0.5025993479601727,0.2323137702113794,5.811827956989247,3.2784636488340198,6.189873417721519,3.866666666666666,0.0009405568096313,0.25,0.0280511811023622,0.0137795275590551,0.0,0.5689655172413793,0.1461614173228346,0.922360248447205,0.0078740157480314,7.007585176078846,0.0070704747968329,0.0021178674703702,-13.115865384615384,3322000000.0,14253000000.0,-5520000000.0,17606000000.0,244000000.0,341000000.0,1590000000.0,12.091535433070868,23.5424091233072,100.96935138987884,7.443223443223443,3.8228882833787465,0.8913595933926303,0.0045819014891179,0.5711538461538461,2016-04-20,0.21,amc,1508759997.0,2025-04-25,2016-03-31,0.6190476190476192,23.145737704918037,10655943.86885246
2015-12-31,NEM,USD,1164727,2016-02-17,2016-02-17 17:05:16,2015,Q4,1816000000.0,1484000000.0,332000000.0,0.1828193833,40000000,45000000.0,0.0,45000000.0,-79000000.0,318000000.0,1802000000.0,0.0,77000000.0,343000000.0,228000000.0,0.1255506608,-46000000.0,-0.0253303965,-146000000.0,-192000000.0,-0.1057268722,148000000.0,-254000000.0,-0.1398678414,-0.5,-0.5,508000000,508000000,https://www.sec.gov/Archives/edgar/data/1164727/000155837016003258/0001558370-16-003258-index.htm,https://www.sec.gov/Archives/edgar/data/1164727/000155837016003258/nem-20151231x10k.htm,3.574803149606299,-0.5,0.5354330708661418,-0.3700787401574803,5.513779527559056,28.133858267716537,27.834645669291337,22.34251968503937,12.42716535433071,9138920000.0,12592920000.0,-8.995,5.032444933920705,33.59897058823529,-48.61127659574469,0.8051911894273127,0.8051911894273127,6.93442731277533,55.2321052631579,46.2975,-66.9836170212766,-0.027793218454697,-0.0205713585412718,0.5494273127753304,0.2476372011754427,15.149122807017545,3.5190677966101696,-0.5974025974025974,-0.7597765363128491,0.0015319096786053,-0.0551181102362204,0.0247797356828193,0.0220264317180616,0.0060360575013898,1.6911764705882353,0.2533039647577093,1.3411078717201166,0.0104625550660792,,-0.0034061607080632,-0.0101478226128645,-14.02509842519685,3567000000.0,14140000000.0,-5907000000.0,18022000000.0,282000000.0,375000000.0,1577000000.0,10.655286343612335,19.10377358490566,97.3989218328841,8.446511627906977,4.711111111111111,0.9240348692403488,-0.0223788546255506,0.905511811023622,2016-02-17,0.13,amc,5447999999.0,2025-04-25,2015-12-31,-0.6923076923076923,18.3821875,7610523.328125
2015-09-30,NEM,USD,1164727,2015-10-29,2015-10-28 17:46:11,2015,Q3,2033000000.0,1464000000.0,569000000.0,0.2798819479,32000000,43000000.0,0.0,43000000.0,83000000.0,134000000.0,1598000000.0,0.0,81000000.0,331000000.0,539000000.0,0.2651254304,319000000.0,0.156910969,25000000.0,437000000.0,0.214953271,151000000.0,219000000.0,0.1077225775,0.42,0.42,521428571,521428571,https://www.sec.gov/Archives/edgar/data/1164727/000155837015001997/0001558370-15-001997-index.htm,https://www.sec.gov/Archives/edgar/data/1164727/000155837015001997/nem-20150930x10q.htm,3.89890411279362,0.4200000003452054,1.553424658811034,0.9109589048583224,5.732328771834791,27.94054796817031,27.54356166647416,22.139178100388367,12.335342475892062,8379357135.97,11766357135.97,9.565476182614155,4.121670996542056,10.344885353049383,17.640751865200002,0.725862537765939,0.725862537765939,5.787681817988196,21.829976133525047,14.526366834530863,24.77127818098948,0.0261356565242816,0.0566869262512957,0.5501559251559252,0.2485325193707443,6.283858998144712,3.072146658781786,3.938271604938272,2.8421052631578947,0.0017901134605672,0.0684931506849315,0.0211510083620265,0.0157402852926709,0.0081004930734914,0.4135802469135802,0.1647811116576488,1.012084592145015,0.0088539104771273,14.464274375876164,0.0086523873918344,0.0086400757486093,-13.348424668505556,3504000000.0,14362000000.0,-5790000000.0,18046000000.0,492500000.0,416000000.0,1543500000.0,15.45007378258731,26.74180327868853,95.16393442622952,5.825214899713467,3.3655172413793104,0.9457364341085271,0.0189708939708939,0.6424657539527115,2015-10-28,0.17,amc,1502652173.0,2025-04-25,2015-09-30,0.3529411764705882,17.9025,8942392.421875
2015-06-30,NEM,USD,1164727,2015-07-23,2015-07-22 18:06:14,2015,Q2,1908000000.0,1295000000.0,613000000.0,0.321278826,33000000,51000000.0,0.0,51000000.0,-75000000.0,158000000.0,1453000000.0,0.0,82000000.0,276000000.0,656000000.0,0.3438155136,429000000.0,0.2248427673,-132000000.0,298000000.0,0.1561844864,152000000.0,72000000.0,0.0377358491,0.14,0.14,505000000,506000000,https://www.sec.gov/Archives/edgar/data/1164727/000155837015001173/0001558370-15-001173-index.htm,https://www.sec.gov/Archives/edgar/data/1164727/000155837015001173/nem-20150630x10q.htm,3.778217821782178,0.1425742574257425,0.8673267326732673,0.2297029702970297,6.615841584158416,28.253465346534657,27.83960396039604,22.31881188118812,12.801980198019802,11796800000.0,14871800000.0,40.96111111111112,6.1828092243186585,26.933333333333337,101.69655172413792,1.046650696477686,1.046650696477686,7.794444444444444,22.670426829268298,33.953881278538816,128.2051724137931,0.0061033500610335,0.0098331750983317,0.566320645905421,0.2458688032048072,4.6875,2.7826825127334467,5.2317073170731705,2.95945945945946,0.0009324562593245,0.1527777777777778,0.0267295597484276,0.0172955974842767,0.0080505373444782,0.7351598173515982,0.1687631027253668,1.1666666666666667,0.010482180293501,8.461499907709497,0.0088133683350256,0.0027958993476234,-14.07029702970297,4200000000.0,14059000000.0,-5137000000.0,18055000000.0,571000000.0,386500000.0,1488000000.0,30.0,27.590733590733592,106.95752895752896,3.0,3.261964735516373,0.8414554905782976,0.0063880755922278,0.6376237623762376,2015-07-22,0.25,bmo,1834615384.0,2025-04-25,2015-06-30,0.04,24.997936507936505,6958053.142857143
2015-03-31,NEM,USD,1164727,2015-04-24,2015-04-23 21:41:11,2015,Q1,1972000000.0,1308000000.0,664000000.0,0.3367139959,28000000,44000000.0,0.0,44000000.0,-28000000.0,128000000.0,1436000000.0,0.0,85000000.0,289000000.0,797000000.0,0.404158215,512000000.0,0.2596348884,-91000000.0,423000000.0,0.2145030426,193000000.0,183000000.0,0.0927991886,0.37,0.37,494594595,494594595,https://www.sec.gov/Archives/edgar/data/1164727/000156459015002819/0001564590-15-002819-index.htm,https://www.sec.gov/Archives/edgar/data/1164727/000156459015002819/nem-10q_20150331.htm,3.987103821868494,0.3699999996967213,1.2636612011500046,0.6894535513474425,5.3316393398920985,27.018087409548016,26.589453530117936,21.15267757829016,13.216885235068126,10737648657.45,14591648657.45,14.668918930942624,5.445055100126775,17.180237851919998,31.488705740322583,1.0263476063324413,1.0263476063324413,7.399416154893509,18.30821663419072,23.34663785192,42.790758526246336,0.0170428373881493,0.0317574183025077,0.6167080864079526,0.2520115615967502,4.835633626097867,2.170430486944249,6.023529411764706,2.7292576419213974,0.0011175631074196,0.0655737704918032,0.0223123732251521,0.0141987829614604,0.0082806030778845,0.4544,0.1440162271805274,0.9826989619377162,0.0101419878296146,13.27011833763831,0.0121045451971033,0.0072075620322961,-17.19387976732742,3317000000.0,13151000000.0,-6088000000.0,17141000000.0,553000000.0,391000000.0,1401500000.0,23.09330628803245,25.871559633027523,98.87614678899082,3.897233201581028,3.478723404255319,0.9102296450939458,0.01749187535844,0.574207649802562,2015-04-23,0.23,amc,986000000.0,2025-04-25,2015-03-31,1.0,23.373606557377048,8875212.62295082
2014-12-31,NEM,USD,1164727,2015-02-20,2015-02-19 21:44:44,2014,Q4,2017000000.0,1436000000.0,581000000.0,0.2880515617,41000000,48000000.0,0.0,48000000.0,-15000000.0,227000000.0,1663000000.0,1000000.0,85000000.0,307000000.0,638000000.0,0.3163113535,324000000.0,0.1606346059,-78000000.0,246000000.0,0.1219633118,155000000.0,15000000.0,0.0074367873,0.03,0.03,500000000,500000000,https://www.sec.gov/Archives/edgar/data/1164727/000156459015000777/0001564590-15-000777-index.htm,https://www.sec.gov/Archives/edgar/data/1164727/000156459015000777/nem-10k_20141231.htm,4.034,0.03,1.118,0.43,4.952,26.178,25.75,20.548,13.462,9450000000.0,13693000000.0,157.5,4.685176003966286,16.905187835420392,43.95348837209303,0.9197975472065408,0.9197975472065408,6.788795240456123,21.462382445141067,24.495527728085868,63.68837209302325,0.0015873015873015,0.0227513227513227,0.6468756083317111,0.2667362337453844,6.650470219435737,2.4745222929936306,3.8117647058823527,9.163934426229508,0.0012698412698412,0.8,0.0237977193852255,0.0203272186415468,0.0085888585647776,0.6153846153846154,0.1705503222607833,1.1205211726384363,0.0044620723847297,3.724231464342677,0.0052374435647869,0.0006072382803011,-16.436,3241000000.0,12875000000.0,-6388000000.0,17105000000.0,549500000.0,423000000.0,1961000000.0,26.77243430837878,25.44568245125348,85.61281337047353,3.361666666666667,3.5369458128078817,1.0512445095168377,0.001459996106677,0.688,2015-02-19,0.13,amc,1497622497.0,2025-04-25,2014-12-31,0.3076923076923077,20.1365625,9635674.359375
2014-09-30,NEM,USD,1164727,2014-10-30,2014-10-30 17:30:33,2014,Q3,1746000000.0,1503000000.0,243000000.0,0.1391752577,36000000,45000000.0,0.0,45000000.0,-5000000.0,172000000.0,1675000000.0,1000000.0,89000000.0,318000000.0,398000000.0,0.2279495991,71000000.0,0.0406643757,-46000000.0,25000000.0,0.0143184422,-47000000.0,213000000.0,0.1219931271,0.43,0.43,499000000,500000000,https://www.sec.gov/Archives/edgar/data/1164727/000156459014004746/0001564590-14-004746-index.htm,https://www.sec.gov/Archives/edgar/data/1164727/000156459014004746/nem-10q_20140930.htm,3.498997995991984,0.4268537074148296,0.6492985971943888,0.094188376753507,3.727454909819639,26.250501002004007,25.81763527054108,20.80360721442885,13.751503006012024,11501950000.0,16496950000.0,13.499941314553991,6.587600229095075,35.499845679012346,244.7223404255319,1.1079809266929967,1.1079809266929967,9.448424971363115,41.44962311557789,50.91651234567901,350.99893617021274,0.0185185990201661,0.0040862636335577,0.652441961275407,0.269615063094622,12.550251256281408,2.185583432895261,0.797752808988764,4.5,0.0011302431326861,0.0610328638497652,0.0257731958762886,0.0206185567010309,0.0085983838223,0.8549382716049383,0.1586483390607102,0.8710691823899371,0.0085910652920962,14.135139882905978,0.0089869467762492,0.0085524994980927,-17.053607214428858,2977000000.0,12883000000.0,-6534000000.0,17094000000.0,521000000.0,437500000.0,2498000000.0,25.721649484536083,26.34730538922156,153.05389221556885,3.498997995991984,3.415909090909091,0.5880281690140845,0.0205182545034197,0.5551102204408818,2014-10-30,0.16,amc,558720000.0,2025-04-25,2014-09-30,2.125,25.5053125,5980778.9375
2014-06-30,NEM,USD,1164727,2014-07-30,2014-07-29 20:41:16,2014,Q2,1765000000.0,1366000000.0,399000000.0,0.2260623229,42000000,48000000.0,0.0,48000000.0,-7000000.0,184000000.0,1550000000.0,1000000.0,94000000.0,306000000.0,520000000.0,0.2946175637,215000000.0,0.1218130312,-55000000.0,92000000.0,0.0521246459,-53000000.0,180000000.0,0.1019830028,0.36,0.36,499000000,499000000,https://www.sec.gov/Archives/edgar/data/1164727/000119312514285190/0001193125-14-285190-index.htm,https://www.sec.gov/Archives/edgar/data/1164727/000119312514285190/d755143d10q.htm,3.5370741482965933,0.3607214428857715,0.751503006012024,0.2424849699398797,3.480961923847695,26.23446893787575,25.741482965931866,20.50300601202405,13.785571142284567,12694560000.0,17826560000.0,17.631333333333334,7.192385269121813,33.852160000000005,104.91371900826448,1.2407936663082788,1.2407936663082788,10.100033994334275,34.28184615384615,47.53749333333333,147.32694214876034,0.0141793020002268,0.0095316419001525,0.6631805297624865,0.2716607943625881,9.86923076923077,2.377442273534636,2.2872340425531914,2.5510204081632653,0.0009452868000151,0.0666666666666666,0.0271954674220963,0.0237960339943342,0.0098494554772581,0.6773333333333333,0.1439093484419263,0.8300653594771242,0.0079320113314447,12.899890039199624,0.0148387938190652,0.007278608976951,-17.07565130260521,3102000000.0,12845000000.0,-6531000000.0,17391000000.0,586500000.0,449000000.0,2480500000.0,27.688385269121813,28.66032210834553,160.76134699853586,3.2504604051565376,3.1402298850574715,0.5598360655737705,0.0175935881145538,0.5090180360721442,2014-07-29,0.2,amc,1676750000.0,2025-04-25,2014-06-30,0.0,24.095079365079364,6648440.619047619
2014-03-31,NEM,USD,1164727,2014-04-25,2014-04-25 06:09:41,2014,Q1,1764000000.0,1381000000.0,383000000.0,0.2171201814,42000000,45000000.0,0.0,45000000.0,-9000000.0,172000000.0,1553000000.0,1000000.0,93000000.0,298000000.0,534000000.0,0.3027210884,211000000.0,0.1196145125,-67000000.0,143000000.0,0.0810657596,78000000.0,100000000.0,0.0566893424,0.2,0.2,498000000,499000000,https://www.sec.gov/Archives/edgar/data/1164727/000119312514158041/0001193125-14-158041-index.htm,https://www.sec.gov/Archives/edgar/data/1164727/000119312514158041/d708626d10q.htm,3.5421686746987957,0.2008032128514056,0.3614457831325301,-0.110441767068273,3.1285140562248994,25.86546184738956,25.36546184738956,20.11847389558233,13.763052208835342,11673120000.0,16959120000.0,29.1828,6.617414965986394,64.85066666666667,-212.23854545454543,1.1650983132049106,1.1650983132049106,9.614013605442176,31.758651685393257,94.21733333333331,-308.34763636363635,0.0085666899680633,-0.0047116794824348,0.6748178460924243,0.2726429550770223,9.898876404494382,1.8193481276005548,2.2688172043010755,2.769230769230769,0.0065963512754088,0.77,0.0255102040816326,0.0238095238095238,0.010041132349383,1.3055555555555556,0.133219954648526,0.7885906040268457,0.0073696145124716,9.533977103378817,0.0042571392831058,0.0040734856816978,-17.32128514056225,2363000000.0,12632000000.0,-6670000000.0,16750000000.0,621000000.0,470500000.0,2010500000.0,32.142857142857146,30.173787110789284,164.29398986241853,2.8,2.9827213822894167,0.5477984926616422,0.00998103603154,0.4718875502008032,2014-04-24,0.19,amc,1523454545.0,2025-04-25,2014-03-31,0.1578947368421052,23.7972131147541,10582196.0
2013-12-31,NEM,USD,1164727,2014-02-21,2014-02-20 19:49:17,2013,Q4,2169000000.0,1834000000.0,335000000.0,0.1544490549,57000000,45000000.0,0.0,45000000.0,-57000000.0,179000000.0,2013000000.0,3000000.0,92000000.0,381000000.0,-3794000000.0,-1.7491931766,121000000.0,0.0557860765,-2201000000.0,-2080000000.0,-0.958967266,-823000000.0,-1166000000.0,-0.5375749193,-2.33,-2.33,500429185,500429185,https://www.sec.gov/Archives/edgar/data/1164727/000119312514061205/0001193125-14-061205-index.htm,https://www.sec.gov/Archives/edgar/data/1164727/000119312514061205/d653301d10k.htm,4.33427958443311,-2.329999997901801,0.763344767751705,0.019982847323343,3.263198967901922,26.105591743215378,25.645986254778485,20.2646054706022,13.65228129130798,11524884130.55,16709884130.55,-2.471030045143653,5.313455108598433,30.16985374489529,1152.488413055,1.1364642668918254,1.1364642668918254,7.703957644329185,-4.404292074472852,43.74315217421466,1670.988413055,-0.1011723837560486,0.0008676876822988,0.6646287348387733,0.2721692779841705,-1.3666315234580917,1.7788321167883212,1.315217391304348,-0.3060897435897436,0.0088504143594485,-0.0874785591766723,0.0207468879668049,0.0262793914246196,0.0092876756582135,0.9738219895287958,0.1715076071922545,0.9763779527559056,0.0041493775933609,,0.0032328377776341,-0.0475258824488465,-17.700806159017283,2134000000.0,12834000000.0,-6826000000.0,16641000000.0,542000000.0,511500000.0,2048000000.0,25.394190871369293,23.45692475463468,73.60959651035988,3.544117647058824,3.836820083682008,1.2226666666666666,-0.1149787989350162,0.7433619204283619,2014-02-20,0.42,amc,1921598432.0,2025-04-25,2013-12-31,-0.2142857142857142,25.68203125,9034960.84375
2013-09-30,NEM,USD,1164727,2013-10-31,2013-10-31 17:24:50,2013,Q3,1983000000.0,1335000000.0,648000000.0,0.3267776097,67000000,48000000.0,0.0,48000000.0,-1000000.0,251000000.0,1586000000.0,4000000.0,76000000.0,299000000.0,719000000.0,0.3625819465,397000000.0,0.2002017146,184000000.0,580000000.0,0.2924861321,154000000.0,398000000.0,0.200706001,0.8,0.8,498000000,498000000,https://www.sec.gov/Archives/edgar/data/1164727/000119312513421225/0001193125-13-421225-index.htm,https://www.sec.gov/Archives/edgar/data/1164727/000119312513421225/d620881d10q.htm,3.9819277108433737,0.7991967871485943,0.8835341365461847,0.0642570281124498,3.144578313253012,29.200803212851405,28.73293172690763,23.15863453815261,13.27710843373494,13993800000.0,19054800000.0,8.790075376884424,7.056883509833585,31.80409090909091,437.30625,1.2133703286222146,1.2133703286222146,9.609077155824508,26.501808066759388,43.30636363636364,595.4625,0.028441166802441,0.0022867269790907,0.5667215815485996,0.2438896973767678,7.03894297635605,1.6025168815224065,5.223684210526316,1.0304449648711944,0.0088610670439766,0.3115577889447236,0.0242057488653555,0.0337871911245587,0.0086943542669502,0.9272727272727272,0.2057488653555219,1.3645484949832776,0.0085728693898134,20.406785443741523,0.0120851150187505,0.0149815553715275,-18.150602409638555,1963000000.0,14309000000.0,-7036000000.0,18518000000.0,509000000.0,548000000.0,2333500000.0,21.42208774583964,36.741573033707866,175.01123595505618,4.201271186440678,2.44954128440367,0.5142526964560863,0.0345096679094771,0.8192771084337349,2013-10-31,0.32,amc,1379478260.0,2025-04-25,2013-09-30,0.4375,29.64046875,9285957.125
2013-06-30,NEM,USD,1164727,2013-07-26,2013-07-26 06:14:09,2013,Q2,1993000000.0,2068000000.0,-75000000.0,-0.037631711,46000000,54000000.0,0.0,54000000.0,-18000000.0,229000000.0,2297000000.0,2000000.0,70000000.0,415000000.0,-2305000000.0,-1.1565479177,-304000000.0,-0.1525338685,-2323000000.0,-2627000000.0,-1.3181133969,-325000000.0,-2019000000.0,-1.0130456598,-4.06,-4.06,497000000,497000000,https://www.sec.gov/Archives/edgar/data/1164727/000119312513303560/0001193125-13-303560-index.htm,https://www.sec.gov/Archives/edgar/data/1164727/000119312513303560/d566986d10q.htm,4.010060362173038,-4.062374245472837,0.579476861167002,-0.647887323943662,3.774647887323943,28.64788732394366,28.173038229376257,22.58752515090543,13.770623742454728,14999460000.0,20525460000.0,-1.857288261515602,7.526071249372805,52.08145833333333,-46.58217391304347,1.3361357562800642,1.3361357562800642,10.29877571500251,-8.904754880694144,71.26895833333333,-63.74366459627329,-0.1346048457744478,-0.0214674394944884,0.6034206306787814,0.2558543586644508,-2.397396963123644,2.2848043676069154,-4.342857142857143,-0.1249457700650759,0.0116004176150341,-0.0861812778603269,0.0270948319116909,0.0230807827395885,0.0089137331923251,2.118055555555556,0.3060712493728048,1.4698795180722892,0.0095333667837431,,-0.010950857501178,-0.0769435975609756,-17.941649899396378,2824000000.0,14002000000.0,-7216000000.0,19304000000.0,655500000.0,570500000.0,1936500000.0,24.656297039638737,23.979690522243715,90.13056092843328,3.65018315018315,3.753176043557169,0.9985514244326412,-0.1798503474078033,1.227364185110664,2013-07-26,0.41,amc,1860133333.0,2025-04-25,2013-06-30,-1.2439024390243902,33.57296875,9168222.984375
2013-03-31,NEM,USD,1164727,2013-04-30,2013-04-29 19:34:12,2013,Q1,2177000000.0,1311000000.0,866000000.0,0.3977951309,52000000,56000000.0,0.0,56000000.0,-74000000.0,185000000.0,1496000000.0,4000000.0,65000000.0,267000000.0,872000000.0,0.4005512173,648000000.0,0.2976573266,-108000000.0,542000000.0,0.2489664676,181000000.0,314000000.0,0.144235186,0.63,0.63,498412698,500000000,https://www.sec.gov/Archives/edgar/data/1164727/000119312513183142/0001193125-13-183142-index.htm,https://www.sec.gov/Archives/edgar/data/1164727/000119312513183142/d527228d10q.htm,4.367866245654921,0.6300000005216561,0.8687579625027932,-0.1544904459877946,2.915254779483969,34.35907646157121,33.7050000279086,27.876496838369075,12.94910829097697,20629301570.22,25640301570.22,16.424603161003184,9.476022769967846,47.6427287995843,-267.9130074054545,1.4847633201540231,1.4847633201540231,11.77781422610014,29.404015562178905,59.21547706748268,-332.99092948337665,0.0152210679033983,-0.0037325548680307,0.4598387793292068,0.2169366065668398,5.746559633027523,2.121417797888386,9.96923076923077,1.2128851540616246,0.0102281698331752,0.6719745222929936,0.0257234726688102,0.0238860817638952,0.0110692336423211,1.1778290993071594,0.2342673403766651,1.9101123595505616,0.0087276067983463,19.878363690482058,0.0160991262641187,0.0107811158798283,-18.8563614805817,2974000000.0,16799000000.0,-6700000000.0,21451000000.0,867500000.0,623500000.0,2283500000.0,31.626090950849797,40.50343249427918,123.7070938215103,2.845751633986928,2.2220338983050847,0.7275249722530521,0.0225996833165395,1.023248408490588,2013-04-29,0.77,amc,2360971830.0,2025-04-25,2013-03-31,-0.0779220779220779,42.6835,7050487.9
2012-12-31,NEM,USD,1164727,2013-02-22,2013-02-22 06:12:37,2012,Q4,2476000000.0,2163000000.0,313000000.0,0.1264135703,21000000,-71000000.0,0.0,-71000000.0,-520000000.0,-598000000.0,1565000000.0,3000000.0,59000000.0,281000000.0,1144000000.0,0.4620355412,911000000.0,0.3679321486,-107000000.0,804000000.0,0.3247172859,123000000.0,673000000.0,0.27180937,1.35,1.35,496000000,500000000,https://www.sec.gov/Archives/edgar/data/1164727/000119312513070256/0001193125-13-070256-index.htm,https://www.sec.gov/Archives/edgar/data/1164727/000119312513070256/d462654d10k.htm,4.991935483870968,1.3568548387096775,1.6975806451612905,0.0524193548387096,3.3205645161290325,34.16935483870968,33.516129032258064,27.768145161290324,12.816532258064516,23034240000.0,27771240000.0,8.556552748885586,9.303004846526656,27.35657957244656,885.9323076923077,1.6724199520801566,1.6724199520801566,11.216171243941842,24.27555944055944,32.9824703087886,1068.1246153846157,0.0292173737878914,0.0011287544108249,0.4572714731721484,0.2124114671163575,4.140734265734266,1.8927093282394143,15.440677966101696,1.258594917787743,0.0075539718262899,0.2585438335809807,-0.0286752827140549,0.008481421647819,0.0109274873524451,0.9691211401425178,0.3295638126009693,2.903914590747331,0.0068659127625201,29.115978393178093,0.029097273540289,0.0229489190479438,-18.034274193548388,2804000000.0,16624000000.0,-6757000000.0,21138000000.0,1195000000.0,634500000.0,2163500000.0,35.258481421647815,27.337031900138697,115.0485436893204,2.5525773195876287,3.2922374429223744,0.7822784810126582,0.0488637188702534,1.6451612903225807,2013-02-21,0.97,amc,2163711711.0,2025-04-25,2012-12-31,0.1443298969072166,49.19903225806452,5407067.112903226
2012-09-30,NEM,USD,1164727,2012-11-01,2012-11-01 17:15:44,2012,Q3,2480000000.0,1088000000.0,1392000000.0,0.5612903226,92000000,90000000.0,0.0,90000000.0,430000000.0,612000000.0,1700000000.0,2000000.0,67000000.0,272000000.0,1056000000.0,0.4258064516,780000000.0,0.314516129,-90000000.0,717000000.0,0.2891129032,228000000.0,367000000.0,0.147983871,0.74,0.74,496000000,499000000,https://www.sec.gov/Archives/edgar/data/1164727/000119312512446912/0001193125-12-446912-index.htm,https://www.sec.gov/Archives/edgar/data/1164727/000119312512446912/d431562d10q.htm,5.0,0.7399193548387096,1.157258064516129,-0.4879032258064516,3.302419354838709,33.29838709677419,32.63911290322581,26.92540322580645,12.481854838709678,27627200000.0,32202200000.0,18.81961852861036,11.14,48.13101045296168,-114.16198347107438,2.0686783976038936,2.0686783976038936,12.984758064516129,30.494507575757577,56.101393728223,-133.06694214876032,0.0132840099611976,-0.0087594834076562,0.4585548483713965,0.207431494089354,4.332386363636363,2.0707895760404518,11.64179104477612,1.1958333333333333,0.0062981409625296,0.4741144414168937,0.0362903225806451,0.0370967741935483,0.0110761101514073,1.421602787456446,0.3290322580645161,3.0,0.0076612903225806,21.172130434399925,0.0197192618599789,0.0125702150979586,-19.199596774193548,2753000000.0,16189000000.0,-7683000000.0,20552000000.0,1231000000.0,593000000.0,1581500000.0,51.53225806451613,50.625,129.20955882352942,1.7464788732394363,1.7777777777777777,0.6965428937259923,0.0274803444402845,1.6451612903225807,2012-11-01,0.91,amc,2655058823.0,2025-04-25,2012-09-30,-0.0659340659340659,49.05301587301587,5451894.111111111
2012-06-30,NEM,USD,1164727,2012-07-26,2012-07-26 17:15:57,2012,Q2,2229000000.0,1002000000.0,1227000000.0,0.5504710633,82000000,73000000.0,0.0,73000000.0,354000000.0,509000000.0,1511000000.0,2000000.0,71000000.0,248000000.0,876000000.0,0.3930013459,718000000.0,0.3221175415,-75000000.0,557000000.0,0.2498878421,175000000.0,279000000.0,0.1251682369,0.56,0.56,496000000,498000000,https://www.sec.gov/Archives/edgar/data/1164727/000119312512317060/0001193125-12-317060-index.htm,https://www.sec.gov/Archives/edgar/data/1164727/000119312512317060/d382685d10q.htm,4.493951612903226,0.5625,0.6995967741935484,-1.0786290322580645,4.090725806451613,32.23588709677419,31.570564516129032,26.032258064516128,15.058467741935484,24060960000.0,29561960000.0,21.56,10.79450874831763,69.33994236311239,-44.97375700934579,1.863457249070632,1.863457249070632,13.262431583669809,33.7465296803653,85.19296829971182,-55.256,0.011595547309833,-0.0222351892858805,0.5729553903345725,0.2581297976273552,6.279680365296803,2.227291930713984,10.112676056338028,0.935309973045822,0.0072316316555947,0.6236559139784946,0.0327501121579183,0.0367877972184836,0.0115143056524773,2.5417867435158503,0.395693135935397,3.556451612903226,0.0085240017945266,18.151329596727404,0.0186995981109503,0.0098482174373455,-18.266129032258064,2905000000.0,15659000000.0,-7399000000.0,20171000000.0,1143000000.0,535500000.0,1522000000.0,42.072678331090174,51.55688622754491,143.80239520958082,2.1391554702495204,1.745644599303136,0.6258588382261087,0.0216078066914498,1.778225806451613,2012-07-26,0.93,bmo,3513508474.0,2025-04-25,2012-06-30,-0.3655913978494624,48.135714285714286,7087444.174603174
2012-03-31,NEM,USD,1164727,2012-04-26,2012-04-26 16:55:15,2012,Q1,2683000000.0,1017000000.0,1666000000.0,0.6209467015,102000000,70000000.0,0.0,70000000.0,319000000.0,491000000.0,1508000000.0,5000000.0,52000000.0,231000000.0,1319000000.0,0.4916138651,1175000000.0,0.4379426016,-65000000.0,1036000000.0,0.3861349236,343000000.0,490000000.0,0.1826313828,0.99,0.97,495000000,504000000,https://www.sec.gov/Archives/edgar/data/1164727/000119312512186323/0001193125-12-186323-index.htm,https://www.sec.gov/Archives/edgar/data/1164727/000119312512186323/d338970d10q.htm,5.42020202020202,0.98989898989899,1.2303030303030302,-0.1757575757575757,5.638383838383838,32.45454545454545,31.783838383838383,26.41414141414141,15.08080808080808,25378650000.0,30179650000.0,12.94829081632653,9.45905702571748,41.67266009852217,-291.7086206896552,1.9410057361376671,1.9410057361376671,11.248471859858368,22.88070507960576,49.55607553366174,-346.8925287356322,0.0193075675814119,-0.0034280783256792,0.5669598470363288,0.2559649183384551,3.6398786959818046,2.369506028782575,22.596153846153847,0.903560830860534,0.0068167534522127,0.3530612244897959,0.026090197540067,0.0380171449869549,0.0114636925520527,1.1428571428571428,0.2594111069698099,3.012987012987013,0.0063361908311591,24.25520496430452,0.0297055720068683,0.0171155122428306,-17.07171717171717,3521000000.0,15733000000.0,-6804000000.0,20217000000.0,938000000.0,529000000.0,1078500000.0,41.72940737979873,43.98230088495576,127.6991150442478,2.1567524115755625,2.046277665995976,0.7047817047817048,0.0374760994263862,1.406060606060606,2012-04-26,1.14,bmo,2659669565.0,2025-04-25,2012-03-31,0.0087719298245614,58.80629032258065,6795264.29032258
2011-12-31,NEM,USD,1164727,2012-02-24,2012-02-23 19:51:28,2011,Q4,2765000000.0,1120000000.0,1645000000.0,0.5949367089,80000000,84000000.0,-62000000.0,22000000.0,485000000.0,587000000.0,1707000000.0,-8000000.0,51000000.0,260000000.0,-2259000000.0,-0.8169981917,1058000000.0,0.3826401447,-2104000000.0,-1046000000.0,-0.3783001808,-150000000.0,-1028000000.0,-0.3717902351,-2.08,-2.08,494000000,495000000,https://www.sec.gov/Archives/edgar/data/1164727/000119312512075918/0001193125-12-075918-index.htm,https://www.sec.gov/Archives/edgar/data/1164727/000119312512075918/d263670d10k.htm,5.597165991902834,-2.080971659919028,1.8663967611336032,-0.1700404858299595,3.7530364372469633,31.92510121457489,31.24696356275304,26.105263157894736,9.455465587044534,29644940000.0,32504940000.0,-7.209372568093386,10.721497287522604,32.15286334056399,-352.9159523809524,2.298770161290322,2.298770161290322,11.75585533453888,-14.389083665338646,35.25481561822126,-386.9635714285714,-0.0346770814850696,-0.0028335358411924,0.3582506203473945,0.168158986678314,-1.2660469234174414,1.36751269035533,20.745098039215687,-1.0278706800445931,0.0092089914838754,-0.2655642023346303,0.030379746835443,0.0289330922242314,0.0121933464366309,1.0911062906724511,0.3638336347197107,3.8692307692307697,0.0061482820976491,,0.0374139932584654,-0.0378790670253141,-18.25506072874494,1448000000.0,15436000000.0,-6315000000.0,17664000000.0,601500000.0,551500000.0,717000000.0,20.57142857142857,45.080357142857146,57.375,4.375,1.996434937611408,1.568627450980392,-0.0797146401985111,2.0364372469635628,2012-02-23,1.27,bmo,3001324786.0,2025-04-25,2011-12-31,-0.078740157480315,65.21285714285715,6141641.80952381
2011-09-30,NEM,USD,1164727,2011-10-27,2011-10-27 17:24:50,2011,Q3,2744000000.0,1112000000.0,1632000000.0,0.5947521866,99000000,50000000.0,27000000.0,77000000.0,278000000.0,454000000.0,1566000000.0,2000000.0,65000000.0,270000000.0,1371000000.0,0.4996355685,1178000000.0,0.4293002915,-141000000.0,1036000000.0,0.3775510204,371000000.0,493000000.0,0.179664723,1.0,0.98,494000000,504000000,https://www.sec.gov/Archives/edgar/data/1164727/000095012311092539/0000950123-11-092539-index.htm,https://www.sec.gov/Archives/edgar/data/1164727/000095012311092539/c23684e10vq.htm,5.554655870445344,0.9979757085020244,2.5526315789473686,1.0121457489878545,4.512145748987854,33.81376518218624,33.13157894736842,28.05668016194332,8.708502024291498,31097300000.0,33199300000.0,15.769421906693712,11.33283527696793,24.66082474226804,62.1946,2.243672438672439,2.243672438672439,12.09887026239067,24.215390226112326,26.327755749405235,66.3986,0.0158534663781099,0.0160785663063995,0.3056998556998557,0.145406499879886,1.5331874544128374,1.4212290502793297,18.123076923076923,1.868148148148148,0.0047592556266942,0.3002028397565923,0.0182215743440233,0.0360787172011661,0.0115652561858677,0.6034892942109437,0.2773323615160349,2.8185185185185184,0.0065597667638483,25.099749369539065,0.0299559721356726,0.0171168668842441,-19.064271255060728,1885000000.0,16367000000.0,-6075000000.0,19241000000.0,1145000000.0,516000000.0,1043500000.0,18.728134110787177,43.86690647482014,58.273381294964025,4.805604203152364,2.0516605166051662,1.5444444444444445,0.0355699855699855,1.540485829959514,2011-10-27,1.24,bmo,2637643410.0,2025-04-25,2011-09-30,0.0403225806451613,59.93609375,8204811.09375
2011-06-30,NEM,USD,1164727,2011-07-29,2011-07-28 20:37:33,2011,Q2,2384000000.0,917000000.0,1467000000.0,0.615352349,109000000,114000000.0,0.0,114000000.0,339000000.0,562000000.0,1479000000.0,2000000.0,63000000.0,250000000.0,1160000000.0,0.4865771812,905000000.0,0.379614094,-102000000.0,847000000.0,0.3552852349,187000000.0,387000000.0,0.1623322148,0.78,0.77,494000000,501000000,https://www.sec.gov/Archives/edgar/data/1164727/000095012311069854/0000950123-11-069854-index.htm,https://www.sec.gov/Archives/edgar/data/1164727/000095012311069854/c20053e10vq.htm,4.825910931174089,0.7834008097165992,0.8340080971659919,-0.4170040485829959,4.165991902834008,34.39878542510122,33.71255060728745,29.004048582995956,8.852226720647772,26661180000.0,29116180000.0,17.22298449612403,11.18338087248322,64.71160194174757,-129.42320388349515,1.860774706867672,1.860774706867672,12.213162751677851,25.100155172413796,70.67033980582524,-141.34067961165047,0.01451548656136,-0.0077265897458402,0.3008096035734227,0.1504993365458481,2.1163793103448274,1.7148255813953488,14.365079365079366,0.6242424242424243,0.0037132640040688,0.2558139534883721,0.0478187919463087,0.0457214765100671,0.011837418814163,1.5,0.259228187919463,2.472,0.010486577181208,22.610625616333987,0.0274000390564092,0.0136753948902788,-15.413461538461538,2459000000.0,16654000000.0,-5746000000.0,19461000000.0,1542000000.0,455000000.0,1315500000.0,64.89513422818793,48.09160305343512,134.16575790621593,1.3868528214077953,1.8714285714285712,0.6708119970738844,0.0270100502512562,1.2510121457489878,2011-07-29,0.99,bmo,2622399999.0,2025-04-25,2011-06-30,-0.0909090909090908,55.04539682539683,6475760.365079365
2011-03-31,NEM,USD,1164727,2011-04-21,2011-04-20 20:29:36,2011,Q1,2465000000.0,940000000.0,1525000000.0,0.6186612576,68000000,45000000.0,0.0,45000000.0,391000000.0,504000000.0,1444000000.0,4000000.0,65000000.0,256000000.0,1294000000.0,0.5249492901,1021000000.0,0.414198783,-48000000.0,973000000.0,0.3947261663,305000000.0,514000000.0,0.2085192698,1.04,1.03,493000000,501000000,https://www.sec.gov/Archives/edgar/data/1164727/000095012311037416/0000950123-11-037416-index.htm,https://www.sec.gov/Archives/edgar/data/1164727/000095012311037416/c15423e10vq.htm,5.0,1.0425963488843812,2.006085192697769,1.1906693711967546,9.456389452332656,33.71399594320487,33.02028397565923,28.5841784989858,9.117647058823527,26907940000.0,26804940000.0,13.087519455252918,10.916,27.20721941354904,45.83976149914821,1.9094479137099063,1.9094479137099063,10.874215010141988,20.7147913446677,27.10307381193124,45.6642930153322,0.0191021683562546,0.0218151222278628,0.3143627590122055,0.1649661130557831,-0.079598145285935,2.2519280205655527,15.707692307692309,1.4761194029850746,0.002750117623274,0.1439688715953307,0.0182555780933062,0.0275862068965517,0.0127355328815074,0.4064711830131446,0.1630831643002028,1.5703125,0.007707910750507,25.89477945697348,0.0290767723600898,0.0193874471937236,-7.941683569979716,4383000000.0,16279000000.0,-2349000000.0,17799000000.0,1017500000.0,423500000.0,1269500000.0,49.83772819472617,40.21276595744681,121.02127659574468,1.805860805860806,2.238095238095238,0.7436708860759493,0.0364745955151859,0.8154158215010142,2011-04-21,0.99,bmo,2346490384.0,2025-04-25,2011-03-31,0.0505050505050505,55.53741935483871,7934154.032258064
2010-12-31,NEM,USD,1164727,2011-02-24,2011-02-23 20:54:35,2010,Q4,2548000000.0,685000000.0,1863000000.0,0.7311616954,67000000,178000000.0,-177000000.0,1000000.0,527000000.0,595000000.0,1280000000.0,0.0,0.0,248000000.0,1554000000.0,0.6098901099,1268000000.0,0.4976452119,-128000000.0,1140000000.0,0.4474097331,100000000.0,812000000.0,0.3186813187,1.65,1.65,492000000,493000000,https://www.sec.gov/Archives/edgar/data/1164727/000095012311017350/0000950123-11-017350-index.htm,https://www.sec.gov/Archives/edgar/data/1164727/000095012311017350/d79003e10vk.htm,5.178861788617886,1.6504065040650406,1.717479674796748,0.8434959349593496,8.473577235772357,31.943089430894307,31.3760162601626,27.1239837398374,9.026422764227643,30223560000.0,30608560000.0,9.305283251231527,11.861679748822606,35.767526627218935,72.82785542168675,2.264785312851255,2.264785312851255,12.012778649921508,19.696628056628057,36.22314792899408,73.75556626506024,0.0268664578229698,0.0137310098479464,0.3327838141626077,0.1730506955539103,0.2477477477477477,2.6403349108117946,0.0,0.268765903307888,0.0094628164253317,0.3522167487684729,0.0698587127158555,0.0262951334379905,0.0108716829676966,0.5088757396449705,0.1687598116169544,1.7338709677419355,0.0062794348508634,31.73682374716468,0.0540876200413597,0.0319886542704065,-9.426829268292684,4506000000.0,15437000000.0,-2694000000.0,17692000000.0,626000000.0,411500000.0,900500000.0,23.66562009419152,56.1021897810219,167.5182481751825,3.8029850746268656,1.604215456674473,0.5372549019607843,0.0608467590857999,0.8739837398373984,2011-02-24,1.14,bmo,2504068965.0,2025-04-25,2010-12-31,0.0175438596491228,60.97640625,6465590.15625
2010-09-30,NEM,USD,1164727,2010-11-02,2010-11-01 19:54:49,2010,Q3,2597000000.0,970000000.0,1627000000.0,0.6264921063,46000000,45000000.0,18000000.0,63000000.0,292000000.0,401000000.0,1371000000.0,3000000.0,66000000.0,242000000.0,1463000000.0,0.5633423181,1226000000.0,0.4720831729,-73000000.0,1165000000.0,0.4485945322,348000000.0,537000000.0,0.2067770504,1.09,1.07,493000000,502000000,https://www.sec.gov/Archives/edgar/data/1164727/000095012310098972/0000950123-10-098972-index.htm,https://www.sec.gov/Archives/edgar/data/1164727/000095012310098972/c07461e10vq.htm,5.267748478701826,1.0892494929006085,1.7322515212981744,1.0344827586206895,8.107505070993914,29.450304259634887,28.88235294117647,24.843813387423936,11.543610547667344,30965330000.0,32639330000.0,14.415889199255124,11.923500192529842,36.25916861826698,60.71633333333333,2.5281948073154803,2.5281948073154803,12.568090103966115,22.30986329460013,38.21935597189695,63.9986862745098,0.0173419756870022,0.0164700327753652,0.4592586544741999,0.2307597637020019,1.1442241968557758,2.521801286633309,18.57575757575757,-0.6671875,0.0140156749500166,0.8081936685288641,0.0173276857912976,0.0177127454755487,0.0114867082376107,0.4028103044496487,0.1324605313823642,1.421487603305785,0.0057758952637658,24.675392611148045,0.0398451450909506,0.0222858565737051,-10.467545638945234,4258000000.0,14239000000.0,-2801000000.0,17070000000.0,523000000.0,381000000.0,518000000.0,20.169426261070463,36.74226804123711,48.8041237113402,4.462199312714777,2.4494949494949494,1.844106463878327,0.0438438928804702,0.6977687626774848,2010-11-02,0.95,bmo,2284398148.0,2025-04-25,2010-09-30,0.136842105263158,59.72625,6627336.109375
2010-06-30,NEM,USD,1164727,2010-07-28,2010-07-27 20:45:31,2010,Q2,2153000000.0,911000000.0,1242000000.0,0.5768694844,57000000,43000000.0,13000000.0,56000000.0,292000000.0,405000000.0,1316000000.0,2000000.0,69000000.0,231000000.0,1122000000.0,0.5211333024,837000000.0,0.3887598699,-58000000.0,812000000.0,0.3771481654,273000000.0,382000000.0,0.1774268463,0.78,0.77,492000000,499000000,https://www.sec.gov/Archives/edgar/data/1164727/000095012310068690/0000950123-10-068690-index.htm,https://www.sec.gov/Archives/edgar/data/1164727/000095012310068690/c01491e10vq.htm,4.376016260162602,0.7764227642276422,1.5304878048780488,0.8821138211382114,7.451219512195122,27.55081300813008,26.98373983739837,23.40447154471545,9.439024390243905,30376080000.0,31349080000.0,19.87963350785341,14.108722712494194,40.3400796812749,69.99096774193548,2.6379574468085107,2.6379574468085107,14.5606502554575,27.94035650623886,41.63224435590969,72.23290322580645,0.012575684551792,0.0142875578415648,0.3973078593139383,0.2009310905178093,0.8672014260249554,2.765831435079727,12.130434782608695,1.4022346368715084,0.0016131113692089,0.1282722513089005,0.0199721319089642,0.0264746864839758,0.0122535025692827,0.4236387782204515,0.1481653506734788,1.380952380952381,0.0097538318625174,20.22040308873172,0.0270047063082631,0.0169853268119164,-10.05081300813008,3876000000.0,13276000000.0,-3143000000.0,16554000000.0,532500000.0,361000000.0,505500000.0,19.396191360891777,36.15806805708013,50.38419319429199,4.640086206896552,2.489071038251366,1.7862745098039217,0.0331741207121146,0.6483739837398373,2010-07-28,0.84,bmo,2348727272.0,2025-04-25,2010-06-30,-0.0833333333333332,55.42809523809523,9219734.38095238
2010-03-31,NEM,USD,1164727,2010-04-27,2010-04-27 06:04:01,2010,Q1,2242000000.0,918000000.0,1324000000.0,0.590544157,46000000,45000000.0,13000000.0,58000000.0,313000000.0,417000000.0,1335000000.0,3000000.0,75000000.0,224000000.0,1185000000.0,0.5285459411,907000000.0,0.4045495094,-46000000.0,880000000.0,0.3925066905,135000000.0,546000000.0,0.2435325602,1.11,1.11,491000000,493000000,https://www.sec.gov/Archives/edgar/data/1164727/000095012310038469/0000950123-10-038469-index.htm,https://www.sec.gov/Archives/edgar/data/1164727/000095012310038469/c98493e10vq.htm,4.566191446028514,1.1120162932790223,1.4562118126272912,0.8268839103869654,7.0,27.30142566191446,26.918533604887983,23.116089613034625,9.468431771894094,25006630000.0,26216630000.0,11.449922161172164,11.15371543264942,34.9743076923077,61.59268472906404,2.20322731277533,2.20322731277533,11.693412132024978,22.12373839662447,36.66661538461538,64.57298029556651,0.0218342095676226,0.0162356942938732,0.4029955947136563,0.2019871936409803,1.021097046413502,2.9612518628912072,12.093333333333334,0.962314939434724,0.0019594803458122,0.0897435897435897,0.0200713648528099,0.0205173951828724,0.008302053433429,0.4321678321678321,0.1378233719892952,1.3794642857142858,0.0080285459411239,24.04938744434732,0.037076675738554,0.0243131317629247,-10.390529531568228,3948000000.0,13217000000.0,-3279000000.0,16592000000.0,570500000.0,376000000.0,497000000.0,24.125780553077607,34.90196078431372,49.11764705882353,3.73044925124792,2.5786516853932584,1.8323353293413176,0.0481057268722466,0.6293279022403259,2010-04-27,0.79,bmo,2133951807.0,2025-04-25,2010-03-31,0.0506329113924049,48.26426229508196,8728027.68852459
2009-12-31,NEM,USD,1164727,2010-02-25,2010-02-25 06:06:09,2009,Q4,2518000000.0,889000000.0,1629000000.0,0.6469420175,35000000,159000000.0,-109000000.0,50000000.0,364000000.0,449000000.0,1338000000.0,16000000.0,55000000.0,240000000.0,1458000000.0,0.579030977,1180000000.0,0.4686258936,-17000000.0,1163000000.0,0.4618745036,294000000.0,558000000.0,0.221604448,1.14,1.14,491000000,491000000,https://www.sec.gov/Archives/edgar/data/1164727/000095012310016613/0000950123-10-016613-index.htm,https://www.sec.gov/Archives/edgar/data/1164727/000095012310016613/d70495e10vk.htm,5.128309572301426,1.1364562118126271,2.0325865580448066,1.105906313645621,6.661914460285132,25.688391038696537,25.24643584521385,21.79837067209776,9.90631364562118,23229210000.0,24823210000.0,10.407352150537635,9.225262112787927,23.275761523046093,42.77939226519337,2.1703456974679995,2.1703456974679995,9.85830420969023,17.025521262002744,24.87295591182365,45.71493554327809,0.0240214798523066,0.0233757411465994,0.4493132766514061,0.2156598950625588,1.093278463648834,2.5094827586206896,21.454545454545453,1.1510957324106112,0.0141201530314634,0.5878136200716846,0.0631453534551231,0.0138999205718824,0.0097313780887035,0.4559118236472946,0.1806989674344718,1.8958333333333333,0.0051628276409849,23.609110731839166,0.0473346482821259,0.0252694502309573,-11.738289205702648,3502000000.0,12396000000.0,-3864000000.0,16089000000.0,467000000.0,367000000.0,486000000.0,19.3010325655282,40.08998875140608,49.910011248593925,4.662962962962963,2.244949494949495,1.8032454361054768,0.0521349154442679,0.9266802443991852,2010-02-25,0.79,bmo,1744929824.0,2025-04-25,2009-12-31,0.4430379746835441,48.65859375,8633695.390625
2009-09-30,NEM,USD,1164727,2009-10-29,2009-10-28 17:51:58,2009,Q3,2049000000.0,820000000.0,1229000000.0,0.5998047828,27000000,39000000.0,8000000.0,47000000.0,266000000.0,340000000.0,1160000000.0,0.0,10000000.0,199000000.0,1088000000.0,0.5309907272,889000000.0,0.4338701806,15000000.0,904000000.0,0.4411908248,253000000.0,388000000.0,0.1893606637,0.79,0.79,490000000,491000000,https://www.sec.gov/Archives/edgar/data/1164727/000095012309054293/0000950123-09-054293-index.htm,https://www.sec.gov/Archives/edgar/data/1164727/000095012309054293/c91265e10vq.htm,4.181632653061224,0.7918367346938775,2.153061224489796,1.3285714285714283,6.206122448979592,23.814285714285717,23.43061224489796,20.251020408163264,10.06734693877551,21569800000.0,23470800000.0,13.89806701030928,10.5269887750122,20.44530805687204,33.13333333333333,2.1737176257180293,2.1737176257180293,11.45475841874085,21.57242647058824,22.247203791469197,36.05345622119816,0.0179881130098563,0.0301810865191146,0.496120124962209,0.2327989785785217,1.7472426470588236,2.2889595638346205,88.9,1.6356589147286822,0.0024107780322487,0.134020618556701,0.0190336749633967,0.0131771595900439,0.0088901499030595,0.3829383886255924,0.1971693509028794,2.030150753768844,0.0068326012689116,18.99470431909718,0.0333940852772185,0.0185123336037024,-12.044897959183674,2837000000.0,11481000000.0,-4440000000.0,15175000000.0,453000000.0,324000000.0,480000000.0,17.306002928257687,37.09756097560975,52.573170731707314,5.200507614213198,2.42603550295858,1.7118997912317329,0.0391010783029325,0.8244897959183674,2009-10-29,0.55,bmo,1426518987.0,2025-04-25,2009-09-30,0.4363636363636363,41.89046875,6970984.8125
2009-06-30,NEM,USD,1164727,2009-07-23,2009-07-22 19:17:21,2009,Q2,1602000000.0,747000000.0,855000000.0,0.5337078652,42000000,40000000.0,0.0,40000000.0,292000000.0,382000000.0,1129000000.0,6000000.0,23000000.0,176000000.0,649000000.0,0.4051186017,473000000.0,0.2952559301,-14000000.0,459000000.0,0.2865168539,136000000.0,306000000.0,0.191011236,0.62,0.62,490000000,491000000,https://www.sec.gov/Archives/edgar/data/1164727/000095012309024448/0000950123-09-024448-index.htm,https://www.sec.gov/Archives/edgar/data/1164727/000095012309024448/c87899e10vq.htm,3.269387755102041,0.6244897959183674,1.0346938775510204,-0.1489795918367347,1.1489795918367347,21.946938775510205,21.56326530612245,18.90408163265306,6.2326530612244895,20026300000.0,22513300000.0,16.361356209150326,12.500811485642949,39.49960552268245,-274.33287671232875,2.161966965346,2.161966965346,14.053245942571785,34.689214175654854,44.40493096646943,-308.4013698630137,0.015279906922397,-0.0036452065533823,0.3272158048148548,0.1673568549500303,3.832049306625578,1.325242718446602,20.565217391304348,1.584375,0.0080394281519801,0.5261437908496732,0.0249687890137328,0.0262172284644194,0.01038043178179,1.143984220907298,0.3620474406991261,3.3142857142857145,0.0099875156054931,16.297902834965992,0.0201997725362211,0.0170730346482173,-12.590816326530613,603000000.0,10566000000.0,-4900000000.0,12616000000.0,530500000.0,293000000.0,478000000.0,28.764044943820224,37.34939759036145,57.95180722891566,3.12890625,2.4096774193548387,1.553014553014553,0.033034653999784,1.183673469387755,2009-07-23,0.47,bmo,1751023255.0,2025-04-25,2009-06-30,-0.0851063829787233,42.97285714285714,6883948.476190476
2009-03-31,NEM,USD,1164727,2009-04-30,2009-04-29 21:31:34,2009,Q1,1552000000.0,794000000.0,758000000.0,0.4884020619,31000000,39000000.0,9000000.0,48000000.0,269000000.0,348000000.0,1142000000.0,0.0,32000000.0,192000000.0,593000000.0,0.3820876289,410000000.0,0.2641752577,-23000000.0,387000000.0,0.2493556701,105000000.0,189000000.0,0.1217783505,0.4,0.4,472000000,473000000,https://www.sec.gov/Archives/edgar/data/1164727/000089161809000150/0000891618-09-000150-index.htm,https://www.sec.gov/Archives/edgar/data/1164727/000089161809000150/c84430e10vq.htm,3.288135593220339,0.4004237288135593,0.8199152542372882,0.1207627118644067,3.101694915254237,21.67161016949153,21.27330508474576,18.58262711864407,6.364406779661017,21126720000.0,22647720000.0,27.945396825396823,13.61257731958763,54.59100775193798,370.6442105263158,2.408701402348649,2.408701402348649,14.592603092783506,38.19177065767285,58.52124031007752,397.3284210526316,0.0089460171763529,0.0026980051801699,0.3388439174552503,0.1745668135095447,2.564924114671164,2.133036282622533,12.8125,1.3971119133574008,0.0023193377864618,0.2592592592592592,0.0251288659793814,0.0199742268041237,0.0110425844346549,0.8527131782945736,0.2126288659793814,1.71875,0.009020618556701,12.93911932648382,0.0190571978007578,0.0112252776622913,-9.921080508474576,1780000000.0,10041000000.0,-3445000000.0,12162000000.0,438000000.0,344000000.0,497000000.0,31.836340206185568,31.28463476070529,53.841309823677584,2.8269581056466304,2.8768115942028984,1.671578947368421,0.0215482841181165,0.6991525423728814,2009-04-30,0.42,bmo,1481454545.0,2025-04-25,2009-03-31,0.0476190476190476,40.32131147540984,10900254.721311476
2008-12-31,NEM,USD,1164727,2009-02-19,2009-02-19 00:00:00,2008,Q4,1342000000.0,828000000.0,514000000.0,0.3830104322,52000000,144000000.0,-136000000.0,8000000.0,552000000.0,612000000.0,1440000000.0,0.0,0.0,192000000.0,-173000000.0,-0.1289120715,-98000000.0,-0.0730253353,56000000.0,-42000000.0,-0.0312965723,-88000000.0,10000000.0,0.0074515648,0.0212,0.0212,454000000,472000000,https://www.sec.gov/Archives/edgar/data/1164727/000095013409003236/0000950134-09-003236-index.htm,https://www.sec.gov/Archives/edgar/data/1164727/000095013409003236/d65086e10vk.htm,2.9559471365638768,0.0220264317180616,0.5044052863436124,-0.6409691629955947,0.9845814977973568,15.6431718061674,15.22907488986784,15.6431718061674,7.801762114537444,18477800000.0,21584800000.0,461.945,13.768852459016394,80.68908296943232,-63.49759450171821,2.6017741481272885,2.6017741481272885,16.084053651266768,-124.76763005780349,94.25676855895196,-74.1745704467354,0.0005411899685027,-0.0157486280834298,0.4987327513376514,0.2236252288654587,-17.959537572254334,1.4793233082706767,0.0,-16.357142857142858,0.0081719685243914,15.1,0.1073025335320417,0.0387481371087928,0.0118694362017804,2.2707423580786026,0.3874813710879284,2.708333333333333,0.03725782414307,2.784362270243441,0.0074474974558238,0.0006389368091495,-17.148127753303964,765000000.0,6914000000.0,-6376000000.0,11085000000.0,324500000.0,371500000.0,513500000.0,21.929955290611023,44.78260869565217,56.41304347826087,4.103975535168196,2.0097087378640777,1.5953757225433527,0.0014080540692762,1.145374449339207,2009-02-19,0.25,bmo,1290384615.0,2025-04-25,2008-12-31,0.04,31.00609375,9713395.609375
2008-09-30,NEM,USD,1164727,2008-10-29,2008-10-28 20:33:48,2008,Q3,1392000000.0,871000000.0,521000000.0,0.3742816092,45000000,37000000.0,10000000.0,47000000.0,189000000.0,281000000.0,1152000000.0,0.0,35000000.0,189000000.0,443000000.0,0.3182471264,240000000.0,0.1724137931,-18000000.0,212000000.0,0.1522988506,3000000.0,191000000.0,0.1372126437,0.42,0.42,454000000,455000000,https://www.sec.gov/Archives/edgar/data/1164727/000119312508218206/0001193125-08-218206-index.htm,https://www.sec.gov/Archives/edgar/data/1164727/000119312508218206/d10q.htm,3.066079295154185,0.4207048458149779,0.4383259911894273,-0.5704845814977973,1.9383259911894275,21.037444933920703,20.623348017621144,17.7863436123348,7.779735682819383,17597040000.0,20240040000.0,23.032774869109947,12.641551724137932,88.42733668341708,-67.94223938223938,2.1792,2.1792,14.540258620689656,45.68857787810384,101.70874371859296,-78.14687258687259,0.0108540981892409,-0.0147183844555675,0.4330650154798761,0.209426278596239,5.966139954853273,1.6935483870967742,6.857142857142857,1.0153061224489797,0.0082400221855493,0.7591623036649214,0.0265804597701149,0.0323275862068965,0.0112588333932207,2.301507537688442,0.3290229885057471,2.4232804232804237,0.0100574712643678,12.97547769095186,0.0154744129224921,0.0115687462144155,-12.712555066079297,1075000000.0,9363000000.0,-4522000000.0,11435000000.0,366000000.0,326000000.0,481000000.0,20.81896551724138,34.20206659012629,52.49138920780712,4.322981366459628,2.6314199395770395,1.7145669291338583,0.0236532507739938,1.0088105726872247,2008-10-29,0.42,bmo,1499076923.0,2025-04-25,2008-09-30,-0.0714285714285713,44.62578125,8961539.84375
2008-06-30,NEM,USD,1164727,2008-07-24,2008-07-23 19:32:24,2008,Q2,1522000000.0,818000000.0,704000000.0,0.4625492773,39000000,37000000.0,0.0,37000000.0,184000000.0,260000000.0,1078000000.0,7000000.0,35000000.0,184000000.0,513000000.0,0.3370565046,444000000.0,0.2917214192,-149000000.0,310000000.0,0.2036793693,-37000000.0,271000000.0,0.1780551905,0.6,0.59,454000000,456000000,https://www.sec.gov/Archives/edgar/data/1164727/000119312508156501/0001193125-08-156501-index.htm,https://www.sec.gov/Archives/edgar/data/1164727/000119312508156501/d10q.htm,3.352422907488987,0.5969162995594713,0.8149779735682819,-0.1607929515418502,2.440528634361234,22.33920704845815,21.9295154185022,18.931718061674008,7.447136563876652,23680640000.0,25990640000.0,21.84560885608856,15.558896189224704,64.00172972972973,-324.3923287671233,2.755164630599185,2.755164630599185,17.07663600525624,50.66401559454191,70.24497297297297,-356.03616438356164,0.0114439474608794,-0.0030826869544066,0.3892961023851076,0.1940497593226236,4.502923976608187,1.7617574257425743,12.685714285714283,1.3357400722021662,0.0040117158995702,0.3505535055350554,0.0243101182654402,0.0256241787122207,0.0107869860233138,1.1972972972972973,0.2910643889618922,2.407608695652174,0.0085413929040735,15.945678082720322,0.0312810642237598,0.015887905258838,-12.023127753303966,1231000000.0,9956000000.0,-4254000000.0,11449000000.0,430500000.0,312500000.0,438500000.0,24.24441524310118,35.31784841075795,49.95110024449878,3.71219512195122,2.5482866043613708,1.801762114537445,0.0315299592786503,0.9757709251101322,2008-07-24,0.48,bmo,1432470588.0,2025-04-25,2008-06-30,0.0625,47.04078125,6217296.828125
2008-03-31,NEM,USD,1164727,2008-04-24,2008-04-23 18:56:59,2008,Q1,1943000000.0,791000000.0,1152000000.0,0.5928975811,30000000,23000000.0,45000000.0,68000000.0,182000000.0,280000000.0,1071000000.0,0.0,0.0,182000000.0,983000000.0,0.5059186824,872000000.0,0.4487905301,-13000000.0,796000000.0,0.4096757591,235000000.0,365000000.0,0.1878538343,0.81,0.8,453000000,457000000,https://www.sec.gov/Archives/edgar/data/1164727/000119312508088181/0001193125-08-088181-index.htm,https://www.sec.gov/Archives/edgar/data/1164727/000119312508088181/d10q.htm,4.289183222958058,0.8057395143487859,1.0905077262693157,0.0883002207505518,2.368653421633554,20.717439293598236,20.306843267108167,17.399558498896248,6.947019867549669,20520900000.0,22653900000.0,14.055410958904108,10.561451363870304,41.54028340080971,513.0225,2.6035143364628266,2.6035143364628266,11.65923829130211,23.045676500508648,45.8580971659919,566.3475,0.01778674424611,0.001949232246149,0.399264146155798,0.1965155488947171,2.169888097660224,1.7954866008462624,0.0,1.335135135135135,0.0069685052799828,0.3917808219178082,0.0118373648996397,0.0154400411734431,0.0116148370176095,0.9190283400809716,0.233659289758106,2.4945054945054945,0.0056613484302624,17.7606029129824,0.0413652025355288,0.0230603992923932,-11.05132450331126,1128000000.0,9199000000.0,-4083000000.0,11058000000.0,398000000.0,321500000.0,443000000.0,20.890375707668557,34.58912768647282,48.12895069532238,4.308203991130821,2.601973684210526,1.8699763593380616,0.0463080436437452,1.0022075055187638,2008-04-24,0.54,bmo,1295333333.0,2025-04-25,2008-03-31,0.5,51.24377049180328,9753745.360655738
2007-12-31,NEM,USD,1164727,2008-02-21,2008-02-21 14:14:16,2007,Q4,1322000000.0,542000000.0,780000000.0,0.5900151286,17000000,143000000.0,202000000.0,345000000.0,138000000.0,500000000.0,1042000000.0,0.0,0.0,138000000.0,418000000.0,0.3161875946,280000000.0,0.2118003026,-1455000000.0,-1175000000.0,-0.8888048411,95000000.0,-289000000.0,-0.2186081694,-0.64,-0.64,453000000,453000000,https://www.sec.gov/Archives/edgar/data/1164727/000119312508035169/0001193125-08-035169-index.htm,https://www.sec.gov/Archives/edgar/data/1164727/000119312508035169/d10k.htm,2.9183222958057398,-0.6379690949227373,1.479028697571744,0.3576158940397351,2.852097130242825,19.86092715231788,19.450331125827816,16.662251655629138,6.485651214128035,22119990000.0,23826990000.0,-19.13493944636678,16.732216338880484,33.0149104477612,136.54314814814813,2.9305763116057237,2.9305763116057237,18.023441754916792,57.00236842105263,35.56267164179104,147.08018518518517,-0.0130651053639716,0.0073236922801502,0.3892421833598304,0.1883574817284267,4.083732057416268,1.7813333333333334,0.0,-2.3183391003460208,0.0020343589667083,-0.1557093425605536,0.1081694402420574,0.0128593040847201,0.0119246057186818,0.7582089552238805,0.3842662632375189,3.681159420289855,0.0347957639939485,,0.0221761777586532,-0.0187516221126395,-10.637417218543046,1172000000.0,8811000000.0,-3929000000.0,10498000000.0,422000000.0,302000000.0,622500000.0,23.487140695915283,56.291512915129154,76.8819188191882,3.8318840579710143,1.59882005899705,1.1706263498920086,-0.0382882882882882,1.1214128035320088,2008-02-21,0.37,bmo,978280000.0,2025-04-25,2007-12-31,0.3513513513513513,48.73875,7921198.53125
2007-09-30,NEM,USD,1164727,2007-10-31,2007-10-31 17:25:08,2007,Q3,1646000000.0,785000000.0,861000000.0,0.5230862697,16000000,40000000.0,10000000.0,50000000.0,176000000.0,242000000.0,1027000000.0,0.0,0.0,176000000.0,811000000.0,0.492709599,619000000.0,0.3760631835,-12000000.0,607000000.0,0.3687727825,84000000.0,397000000.0,0.2411907655,0.88,0.88,452000000,453000000,https://www.sec.gov/Archives/edgar/data/1164727/000119312507231276/0001193125-07-231276-index.htm,https://www.sec.gov/Archives/edgar/data/1164727/000119312507231276/d10q.htm,3.6415929203539834,0.8783185840707964,1.2300884955752212,0.2367256637168141,4.730088495575221,20.210176991150444,17.289823008849556,16.878318584070797,6.710176991150442,20801040000.0,22781040000.0,13.098891687657432,12.637326852976914,37.41194244604317,194.4022429906542,2.7265749115218245,2.7265749115218245,13.840243013365734,28.090061652281136,40.973093525179856,212.9069158878505,0.0190855841823293,0.0051439735705522,0.3975619347227684,0.2024159103043246,2.441430332922318,2.276202219482121,0.0,1.4005037783375316,0.0033171418352159,0.1738035264483627,0.0243013365735115,0.0097205346294046,0.0880939668980245,0.8075539568345323,0.272782503037667,2.551136363636364,0.0,18.26341068381751,0.0390724816095491,0.0290544496487119,-6.517146017699115,2070000000.0,7815000000.0,-2157000000.0,10724000000.0,432500000.0,269500000.0,762500000.0,27.284325637910086,30.38216560509554,89.65605095541402,3.298597194388777,2.962264150943396,1.0038363171355498,0.0520382750032769,0.9933628318584072,2007-10-31,0.25,bmo,1140677997.0,2025-04-25,2007-09-30,1.2799999999999998,42.48825396825397,10099213.57142857
2007-06-30,NEM,USD,1164727,2007-08-02,2007-08-02 14:46:20,2007,Q2,1302000000.0,807000000.0,495000000.0,0.3801843318,13000000,36000000.0,0.0,36000000.0,193000000.0,242000000.0,1049000000.0,0.0,0.0,189000000.0,469000000.0,0.3602150538,253000000.0,0.1943164363,-584000000.0,-331000000.0,-0.2542242704,-23000000.0,-2062000000.0,-1.5837173579,-4.57,-4.57,451000000,451000000,https://www.sec.gov/Archives/edgar/data/1164727/000119312507169323/0001193125-07-169323-index.htm,https://www.sec.gov/Archives/edgar/data/1164727/000119312507169323/d10q.htm,2.886917960088692,-4.572062084257206,-1.376940133037694,-2.155210643015521,3.760532150776053,19.09090909090909,16.164079822616408,16.19068736141907,5.88470066518847,17616060000.0,19602060000.0,-2.135797769156159,13.53,-28.3672463768116,-18.12351851851852,2.412497945768283,2.412497945768283,15.055345622119816,41.79543710021322,-31.56531400966184,-20.166728395061728,-0.1170522807029494,-0.0551769237843195,0.3634620651876198,0.1914724767332804,4.23454157782516,2.4105180533751964,0.0,0.3011639185257032,0.0090826211990649,-0.0775945683802133,0.0276497695852534,0.009984639016897,0.0952312242983911,-0.5652173913043478,0.2695852534562212,1.8571428571428568,0.0,,0.018467205803031,-0.16442070010366,-6.450110864745011,1797000000.0,7290000000.0,-2180000000.0,10141000000.0,391500000.0,282500000.0,562000000.0,25.299539170506915,30.55762081784387,82.86245353159852,3.557377049180328,2.9452554744525545,1.086137281292059,-0.282388386743358,0.7782705099778271,2007-08-02,0.22,bmo,1193500000.0,2025-04-25,2007-06-30,0.0909090909090908,41.24825396825397,7036417.904761905
2007-03-31,NEM,USD,1164727,2007-04-27,2007-04-27 17:19:06,2007,Q1,1256000000.0,844000000.0,412000000.0,0.3280254777,18000000,37000000.0,22000000.0,59000000.0,192000000.0,269000000.0,1113000000.0,0.0,0.0,192000000.0,396000000.0,0.3152866242,143000000.0,0.1138535032,-3000000.0,186000000.0,0.148089172,62000000.0,68000000.0,0.0541401274,0.15,0.15,451000000,452000000,https://www.sec.gov/Archives/edgar/data/1164727/000119312507093862/0001193125-07-093862-index.htm,https://www.sec.gov/Archives/edgar/data/1164727/000119312507093862/d10q.htm,2.7849223946784925,0.1507760532150776,0.1286031042128603,-0.6740576496674058,2.0310421286031044,22.9490022172949,16.328159645232816,20.37028824833703,4.1906873614190685,18937490000.0,20041490000.0,69.623125,15.077619426751593,326.50844827586207,-62.294375,2.061335582888865,2.061335582888865,15.956600318471338,50.60982323232323,345.5429310344828,-65.92595394736843,0.0035907609720189,-0.0160528137572613,0.2057254816588657,0.1245469522240527,2.787878787878788,1.5654843110504777,0.0,0.8529411764705882,0.0023762388785419,0.6617647058823529,0.0294585987261146,0.0143312101910828,0.1967710049423393,6.241379310344827,0.2882165605095541,1.8854166666666667,0.0,8.31296652592196,0.0068718614094524,0.00557880055788,-7.551552106430155,829000000.0,7364000000.0,-2530000000.0,10851000000.0,387500000.0,315500000.0,570500000.0,29.880573248407643,31.03080568720379,40.627962085308056,3.011990407673861,2.900343642611684,2.215223097112861,0.0074017633612713,0.802660753880266,2007-04-26,0.24,bmo,2740363636.0,2025-04-25,2007-03-31,-0.5416666666666667,44.010327868852464,6979478.983606557
2006-12-31,NEM,USD,1164727,2007-02-26,2007-02-23 18:17:03,2006,Q4,1460000000.0,786000000.0,674000000.0,0.4616438356,26000000,149000000.0,0.0,-18000000.0,192000000.0,200000000.0,986000000.0,0.0,0.0,192000000.0,666000000.0,0.4561643836,474000000.0,0.3246575342,-114000000.0,360000000.0,0.2465753425,62000000.0,223000000.0,0.152739726,0.49,0.49,451000000,451000000,https://www.sec.gov/Archives/edgar/data/1164727/000119312507038537/0001193125-07-038537-index.htm,https://www.sec.gov/Archives/edgar/data/1164727/000119312507038537/d10k.htm,3.237250554323725,0.4944567627494456,0.951219512195122,-0.0288248337028824,2.827050997782705,23.137472283813747,16.47671840354767,20.70288248337029,4.237250554323725,20362650000.0,21107650000.0,22.828082959641257,13.947020547945206,47.465384615384615,-1566.3576923076923,2.180855735246867,2.180855735246867,14.457294520547944,31.693168168168167,49.20198135198135,-1623.6653846153847,0.0109514233167097,-0.0006384237807947,0.2046695940880368,0.1224921479392346,1.1186186186186189,1.5192639447958598,0.0,1.923766816143497,0.0022099284719817,0.2017937219730941,0.1020547945205479,0.0178082191780821,0.1925517595025959,1.0303030303030305,0.3027397260273972,2.302083333333333,0.0,15.176472109056284,0.0279483344017855,0.0177026276097483,-7.189578713968958,903000000.0,7431000000.0,-2524000000.0,10754000000.0,328000000.0,249000000.0,566000000.0,22.068493150684933,38.93129770992366,87.02290076335878,4.078212290502793,2.3117647058823527,1.0342105263157897,0.0238834743493627,0.9800443458980044,2007-02-22,0.4,bmo,1242553191.0,2025-04-25,2006-12-31,0.1749999999999998,44.88746031746032,6651746.317460317
2006-09-30,NEM,USD,1164727,2006-11-01,2006-11-01 17:11:01,2006,Q3,1102000000.0,632000000.0,470000000.0,0.4264972777,19000000,29000000.0,37000000.0,66000000.0,153000000.0,238000000.0,870000000.0,0.0,0.0,149000000.0,419000000.0,0.3802177858,232000000.0,0.2105263158,-71000000.0,521000000.0,0.4727767695,206000000.0,198000000.0,0.1796733212,0.44,0.44,450000000,452000000,https://www.sec.gov/Archives/edgar/data/1164727/000119312506220752/0001193125-06-220752-index.htm,https://www.sec.gov/Archives/edgar/data/1164727/000119312506220752/d10q.htm,2.448888888888889,0.44,0.5,-0.3911111111111111,2.96,22.293333333333333,15.86,20.08,3.997777777777778,19237500000.0,19977500000.0,24.289772727272727,17.45689655172414,85.5,-109.30397727272728,2.12898406374502,2.12898406374502,18.128402903811253,47.67899761336516,88.78888888888889,-113.50852272727272,0.0102923976608187,-0.0091487979207277,0.1990925188136343,0.1189736128562925,1.766109785202864,1.583028083028083,0.0,1.1363636363636365,0.0022871994801819,0.2222222222222222,0.0263157894736842,0.0172413793103448,0.1914555915614046,1.7822222222222222,0.3638838475499092,2.6912751677852347,0.0,14.09936168767934,0.0104033756590904,0.0161949942744969,-7.438888888888889,955000000.0,7137000000.0,-2496000000.0,10397000000.0,325500000.0,194500000.0,360500000.0,24.337568058076226,22.5,52.9746835443038,3.697986577181208,4.0,1.6989247311827955,0.0219123505976095,0.8911111111111111,2006-11-01,0.43,bmo,1247000000.0,2025-04-25,2006-09-30,-0.1162790697674418,50.33619047619048,6507838.19047619
2006-06-30,NEM,USD,1164727,2006-07-27,2006-07-27 17:11:28,2006,Q2,1310000000.0,681000000.0,629000000.0,0.4801526718,28000000,37000000.0,0.0,37000000.0,153000000.0,218000000.0,899000000.0,0.0,0.0,153000000.0,560000000.0,0.427480916,411000000.0,0.313740458,-74000000.0,409000000.0,0.3122137405,120000000.0,161000000.0,0.1229007634,0.36,0.36,449000000,452000000,https://www.sec.gov/Archives/edgar/data/1164727/000119312506154983/0001193125-06-154983-index.htm,https://www.sec.gov/Archives/edgar/data/1164727/000119312506154983/d10q.htm,2.917594654788419,0.3585746102449889,0.7483296213808464,-0.0044543429844097,3.316258351893096,22.14922048997773,15.68596881959911,19.815144766146997,4.262806236080178,23765570000.0,24544570000.0,36.90305900621118,18.14165648854961,70.73086309523809,-11882.785,2.6711891648870405,2.6711891648870405,18.736312977099235,43.829589285714285,73.04931547619047,-12272.285,0.0067745061448136,-8.415535583619497e-05,0.2151286950657525,0.1290627107215104,1.3910714285714283,1.7089144936325045,0.0,2.0869565217391304,0.005638408841025,0.8322981366459627,0.0282442748091603,0.0213740458015267,0.1956844234659474,1.005952380952381,0.2580152671755725,2.2091503267973858,0.0,12.643859211413924,0.0216952938095013,0.0134976525821596,-6.585189309576838,1169000000.0,7043000000.0,-2067000000.0,10256000000.0,313500000.0,231500000.0,349000000.0,24.251908396946565,30.52863436123348,46.12334801762114,3.711048158640226,2.948051948051948,1.9512893982808024,0.018095987411487,0.7527839643652561,2006-07-27,0.47,bmo,1431860465.0,2025-04-25,2006-06-30,-0.0851063829787233,53.063968253968255,8038925.777777778
2006-03-31,NEM,USD,1164727,2006-04-28,2006-04-28 16:50:45,2006,Q1,1148000000.0,599000000.0,549000000.0,0.4782229965,21000000,37000000.0,0.0,37000000.0,142000000.0,200000000.0,799000000.0,0.0,0.0,142000000.0,470000000.0,0.4094076655,349000000.0,0.3040069686,-42000000.0,350000000.0,0.3048780488,38000000.0,209000000.0,0.1820557491,0.47,0.46,448000000,451000000,https://www.sec.gov/Archives/edgar/data/1164727/000119312506093063/0001193125-06-093063-index.htm,https://www.sec.gov/Archives/edgar/data/1164727/000119312506093063/d10q.htm,2.5625,0.4665178571428571,0.5245535714285714,-0.3013392857142857,3.3794642857142856,21.535714285714285,15.058035714285714,19.354910714285715,4.256696428571429,23246720000.0,24174720000.0,27.80708133971292,20.249756097560976,98.92221276595744,-172.19792592592592,2.680973359474109,2.680973359474109,21.058118466898957,51.43557446808511,102.8711489361702,-179.072,0.0089905156512402,-0.005807270875203,0.2199284972898166,0.1322010398613518,1.974468085106383,1.803595206391478,0.0,1.124401913875598,0.001935756958401,0.215311004784689,0.0322299651567944,0.0182926829268292,0.2011785095320624,1.574468085106383,0.3222996515679442,2.605633802816901,0.0,14.253482315260635,0.0237035102040816,0.0181376377679423,-6.435267857142857,1207000000.0,6746000000.0,-2068000000.0,10120000000.0,251500000.0,229500000.0,334500000.0,21.4808362369338,34.85809682804674,52.43739565943238,4.189781021897811,2.581896551724138,1.7163323782234956,0.0241033329489101,0.8258928571428571,2006-04-20,0.33,bmo,1023891891.0,2025-04-25,2006-03-31,0.1212121212121211,54.88629032258064,7652174.435483871
2005-12-31,NEM,USD,1164727,2006-03-02,2006-03-02 10:44:05,2005,Q4,1283000000.0,762000000.0,521000000.0,0.4060795012,23000000,134000000.0,-95000000.0,39000000.0,162000000.0,224000000.0,986000000.0,0.0,0.0,183000000.0,480000000.0,0.3741231489,297000000.0,0.2314886984,46000000.0,343000000.0,0.2673421668,128000000.0,62000000.0,0.0483242401,0.14,0.14,446000000,448000000,https://www.sec.gov/Archives/edgar/data/1164727/000119312506043441/0001193125-06-043441-index.htm,https://www.sec.gov/Archives/edgar/data/1164727/000119312506043441/d10k.htm,2.876681614349776,0.1390134529147982,1.0807174887892377,0.3183856502242152,4.257847533632287,20.867713004484305,14.41255605381166,18.780269058295964,4.325112107623318,23816400000.0,24663400000.0,96.03387096774192,18.563055339049104,49.41161825726141,167.72112676056338,2.843409742120344,2.843409742120344,19.223226812159,51.38208333333333,51.16887966804979,173.68591549295775,0.002603248181925,0.0059622780940864,0.2303008595988538,0.1378644939965694,1.7645833333333334,2.2488888888888887,0.0,7.774193548387097,0.0061302295896944,2.3548387096774195,0.1044427123928293,0.0179267342166796,0.2057604345340194,0.7053941908713693,0.265003897116134,1.85792349726776,0.0,7.6642661808166626,0.0144898957626103,0.0055790515612345,-5.50280269058296,1686000000.0,6428000000.0,-1649000000.0,10210000000.0,253500000.0,232000000.0,331000000.0,16.063912704598597,26.811023622047244,37.79527559055119,5.602620087336245,3.356828193832599,2.38125,0.0074021012416427,0.7623318385650224,2006-02-27,0.36,bmo,1319657142.0,2025-04-25,2005-12-31,-0.0277777777777778,46.82428571428572,6360966.984126984
2005-09-30,NEM,USD,1164727,2005-10-28,2005-10-28 16:13:22,2005,Q3,1164000000.0,643000000.0,521000000.0,0.4475945017,18000000,32000000.0,0.0,32000000.0,160000000.0,210000000.0,853000000.0,0.0,0.0,156000000.0,473000000.0,0.4063573883,311000000.0,0.2671821306,22000000.0,333000000.0,0.2860824742,94000000.0,126000000.0,0.1082474227,0.28,0.28,446000000,449000000,https://www.sec.gov/Archives/edgar/data/1164727/000119312505211099/0001193125-05-211099-index.htm,https://www.sec.gov/Archives/edgar/data/1164727/000119312505211099/d10q.htm,2.609865470852018,0.2825112107623318,0.9798206278026906,0.1838565022421524,4.589686098654709,20.77130044843049,14.062780269058296,18.71300448430493,4.5,21037820000.0,21949820000.0,41.74170634920635,18.07372852233677,48.14146453089245,256.5587804878049,2.520706925473281,2.520706925473281,18.857233676975945,46.40553911205074,50.22842105263158,267.6807317073171,0.0059892137113065,0.0038977422565646,0.2404744787922358,0.1438194195628807,1.9281183932346724,2.529032258064516,0.0,3.4682539682539684,0.0028044730870403,0.4682539682539682,0.0274914089347079,0.0154639175257731,0.2144034396273737,0.8123569794050344,0.3049828178694158,2.275641025641025,0.0,10.906385971617429,0.0151616770961968,0.0114932044148499,-5.077354260089686,1896000000.0,6272000000.0,-1555000000.0,10415000000.0,285500000.0,220500000.0,445500000.0,21.49484536082474,33.17262830482115,47.86936236391913,4.18705035971223,2.7130801687763717,1.8801169590643272,0.01509705248023,0.7959641255605381,2005-10-26,0.25,bmo,1164000000.0,2025-04-25,2005-09-30,0.0,40.638125,5105362.578125
2005-06-30,NEM,USD,1164727,2005-08-01,2005-07-29 17:31:59,2005,Q2,1006000000.0,598000000.0,408000000.0,0.4055666004,14000000,32000000.0,0.0,32000000.0,158000000.0,204000000.0,802000000.0,0.0,0.0,142000000.0,365000000.0,0.3628230616,204000000.0,0.2027833002,-4000000.0,200000000.0,0.1988071571,41000000.0,50000000.0,0.0497017893,0.11,0.11,446000000,449000000,https://www.sec.gov/Archives/edgar/data/1164727/000119312505152871/0001193125-05-152871-index.htm,https://www.sec.gov/Archives/edgar/data/1164727/000119312505152871/d10q.htm,2.25560538116592,0.1121076233183856,0.3049327354260089,-0.3991031390134529,4.123318385650224,19.932735426008968,13.22421524663677,18.05156950672646,4.668161434977579,17407380000.0,18748380000.0,87.0369,17.30355864811133,127.9954411764706,-97.79426966292137,2.1621388647373,2.1621388647373,18.636560636182903,51.36542465753425,137.85573529411764,-105.32797752808987,0.0028723449479473,-0.0102255480146926,0.258601415973171,0.154979901741849,3.673972602739726,2.771698113207547,0.0,2.72,0.0056872429969357,1.98,0.0318091451292246,0.0139165009940357,0.2227184755099002,2.3088235294117645,0.3121272365805169,2.211267605633803,0.0,6.747863919621476,0.0112188710570005,0.0047883547213177,-4.956838565022421,1878000000.0,5898000000.0,-1606000000.0,10214000000.0,275000000.0,210000000.0,419000000.0,26.21272365805169,30.70234113712375,82.62541806020067,3.433447098976109,2.931372549019608,1.0892531876138434,0.0062104086448888,0.7040358744394619,2005-07-27,0.17,bmo,900105263.0,2025-04-25,2005-06-30,0.1176470588235293,38.74171875,4713950.078125
2005-03-31,NEM,USD,1164727,2005-04-29,2005-04-29 16:09:41,2005,Q1,961000000.0,577000000.0,384000000.0,0.3995837669,18000000,31000000.0,0.0,31000000.0,168000000.0,217000000.0,794000000.0,0.0,0.0,134000000.0,291000000.0,0.3028095734,167000000.0,0.1737773153,26000000.0,190000000.0,0.197710718,51000000.0,84000000.0,0.087408949,0.19,0.19,446000000,448000000,https://www.sec.gov/Archives/edgar/data/1164727/000119312505090450/0001193125-05-090450-index.htm,https://www.sec.gov/Archives/edgar/data/1164727/000119312505090450/d10q.htm,2.1547085201793723,0.1883408071748878,0.42152466367713,-0.1210762331838565,4.86322869955157,19.80269058295964,13.02017937219731,17.984304932735427,4.8923766816143495,18843500000.0,19966500000.0,56.08184523809524,19.60822060353798,100.2313829787234,-348.9537037037037,2.3492706645056725,2.3492706645056725,20.776795005202917,68.61340206185567,106.20478723404256,-369.75,0.004457770584021,-0.0028657096611563,0.272035905747413,0.1618214179768614,3.859106529209622,2.8990081154192966,0.0,2.238095238095238,0.0032371905431581,0.7261904761904762,0.032258064516129,0.0187304890738813,0.2243399584692969,1.2872340425531914,0.2518210197710718,1.8059701492537312,0.0,8.729920756741778,0.0096450370419614,0.0080313605507218,-4.811098654708521,2106000000.0,5807000000.0,-1437000000.0,10531000000.0,232000000.0,220000000.0,276687000.0,24.06867845993757,33.69150779896014,45.07798960138648,3.7392996108949417,2.6712962962962963,1.9965397923875432,0.0104725096621368,0.5426008968609866,2005-04-27,0.3,bmo,2402500000.0,2025-04-25,2005-03-31,-0.6,42.83950819672131,4887345.721311475
2004-12-31,NEM,USD,1164727,2005-03-15,2005-03-15 14:59:33,2004,Q4,1230042000.0,780834000.0,449208000.0,0.3651972859,53416000,115848000.0,-79949000.0,35899000.0,34385000.0,70284000.0,851118000.0,0.0,0.0,169050000.0,552302000.0,0.4490106842,378924000.0,0.3080577736,210001000.0,588925000.0,0.4787844643,65844000.0,190423000.0,0.154810161,0.43,0.43,443000000,446000000,https://www.sec.gov/Archives/edgar/data/1164727/000119312505050868/0001193125-05-050868-index.htm,https://www.sec.gov/Archives/edgar/data/1164727/000119312505050868/d10k.htm,2.7766185101580136,0.4298487584650113,1.3193160270880362,0.8722483069977427,3.895864559819413,19.667539503386003,12.836986455981942,17.917968397291197,3.604372460496614,19673630000.0,20487661000.0,25.82885208194388,15.994274992236038,33.66138141899233,50.91440091509966,2.478517598385418,2.478517598385418,16.656066215625156,37.09503315215226,35.05418020487392,53.02107368933195,0.0096790983666969,0.0196408085340631,0.2011596616635129,0.1250314000310711,1.4738874746062842,2.4715137533435363,0.0,3.0692563398328985,0.0095053124410695,0.98204523613219,0.094182149877809,0.0434261594319543,0.2369437731154343,0.3388632525575021,0.1610115752145048,1.1715527950310558,0.0,13.16416995371512,0.0281517680177579,0.0195410802100371,-4.6154920993228,1620144000.0,5686785000.0,-1336819000.0,10006971000.0,230155500.0,215963000.0,252025500.0,15.145824288926718,25.818547860364685,30.472110589446665,5.942231884057971,3.485866071428572,2.9535203915664927,0.0239898156383619,0.4470677200902934,2005-02-24,0.32,bmo,1063820108.0,2025-04-25,2004-12-31,0.1562499999999999,46.4625,5155585.890625
2004-09-30,NEM,USD,1164727,2004-11-04,2004-11-04 15:39:29,2004,Q3,1162695000.0,582649000.0,580046000.0,0.4988806179,54093000,22298000000.0,-22275702000.0,22298000.0,167964000.0,244355000.0,827004000.0,0.0,0.0,192861000.0,511000000.0,0.4394961705,335691000.0,0.2887180215,-114868000.0,220823000.0,0.1899234107,92096000.0,129000000.0,0.1109491311,0.29,0.29,443000000,447000000,https://www.sec.gov/Archives/edgar/data/1164727/000119312504186239/0001193125-04-186239-index.htm,https://www.sec.gov/Archives/edgar/data/1164727/000119312504186239/d10q.htm,2.6245936794582394,0.291196388261851,0.9145485327313768,0.5386930022573363,3.498090293453725,19.156103837471782,12.184112866817156,17.296620767494357,3.815408577878104,20169790000.0,20443012000.0,39.08874031007752,17.34744709489591,49.78412667069815,84.51938267104144,2.632306079437482,2.632306079437482,17.582437354594283,40.00589432485323,50.45850744795074,85.66429071282806,0.0063957036736624,0.0118316055843913,0.2205869359781781,0.1361155606715994,0.5346810176125245,2.4312488424979293,0.0,3.1473195211571774,0.0063461245754169,0.992248062015504,19.1778583377412,0.0465238089094732,0.2487273487485203,0.4109738488689234,0.1432052257900825,0.8633368073379273,0.0,10.64547104050163,0.0167500235385143,0.0138278649487098,-4.67709085778781,1522438000.0,5397562000.0,-1345276000.0,9874990000.0,220884500.0,214900000.0,249405500.0,19.607885128946112,32.11769006726176,37.02216943648749,4.589990170186056,2.802194049806181,2.430975855004861,0.0168354496624622,0.3758555304740406,2004-10-27,0.25,bmo,937657258.0,2025-04-25,2004-09-30,0.24,41.91671875,4404576.6875
2004-06-30,NEM,USD,1164727,2004-08-02,2004-08-02 17:03:29,2004,Q2,1009171000.0,557582000.0,451589000.0,0.447485114,48226000,30493000000.0,-30454072000.0,38928000.0,173156000.0,260310000.0,817892000.0,0.0,0.0,171850000.0,360000000.0,0.3567284434,191279000.0,0.189540722,-58441000.0,129559000.0,0.1283816122,31310000.0,37000000.0,0.0366637567,0.08,0.08,462500000,462500000,https://www.sec.gov/Archives/edgar/data/1164727/000119312504129252/0001193125-04-129252-index.htm,https://www.sec.gov/Archives/edgar/data/1164727/000119312504129252/d10q.htm,2.181991351351351,0.08,0.5166118918918919,0.1154616216216216,3.625422702702703,17.854806486486485,11.17676972972973,16.20539027027027,3.796451891891892,17926500000.0,18207534000.0,121.125,17.763590115054832,75.02730891086621,335.6959607497987,2.391796763519326,2.391796763519326,18.0420701744303,50.576483333333336,76.2035131187404,340.9586711859329,0.002063983488132,0.0029788860067497,0.2342709326079424,0.1392707796038221,0.78065,2.685147584597202,0.0,6.372226370812887,0.0002231333500683,0.1081081081081081,30.215890072148326,0.0477877386488513,0.2449801582690456,0.7765021993613272,0.1838459488035229,1.079615944137329,0.0,5.400898303660836,0.0122035144632032,0.0038869927251254,-5.193518918918919,1703878000.0,5169256000.0,-1634678000.0,10060716000.0,201720000.0,219010500.0,270906000.0,16.807082248697196,35.812956659289576,41.82713932659232,5.354885438665379,2.5130569602567223,2.1517130133444478,0.0049366290268716,0.4011502702702703,2004-07-28,0.23,bmo,1221628052.0,2025-04-25,2004-06-30,-0.1739130434782609,39.63193548387097,5172072.838709678
2004-03-31,NEM,USD,1164727,2004-04-30,2004-04-30 15:33:09,2004,Q1,1135439000.0,574574000.0,560865000.0,0.4939631279,36674000,27158000000.0,-27124915000.0,33085000.0,182024000.0,251783000.0,826357000.0,0.0,0.0,166854000.0,477395000.0,0.4204497115,309082000.0,0.2722136548,-3000000.0,298004000.0,0.2624570761,86632000.0,87000000.0,0.0766223461,0.2,0.19,443000000,447000000,https://www.sec.gov/Archives/edgar/data/1164727/000119312504075449/0001193125-04-075449-index.htm,https://www.sec.gov/Archives/edgar/data/1164727/000119312504075449/d10q.htm,2.563067720090294,0.1963882618510158,0.7408961625282167,0.3619480812641084,4.103492099322799,18.54265237020316,11.57947855530474,16.868273137697518,4.306440180586908,20657090000.0,21016237000.0,59.35945402298851,18.19304251483347,62.93729453379929,128.830631833008,2.764361213465915,2.764361213465915,18.50934924729554,44.022742173671695,64.03153096884074,131.0704988680516,0.0042116290339055,0.0077621291285461,0.2552982243904267,0.1489036408609836,0.7523057426240325,2.4841417549735123,0.0,3.78649300308026,0.0024688859853929,0.5862068965517241,23.91850200671282,0.0322994013769123,0.2407654325863485,0.5114725928273063,0.1478494221177888,1.0061131288431802,0.0,8.633449133669776,0.0182641530598316,0.0089438900431989,-5.591827313769752,1765538000.0,5129709000.0,-1642462000.0,8768009000.0,152991000.0,189573500.0,378339000.0,17.040439865109445,33.85678781149164,44.278056438335184,5.281553804504563,2.658255724113682,2.032609541598568,0.0116424639468354,0.3789480812641083,2004-04-28,0.34,bmo,1286830866.0,2025-04-25,2004-03-31,-0.1176470588235295,44.07774193548387,6706260.193548387
2003-12-31,NEM,USD,1164727,2004-03-15,2004-03-15 16:11:13,2003,Q4,821317000.0,505092000.0,316225000.0,0.3850218612,32873000,130292000.0,-86948000.0,43344000.0,60262000.0,103606000.0,608698000.0,0.0,0.0,119221000.0,355246000.0,0.4325321405,212619000.0,0.2588756838,122734000.0,335353000.0,0.4083112854,-25578000.0,152464000.0,0.1856335617,0.34,0.34,425650310,442535000,https://www.sec.gov/Archives/edgar/data/1164727/000119312504042223/0001193125-04-042223-index.htm,https://www.sec.gov/Archives/edgar/data/1164727/000119312504042223/d10k.htm,1.9295580919464148,0.3581907411273822,0.3631784034175847,0.046956385395326,3.427696317195211,18.1651459386932,7.776336401587491,17.3499227570162,2.532595359791938,20690861569.1,20454861569.1,33.92745429921162,25.19229672477253,133.84606447566742,1035.2159688347424,2.801741580108328,2.801741580108328,24.90495334821999,57.57942825281635,132.31941605115566,1023.408293846,0.0073686636726472,0.0009659820077211,0.1459715639810426,0.0975565610859728,-0.6643283808966182,2.8297362110311752,0.0,1.007317677109941,0.0010780121420033,0.1462968307272536,0.1586378949906065,0.0400247407517438,0.4001809954751131,0.8707071099122177,0.1638831291693706,1.128995730617928,0.0,11.824892728640943,0.0219886469166112,0.0230030175015087,-3.650296883373585,1526000000.0,3310000000.0,-958000000.0,8296000000.0,71901000.0,155945000.0,447107500.0,9.97178921171728,29.04421372740016,84.4598607778385,9.025461538461538,3.098723926380368,1.0655949367088609,0.0206450914014895,0.3162220180222587,2004-02-04,0.31,bmo,795650843.0,2025-04-25,2003-12-31,0.032258064516129,44.1046875,5795619.5625
2003-09-30,NEM,USD,1164727,2003-11-03,2003-11-03 06:33:34,2003,Q3,896992000.0,462864000.0,434128000.0,0.4839820199,30646000,28954000000.0,-28925046000.0,28954000.0,151443000.0,211043000.0,673907000.0,0.0,0.0,152963000.0,360212000.0,0.4015777175,223085000.0,0.2487034444,-13358000.0,195411000.0,0.2178514413,80977000.0,114434000.0,0.1275752738,0.28,0.28,408379000,412922000,https://www.sec.gov/Archives/edgar/data/1164727/000119312503071167/0001193125-03-071167-index.htm,https://www.sec.gov/Archives/edgar/data/1164727/000119312503071167/d10q.htm,2.1964694560689946,0.2802151922601309,0.5129230445248164,0.1429260564328724,1.3325489312623813,15.505608760489643,4.705205213784255,14.60390225746182,3.3646514634689835,15963535110.000002,16918177110.000002,34.87498276299002,17.79674189959331,76.21026276215348,273.4980658922698,2.676681842349848,2.676681842349848,18.86101226097892,46.96727790856496,80.76774437023494,289.8536374383224,0.0071684623243829,0.0036563329862592,0.2303940004631176,0.1353051742681149,2.6502226466636314,1.6083361349433387,0.0,1.8304612265585405,0.0060550497952956,0.8446790289599245,32.27899468445649,0.0341652991331026,0.4343244760770182,0.7213499023712566,0.168450777710392,0.9878140465341292,0.0,9.595587203163417,0.0137411586691673,0.0199204255298407,-7.417509225498862,501227000.0,1921507000.0,-2497891000.0,7289905000.0,48886500.0,149966000.0,295336500.0,5.297906781777318,28.950404438452765,81.70726174427045,16.98784136964509,3.108764859963732,1.1014932832002666,0.0191876929412449,0.369996988091944,2003-10-29,0.24,bmo,768850285.0,2025-04-25,2003-09-30,0.1666666666666668,36.96234375,4752045.328125
2003-06-30,NEM,USD,1164727,2003-08-04,2003-08-04 12:54:29,2003,Q2,747222000.0,436127000.0,311095000.0,0.4163354398,30247000,31292000000.0,-31260708000.0,31292000.0,139337000.0,200876000.0,637003000.0,0.0,0.0,131585000.0,249556000.0,0.3339783893,110219000.0,0.1475050253,195491000.0,305710000.0,0.4091287462,89038000.0,90847000.0,0.1215796644,0.22,0.22,405388000,408242000,https://www.sec.gov/Archives/edgar/data/1164727/000119312503028325/0001193125-03-028325-index.htm,https://www.sec.gov/Archives/edgar/data/1164727/000119312503028325/d10q.htm,1.84322673586786,0.2240988879789238,0.2194194204071161,-0.1111034367075493,0.7073988376567634,15.20269470235922,4.167037504810207,14.309239543351062,3.585671011475426,13158894480.0,14337741480.0,36.21169240591324,17.610421641761082,147.93585699831365,-292.1601793960924,2.268464365395496,2.268464365395496,19.188061218754267,57.453002452355385,161.18877436762227,-318.3335142095915,0.0069038474423574,-0.0034227799355375,0.2505843165608018,0.1431877021474195,4.723777428713395,1.2002043561194564,0.0,0.979118738098121,0.0012325503502327,0.178530936629718,41.87778197108757,0.0404792685440203,0.4406902894176756,1.506351883080382,0.1793175254475912,1.0182771592506743,0.0,8.494139453970773,0.0082697045590816,0.0160000972189908,-8.838218570850643,176539000.0,1689267000.0,-2930303000.0,6993364000.0,36245000.0,138960500.0,336835500.0,5.416583023519115,31.169315359975418,35.17603817236722,16.61564119098975,2.8874551449265766,2.5585598798531017,0.0156611319071147,0.3305228571146654,2003-07-31,0.18,bmo,747222000.0,2025-04-25,2003-06-30,0.0,29.113333333333333,4331422.365079365
2003-03-31,NEM,USD,1164727,2003-05-09,2003-05-09 17:27:02,2003,Q1,864645000.0,406683000.0,457962000.0,0.5296532103,21472000,26410000000.0,-26383590000.0,26410000.0,130593000.0,178475000.0,585158000.0,0.0,0.0,124231000.0,410080000.0,0.4742755697,279487000.0,0.3232390172,-24158000.0,255329000.0,0.2952992269,62563000.0,117255000.0,0.1356105685,0.29,0.29,401890000,404219000,https://www.sec.gov/Archives/edgar/data/1164727/000093066103001994/0000930661-03-001994-index.htm,https://www.sec.gov/Archives/edgar/data/1164727/000093066103001994/d10q.htm,2.1514469133344947,0.2917589390131628,0.3383911020428475,0.1360695712757222,0.9762372788573987,14.800793749533456,7.320921147577695,13.867394063052078,4.130264500236383,10509423500.0,11789019500.0,22.407196921240036,12.154610851852494,77.27744566016646,192.18110085032453,1.885718389561985,1.885718389561985,13.6345199474929,28.74809671283652,86.68651651519163,215.5804973941666,0.0111571295989737,0.0052034252877905,0.2978399893633189,0.1632393919501995,3.12035700351151,1.5107286114817289,0.0,1.1598311372649357,0.0015309117574336,0.137213764871434,30.544327440741576,0.024833313093813,0.2956250998787932,0.5978925850760316,0.0940397504178015,0.6545145736571387,0.0,9.541151084699052,0.0220966835925036,0.0163707057700193,-8.84744146408221,358675000.0,2942205000.0,-3159328000.0,7133381000.0,54759500.0,115939500.0,500765000.0,2.864424127821245,28.078650939429483,111.3623387257397,31.41992804971111,3.205282197999669,0.8081726823432622,0.021039204459511,0.2023215307671253,2003-05-07,0.17,bmo,773629736.0,2025-04-25,2003-03-31,0.1176470588235293,27.380819672131143,5135364.262295082
2002-12-31,NEM,USD,1164727,2003-03-27,2003-03-27 17:28:26,2002,Q4,815041000.0,514571000.0,300470000.0,0.3686563007,-55901000,37415000.0,28664000.0,66079000.0,92399000.0,158478000.0,673049000.0,0.0,0.0,126307000.0,268299000.0,0.3291846668,141992000.0,0.1742145487,-98888000.0,43104000.0,0.0528856831,-24380000.0,82886000.0,0.1016954975,0.21,0.21,384935667,401890000,https://www.sec.gov/Archives/edgar/data/1164727/000104596903000796/0001045969-03-000796-index.htm,https://www.sec.gov/Archives/edgar/data/1164727/000104596903000796/d10k.htm,2.1173434157245814,0.2153242920978793,0.5849393010391006,0.4241695794845636,1.0777671064708068,14.999405082408224,3.465207603118783,14.07832130037459,4.7192405270151285,11174682413.01,12589603413.01,33.70497554777043,13.71057702987948,49.62908108316605,68.4396086001176,2.0620356206267,2.0620356206267,15.446589083260845,46.92378060674845,55.91303855416496,77.10532596559243,0.0074173025180116,0.0146114219595095,0.3352132989669415,0.1788961327361869,5.273672283534415,1.60535745959049,0.0,3.3365538498014344,0.0010784199098105,0.1453924667615761,0.0459056660953252,-0.0685867336735207,0.4372363119549347,0.2748485548311453,0.0759299225437738,0.4899649267261514,0.0,8.258728883939538,0.0232137810655779,0.0145042674947686,-9.49556721643048,419793000.0,1333882000.0,-3267456000.0,7177597000.0,60520500.0,114948000.0,510179500.0,9.054759208432458,18.36481263032701,87.15712700482537,9.939524390243902,4.90067619047619,1.0326177914861423,0.0152947420011042,0.160769721554537,2003-03-28,0.18,bmo,772144105.0,2025-04-25,2002-12-31,0.0555555555555556,25.60703125,4446086.15625
2002-09-30,NEM,USD,1164727,2002-11-14,2002-11-14 18:28:42,2002,Q3,728346000.0,432467000.0,295879000.0,0.406234125,25356000,29742000.0,0.0,29742000.0,183528000.0,238626000.0,671093000.0,0.0,0.0,168041000.0,225294000.0,0.3093227669,57253000.0,0.0786068709,-22062000.0,35191000.0,0.0483163222,11157000.0,24034000.0,0.0329980531,0.06,0.06,401422000,402960000,https://www.sec.gov/Archives/edgar/data/1164727/000095016802003443/0000950168-02-003443-index.htm,https://www.sec.gov/Archives/edgar/data/1164727/000095016802003443/d10q.htm,1.8144147555440409,0.0598721544907852,0.615462032474553,0.3729217631320655,0.766191190318418,14.21325936296466,7.699087244844578,13.390187882079209,4.549723233903473,11043119220.0,12577330220.0,114.8697597154032,15.16191373330807,44.6981268517769,73.76882424064289,2.054489469622609,2.054489469622609,17.268345291935425,55.82629905811961,50.90799894762406,84.01746317610672,0.0021763778440852,0.0135558619822633,0.3397803879953474,0.188791425550946,6.809817394160519,1.7375821585459936,0.0,7.555582739533319,0.0010920827494244,0.5017891320629109,0.0408349877668031,0.0348131245314726,0.2703065169546548,0.3940783615316117,0.1336741054388985,0.5793883635541326,0.0,4.247144504790361,0.0042763565732388,0.0034047223842293,-8.396570815750009,465598000.0,3090583000.0,-2871589000.0,7271224000.0,47288500.0,131497000.0,521761500.0,4.824204430311967,25.991902272312107,108.64130673554284,18.655925821572197,3.462616897258519,0.8284141888966788,0.0044713453625931,0.2425402693424874,2002-11-12,0.16,bmo,1942256000.0,2025-04-25,2002-09-30,-0.625,26.87421875,4703803.46875
2002-06-30,NEM,USD,1164727,2002-08-14,2002-08-14 17:23:57,2002,Q2,636979000.0,393542000.0,243437000.0,0.3821742946,18788000,27652000.0,0.0,27652000.0,95037000.0,141477000.0,535019000.0,0.0,0.0,135755000.0,238501000.0,0.3744252165,101960000.0,0.1600680713,-7981000.0,93979000.0,0.1475386159,27882000.0,64781000.0,0.10170037,0.16,0.16,397532000,399468000,https://www.sec.gov/Archives/edgar/data/1164727/000102140802011001/0001021408-02-011001-index.htm,https://www.sec.gov/Archives/edgar/data/1164727/000102140802011001/d10q.htm,1.602333900164012,0.1629579505549238,0.3156500608756025,0.0954614974391998,0.7706423633820674,14.442376965879475,7.864461225762957,13.678003280239077,4.501506796937102,10800944440.0,12305032440.0,41.68253206958831,16.956515740707307,86.07633378758537,284.6173664655195,1.9864010443142035,1.9864010443142035,19.31779923670953,51.59321109764739,98.06291342912472,324.2518232364489,0.0059977162515614,0.0035134890481854,0.3291055503284263,0.1835333952600712,6.306422195294779,1.6842209000283632,0.0,1.8765197625207497,0.0011183281302019,0.1864589926058566,0.0434111642613021,0.0294954778728969,0.2681917997635133,0.6975717439293598,0.137417403085502,0.6447791978196015,0.0,7.081746684272456,0.0077550766994858,0.0090789467967635,-8.553214583983177,426986000.0,3126375000.0,-2957891000.0,7271630000.0,53143000.0,111676500.0,515528000.0,7.846789297606358,31.581940428213507,119.25865600113838,11.469659320080668,2.849729901953685,0.7546622024579994,0.0119138698256018,0.2201885634364026,2002-08-07,0.14,bmo,557356625.0,2025-04-25,2002-06-30,0.1428571428571427,29.08265625,5176159.734375
2002-03-31,NEM,USD,1164727,2002-05-15,2002-05-14 21:59:34,2002,Q1,491598000.0,339168000.0,152430000.0,0.3100704234,11757000,20443000.0,0.0,20443000.0,133438000.0,165638000.0,504806000.0,2800000.0,28200000.0,112690000.0,142454000.0,0.2897774198,-13208000.0,-0.0268674812,-39842000.0,-7904000.0,-0.0160781777,1087000.0,-8991000.0,-0.018289334,-0.0319,-0.0319,281467000,281467000,https://www.sec.gov/Archives/edgar/data/1164727/000095016802001412/0000950168-02-001412-index.htm,https://www.sec.gov/Archives/edgar/data/1164727/000095016802001412/d10q.htm,1.7465564346797315,-0.0319433539278139,0.2579449811167916,0.0686581375436552,2.179545026592816,19.701179889649588,10.631086415103724,18.636216679042303,7.8339379039105825,8097805590.0,9763042590.0,-225.1642083750417,16.47241361844434,111.53541299946284,419.0326307891333,1.5437682709685292,1.5437682709685292,19.859809417450844,68.53470306204107,134.47161398289327,505.2027213454075,-0.0011103007969347,0.0023864489935229,0.4149849012864409,0.2171251794169485,11.689647184354248,1.3948246731172211,-0.4683687943262411,-8.075075075075075,0.0017031774653903,-1.5339784228673117,0.0415847908250237,0.023915882489351,0.254643096175464,0.7338264259052656,0.1083771699640763,0.4727837430118023,0.0,,-0.0015848288468621,-0.0012031959968942,-12.697680367503118,389078000.0,2992300000.0,-3105775000.0,7274600000.0,34919000.0,83069500.0,446787500.0,9.291128116875983,22.622859467874328,135.218387347863,9.686660098522168,3.9782769339041697,0.6655899524113231,-0.001714047141539,0.1892868435731364,2002-05-15,0.12,bmo,1474794000.0,2025-04-25,2002-03-31,-1.3333333333333337,22.98483333333333,6305030.283333333
2001-12-31,NEM,USD,1164727,2002-03-27,2002-03-27 00:00:00,2001,Q4,445145000.0,335037000.0,110108000.0,0.2473531097,-43463000,61153000.0,-28685000.0,32468000.0,89451000.0,121919000.0,456956000.0,0.0,0.0,99475000.0,87664000.0,0.1969335834,-11811000.0,-0.0265329275,-12078000.0,-23889000.0,-0.0536656595,-46334000.0,21052000.0,0.0472924553,0.11,0.11,188968571,195880000,https://www.sec.gov/Archives/edgar/data/1164727/000089924302000771/0000899243-02-000771-index.htm,https://www.sec.gov/Archives/edgar/data/1164727/000089924302000771/d10k.txt,2.3556562747145926,0.1114047689972741,0.7761290632821688,0.3918006026515382,1.185382303600105,9.165545311765095,8.228892200280226,7.837282105498908,6.78419693399703,3611189391.81,4744189391.809999,42.88416055256032,8.112388978445226,24.622193529495988,48.77481012196439,2.4383453016948007,2.4383453016948007,10.65762704693976,54.117874975018246,32.34733398659521,64.07776265985034,0.0058296582416156,0.0205023863239946,0.8656313301823092,0.3156080748399803,12.924347508669465,1.4588477366255144,0.0,6.534372911561595,0.0021546917527081,0.3696085882576477,0.1373777083871547,-0.0976378483415516,0.043574101427868,0.4951862761141111,0.163151332711813,0.730092988187987,0.0,4.432266751552243,0.0029450821581129,0.0054187874291956,-10.052909803715457,223000000.0,1555002000.0,-1621000000.0,2606998000.0,22734500.0,76642000.0,355900500.0,3.859236877871255,21.727630082647583,103.15278611019082,23.320672673931263,4.1421912862865335,0.8724921875,0.0142147197839297,0.3843284606306305,2002-02-06,0.1,bmo,440693550.0,2025-04-25,2001-12-31,0.6,21.11015625,2897362.5
2001-09-30,NEM,USD,1164727,2001-09-30,2001-09-29 20:00:00,2001,Q3,424397000.0,283269000.0,141128000.0,0.3325376947,12843000,0.0,0.0,12388000.0,99468000.0,124699000.0,407968000.0,0.0,0.0,83543000.0,88844000.0,0.2093417248,16429000.0,0.0387113952,-2030000.0,14889000.0,0.0350827174,-8509000.0,18756000.0,0.0441944689,0.1,0.1,195880000,196068000,,,2.1666173167245253,0.0957525015315499,0.5568205023483765,0.0030426791913416,0.8178170308352052,8.628323463344906,8.628323463344906,7.451383500102104,6.542178885031652,4863700400.0,6054666400.0,64.82859351674131,11.460261029177868,44.59246722288439,8160.571140939597,3.332267088341348,3.332267088341348,14.266515550298424,68.14941245328892,55.51174841844687,10158.836241610736,0.0038563230580567,0.0001225404426637,0.877981771431038,0.3222025436632693,13.405137094232588,1.295872857161652,0.0,4.6615095307291226,0.0015926145450899,0.4129878438899552,0.0,0.0302617596260105,0.0,0.9945356193270376,0.2555955862081965,1.2984211723304169,0.0,4.006681135943823,0.006958324185258,0.004715814119081,-9.92066443741066,134934000.0,1690116000.0,-1696152000.0,2396576000.0,24049500.0,78370000.0,328757500.0,5.594502317405637,23.00287006343793,104.14867140421296,16.08722186422046,3.912555248618785,0.8641492856946745,0.0128502984083744,0.5537778231570349,2001-10-29,0.02538,bmo,636595500.0,2025-04-25,2001-09-30,3.334121355397951,20.374237288135596,1925516.9661016949
2001-06-30,NEM,USD,1164727,2001-06-30,2001-06-29 20:00:00,2001,Q2,362361000.0,260402000.0,101959000.0,0.2813740993,15305000,0.0,0.0,13665000.0,91055000.0,120025000.0,380427000.0,0.0,0.0,81194000.0,63128000.0,0.1742130086,-18066000.0,-0.0498563587,-14234000.0,-32300000.0,-0.0891376279,-703000.0,-31597000.0,-0.0871975737,-0.16,-0.16,195637000,195637000,,,1.852210982585094,-0.1615083036439937,0.5451882823801224,-0.0737488307426509,0.6896394853734212,8.409789559234705,8.409789559234705,7.330101156734155,6.545684098611203,3640804570.0,4844636570.0,-28.80656842421749,10.04745149174442,34.13499629660882,-252.3429837815359,2.538846272660646,2.538846272660646,13.36964124174511,76.7430707451527,45.42173253077565,-335.78018921541445,-0.0086785762301984,-0.0039628603300725,0.8929868713472925,0.3272170511477707,19.069699657838044,1.240170869921607,0.0,-3.375605278982182,0.0021267277194172,-0.245054910276292,0.0,0.0422368853160246,0.0,1.135272222691006,0.3341612369984628,1.4913294085769884,0.0,,-0.0048308457161064,-0.0080737582287967,-9.978748907415264,108117000.0,1645266000.0,-1709993000.0,2349048000.0,22823500.0,71061500.0,329501500.0,5.394123539784911,29.14954570241396,113.9555763780616,16.684823648586427,3.0875266777329857,0.7897814469509938,-0.0220335709140406,0.6189371131227733,2001-08-02,-0.05,bmo,358737387.0,2025-04-25,2001-06-30,1.3999999999999997,19.658571428571427,2306239.698412698
2001-03-31,NEM,USD,1164727,2001-03-31,2001-03-30 19:00:00,2001,Q1,427525000.0,259680000.0,167845000.0,0.3925969242,15315000,0.0,0.0,14479000.0,84788000.0,114582000.0,374262000.0,0.0,0.0,84788000.0,138051000.0,0.3229074323,53263000.0,0.1245845272,-87963000.0,-34700000.0,-0.0811648442,2546000.0,-37307000.0,-0.0872627332,-0.19,-0.19,192607000,192607000,,,2.2196752973671776,-0.1936949332059582,0.0966060423556776,-0.4216149984164646,0.4454926352624774,8.612812618440659,8.612812618440659,7.569589890294745,6.299246652510034,3104824840.0,4270924840.0,-20.80591336746455,7.262323466463949,166.8632686623314,-38.233933945767554,2.1295737594275823,2.1295737594275823,9.98988325828899,30.937297375607564,229.53323157951309,-52.59371031697165,-0.0120158147150098,-0.0261547765767037,0.8321780629868116,0.3176479766968594,8.446878327574591,1.8531794608884284,0.0,-0.4995704236696558,0.0024896734593246,-0.2071997212319404,0.0,0.0358224665224255,0.0,5.364271510721771,0.2334670487106017,1.177206680190593,0.0,,0.0159643401197662,-0.0097673272731414,-9.824600092416164,244633000.0,1658888000.0,-1629319000.0,2438621000.0,26464500.0,72891500.0,331584500.0,5.0373896263376405,20.026455637707947,114.12511552680222,17.866396422750636,4.494055344997664,0.7886081830853748,-0.0255885637152287,0.5182210407721423,2001-05-01,-0.02434,bmo,534406250.0,2025-04-25,2001-03-31,0.2325390304026293,16.258709677419354,2072393.6129032257
2000-12-31,NEM,USD,1164727,2000-12-31,2000-12-30 19:00:00,2000,Q4,490745000.0,357478000.0,133267000.0,0.2715605865,0,0.0,0.0,77804000.0,67333000.0,145137000.0,502615000.0,0.0,0.0,132073000.0,120203000.0,0.2449398364,-11870000.0,-0.0241877146,41595000.0,29725000.0,0.0605711724,11879000.0,9439000.0,0.0192340217,0.0562,0.0562,168051000,168051000,,,2.9202146967289693,0.0561674729695152,1.3229495807820244,0.5030794223182248,0.4009021070984404,9.84488042320486,9.84488042320486,8.725851080921863,5.98818215898745,3014834940.0,3960866940.0,79.85048575060918,6.143383916290538,13.560607494501246,35.660373301160355,2.055959909655562,2.055959909655562,8.071130505659761,32.95148157699891,17.815821754834182,46.85032397714773,0.0031308513360933,0.0280423312328999,0.6862576616829925,0.2866433626987635,7.870286099348602,1.7611226554006634,0.0,23.55366034537557,0.0016740551640283,0.5346964720839072,0.0,0.0,0.0,0.6197289529198509,0.2807568085258128,1.0432109515192356,0.0,3.320760847499125,-0.0021927969078597,0.0026886345302822,-9.522109359658677,221234000.0,1654442000.0,-1344360000.0,2170543000.0,38500000.0,67750500.0,349321500.0,5.318444405954213,22.155209551357004,84.05887914780769,16.922241379310346,4.06225,1.0706780879357851,0.0064369048300995,0.8198701584637996,2001-02-07,0.07,bmo,490744999.0,2025-04-25,2000-12-31,2.0,15.116190476190477,1563487.3015873015
2000-09-30,NEM,USD,1164727,2000-09-30,2000-09-29 20:00:00,2000,Q3,362031000.0,187696000.0,174335000.0,0.4815471603,17504000,0.0,0.0,15849000.0,104527000.0,137880000.0,325576000.0,0.0,0.0,104527000.0,111736000.0,0.3086365532,36455000.0,0.1006957968,-36888000.0,-30221000.0,-0.0834762769,-11524000.0,-18697000.0,-0.0516447487,-0.0973,-0.0973,192191000,192191000,,,1.8837042317278123,-0.0972834315862865,0.499430254278296,-0.039065304826969,0.2811734160288463,8.448361265615976,8.448361265615976,7.590610382380028,5.690214422111337,3267247000.0,4312549000.0,-43.68678130181312,9.024771359358729,34.03878690642385,-435.1687533297816,2.2396090885473257,2.2396090885473257,11.91209868768144,38.59587778334646,44.9289375533932,-574.3938465636654,-0.0057225547991933,-0.0022979591074687,0.7496385844437422,0.3156686058091142,9.355104890098088,2.231215591100108,0.0,-5.133764775097609,0.0021158486028145,-0.3697384607156228,0.0,0.048349450737644,0.0,1.0782197403788052,0.2858705469973566,0.9901173859385614,0.0,,0.0069456864464595,-0.005396866082557,-8.16010375095608,302357000.0,1623699000.0,-1292786000.0,2243347000.0,50628500.0,44940500.0,364139500.0,11.932679798138834,22.7766707868042,174.90340763788254,7.5423125,3.951411549230543,0.5145697343206411,-0.0128162857379834,0.538495559105265,2000-10-25,0.21,bmo,667171414.0,2025-04-25,2000-09-30,-1.4632380952380952,18.296507936507936,1131784.126984127
2000-06-30,NEM,USD,1164727,2000-06-30,2000-06-29 20:00:00,2000,Q2,355387000.0,180580000.0,174807000.0,0.4918778684,17234000,0.0,0.0,12898000.0,94085000.0,124217000.0,304797000.0,0.0,0.0,94085000.0,153320000.0,0.4314170186,50590000.0,0.1423518587,-69079000.0,-11910000.0,-0.0335127621,4427000.0,-16337000.0,-0.045969605,-0.0851,-0.0851,192014000,192014000,,,1.85083900132282,-0.085082337746206,0.5373931067526326,0.0723020196444009,0.2999156311518952,8.25783015821763,8.25783015821763,7.49793765037966,5.568541877154791,4153262820.0,5170337820.0,-63.55608159392789,11.686591856201831,40.24986500237433,299.1617676294749,2.8847932603046864,2.8847932603046864,14.548472003759285,33.722526871901906,50.10648453778092,372.4222300655478,-0.0039335338763849,0.0033426731227184,0.7426764714258228,0.3130093319836042,6.63367466736238,2.3230129835307327,0.0,-6.316153516557508,0.0016632706138254,-0.4228438513803024,0.0,0.0484936140038887,0.0,0.8654578580635157,0.2512866255659323,0.9491842482861242,0.0,,0.0216790966188013,-0.0047825025453791,-8.077985198995906,315786000.0,1585619000.0,-1275902000.0,2259768000.0,50883000.0,38901500.0,349197500.0,13.487071839994147,21.121940414220845,181.17421641377783,6.673057062921306,4.260972156677679,0.4967594273704596,-0.0113474320157754,0.4650910871082317,2000-07-28,0.06,bmo,533080500.0,2025-04-25,2000-06-30,-0.6666666666666666,23.975238095238097,1463136.507936508
2000-03-31,NEM,USD,1164727,2000-03-31,2000-03-30 19:00:00,2000,Q1,358510000.0,182768000.0,175742000.0,0.4902011102,13541000,0.0,0.0,11989000.0,84664000.0,110194000.0,292962000.0,0.0,0.0,84664000.0,192946000.0,0.538188614,65548000.0,0.1828345095,-58637000.0,13176000.0,0.0367521129,6528000.0,6648000.0,0.0185434158,0.0346,0.0346,191897000,191897000,,,1.8682418172248656,0.0346435848397838,0.4529513228450679,0.2057979019995101,0.5006748411908472,8.309264866047933,8.309264866047933,7.596017655304669,5.849606820325487,4306168680.0,5338027680.0,161.9347427797834,12.0112930741123,49.54174735388863,109.0390124582194,2.9541795475329176,2.9541795475329176,14.88948057236897,27.665915230168025,61.41311182696733,135.16731692494682,0.0015438317664787,0.0091710295008694,0.7700886287751612,0.3265234529418386,5.347915997222021,2.6218319622885664,0.0,13.074608904933816,0.0016030491401929,1.0383574007220218,0.0,0.0377702156146272,0.0,0.545651173492867,0.1322919862765334,0.5601908721534536,0.0,2.433299991151106,0.0101948114133506,0.001933795431321,-8.042735165218842,350932000.0,1594523000.0,-1275964000.0,2286095000.0,44554500.0,36711500.0,328739500.0,12.177651948341747,17.443261402433688,164.9036483410663,7.390587313694366,5.159585579990401,0.5457732494423359,0.0045607562293632,0.2471534208455577,2000-04-27,0.11,bmo,527987454.0,2025-04-25,2000-03-31,-0.6363636363636365,22.50873015873016,1610687.3015873015
1999-12-31,NEM,USD,1164727,1999-12-31,1999-12-30 19:00:00,1999,Q4,428000000.0,194200000.0,233800000.0,0.5462616822,0,0.0,0.0,72400000.0,47100000.0,119500000.0,313700000.0,0.0,0.0,87300000.0,201600000.0,0.4710280374,114300000.0,0.2670560748,-53000000.0,61300000.0,0.1432242991,14500000.0,46800000.0,0.1093457944,0.28,0.28,169565217,169565217,,,2.524102569927416,0.2760000006369231,1.1606153872937277,0.7985128223555424,0.3261282058808086,9.306743611220693,9.306743611220693,8.561307712064556,6.118589757709566,4154347816.5,5136547816.5,22.19202893429487,9.706420132009344,21.1094909375,30.68203704948301,2.8617123486257494,2.8617123486257494,12.001279945093458,25.47890781994048,26.100344596036585,37.93609908788774,0.0112653061484458,0.0325923600961445,0.7146793414617345,0.3066442040550925,4.872023809523809,1.9506939371804235,0.0,4.205128205128205,0.0012035583491929,0.1068376068376068,0.0,0.0,0.0,0.3119918699186992,0.1434579439252336,0.7033218785796106,0.0,7.291482772016335,0.0278538399786677,0.0138322397588224,-9.18967950838644,260300000.0,1578100000.0,-1271200000.0,2232600000.0,40450000.0,36350000.0,320000000.0,8.537383177570092,17.61071060762101,149.5056642636457,10.541871921182263,5.110526315789474,0.601983880967142,0.032238065716057,0.3621025649381854,2000-01-26,0.13,bmo,325938460.0,2025-04-25,1999-12-31,1.3076923076923077,23.725,1499535.9375
1999-09-30,NEM,USD,1164727,1999-09-30,1999-09-29 20:00:00,1999,Q3,328000000.0,187900000.0,140100000.0,0.4271341463,14300000,0.0,0.0,12600000.0,83400000.0,110300000.0,298200000.0,0.0,0.0,83400000.0,113200000.0,0.3451219512,29800000.0,0.0908536585,-76600000.0,-46800000.0,-0.1426829268,-7800000.0,-39000000.0,-0.118902439,-0.23,-0.23,169565217,169565217,,,1.93435897882288,-0.2300000005307692,0.2305897441218737,-0.2547692313571598,0.1851794876068244,9.005384636166273,9.005384636166273,8.311846173027337,6.496615399607574,4388347815.96,5469247815.96,-28.130434717692307,13.379109195,112.23395948746804,-101.58212536944444,3.113628363814389,3.113628363814389,16.674536024268292,48.31491003498233,139.8784607662404,-126.60295870277778,-0.0088871715815598,-0.0098442515980355,0.7816091954022989,0.3355263157894737,9.548586572438165,2.5427239772138788,0.0,-1.0025641025641026,0.0011621685914347,-0.1307692307692307,0.0,0.0435975609756097,0.0,2.104859335038363,0.2509146341463414,0.986810551558753,0.0,,0.0079639963226647,-0.0118786549707602,-9.0577243798768,297900000.0,1527000000.0,-1265200000.0,2286800000.0,38700000.0,32700000.0,326650000.0,11.057926829268292,16.6205428419372,152.02767429483768,8.138957816377172,5.414985590778098,0.591997479521109,-0.0276713495104299,0.4853589754790335,1999-11-10,0.01,bmo,360800000.0,2025-04-25,1999-09-30,1.0,19.8846875,1720164.0625
1999-06-30,NEM,USD,1164727,1999-06-30,1999-06-29 20:00:00,1999,Q2,315800000.0,195100000.0,120700000.0,0.3822039265,14400000,0.0,0.0,12700000.0,64200000.0,91300000.0,286400000.0,0.0,0.0,64200000.0,93600000.0,0.2963901203,29400000.0,0.0930968968,-20200000.0,9200000.0,0.0291323623,2100000.0,7100000.0,0.0224825839,0.04,0.04,177500000,177500000,,,1.779154929577465,0.04,0.624225352112676,0.3971830985915493,0.4614084507042253,8.869295774647888,8.869295774647888,8.205070422535211,6.950985915492958,3528700000.0,4680600000.0,124.25,11.17384420519316,31.847472924187723,50.05248226950355,2.4228920626201598,2.4228920626201598,14.821405953134896,50.006410256410255,42.24368231046932,66.39148936170213,0.0020120724346076,0.0199790291042026,0.8471573743477067,0.3837636080870917,12.306623931623932,2.9464381360471346,0.0,15.605633802816902,0.0014169524187377,0.704225352112676,0.0,0.0455984800506649,0.0,0.3637184115523466,0.1276124129195693,0.6277258566978193,0.0,2.7174553133918677,0.0074028942003923,0.002208398133748,-7.679014084507042,363400000.0,1574300000.0,-1090600000.0,2339300000.0,45200000.0,29650000.0,308100000.0,10.57314756174794,14.161968221424909,154.95130702203997,8.512129380053908,6.355048859934853,0.5808276272700208,0.0048750343312276,0.2270422535211267,1999-07-29,0.02833,bmo,421066666.0,2025-04-25,1999-06-30,-0.2940345923049771,19.616031746031744,1669787.3015873015
1999-03-31,NEM,USD,1164727,1999-03-31,1999-03-30 19:00:00,1999,Q1,327100000.0,193700000.0,133400000.0,0.4078263528,11500000,0.0,0.0,12600000.0,61500000.0,85600000.0,279300000.0,0.0,0.0,61500000.0,109341000.0,0.3342739223,47800000.0,0.1461326811,-32341000.0,15500000.0,0.0473861205,5600000.0,9900000.0,0.0302659737,0.06,0.06,165000000,165000000,,,1.9824242424242424,0.06,0.3351515151515151,0.1109090909090909,0.4363636363636363,9.442424242424243,9.442424242424243,8.806060606060607,7.687272727272728,2887500000.0,4083900000.0,72.91666666666667,8.82757566493427,52.21518987341772,157.78688524590163,1.987267721954577,1.987267721954577,12.485172730051971,37.35012483880704,73.8499095840868,223.1639344262295,0.0034285714285714,0.0063376623376623,0.8729525120440468,0.3953125973945022,10.941915658353226,3.070090634441088,0.0,5.585858585858586,0.0017316017316017,0.5050505050505051,0.0,0.0351574442066646,0.0,0.6690777576853526,0.1131152552736166,0.6016260162601627,0.0,3.4479242767470715,0.0099166279860477,0.0030854578320762,-8.475606060606061,342600000.0,1558000000.0,-1142500000.0,2373200000.0,52700000.0,33250000.0,280350000.0,14.665239987771324,13.288590604026847,130.23748064016522,6.136960600375234,6.7727272727272725,0.6910453085979308,0.0068134893324156,0.2242424242424242,1999-05-06,0.05,bmo,323829000.0,2025-04-25,1999-03-31,0.6,18.41377049180328,1214186.8852459015
1998-12-31,NEM,USD,1164727,1998-12-31,1998-12-30 19:00:00,1998,Q4,352000000.0,270000000.0,82000000.0,0.2329545455,0,0.0,0.0,626100000.0,29500000.0,655600000.0,925600000.0,0.0,0.0,80700000.0,-492900000.0,-1.4002840909,-573600000.0,-1.6295454545,-43500000.0,-617100000.0,-1.753125,-193200000.0,-456800000.0,-1.2977272727,-2.65,-2.65,172500000,172500000,,,2.040579710144927,-2.6481159420289857,0.5605797101449276,0.3246376811594202,0.4585507246376811,8.882898550724638,8.882898550724638,8.344927536231884,7.238840579710144,3148125000.0,4317725000.0,-1.7229230516637477,8.943536931818182,32.555584281282314,56.21651785714285,2.1869572768322336,2.1869572768322336,12.266264204545454,-8.759839724081964,44.65072388831437,77.10223214285715,-0.1451022433988485,0.0177883660909271,0.8674539770753734,0.3918350696623572,-2.3728951105700955,2.416862929816298,0.0,-0.2281198395848077,0.0016438356164383,-0.0113288091068301,0.0,0.0,0.0,0.420889348500517,0.115625,0.5043370508054523,0.0,,-0.1303791609877242,-0.143341282791515,-8.093478260869565,300800000.0,1532300000.0,-1141400000.0,2349500000.0,41150000.0,38650000.0,304900000.0,13.321022727272728,12.633333333333333,93.46666666666668,6.756238003838772,7.124010554089709,0.9629101283880172,-0.3173324070857937,0.2359420289855072,1999-02-04,0.03214,bmo,352000000.0,2025-04-25,1998-12-31,-0.0665836963285626,21.45140625,1893275.0
1998-09-30,NEM,USD,1164727,1998-09-30,1998-09-29 20:00:00,1998,Q3,349900000.0,195400000.0,154500000.0,0.4415547299,18500000,0.0,0.0,11700000.0,84800000.0,115000000.0,310400000.0,0.0,0.0,84800000.0,124300000.0,0.3552443555,39500000.0,0.112889397,-35200000.0,4300000.0,0.0122892255,-2600000.0,6900000.0,0.01971992,0.04,0.03,172500000,172500000,,,2.028405797101449,0.04,0.6156521739130435,0.2672463768115942,0.321159420289855,10.557101449275365,10.557101449275365,9.518260869565218,7.140289855072464,4183125000.0,5359425000.0,151.5625,11.955201486138897,39.38912429378531,90.74023861171366,2.547734332176137,2.547734332176137,15.317019148328091,43.1168543845535,50.46539548022599,116.25650759219089,0.0016494845360824,0.0110204691468698,0.7501674888848285,0.3513821926796565,9.46339501206758,2.25042372881356,0.0,15.391304347826088,0.0012371134020618,0.75,0.0,0.0528722492140611,0.0,0.5659133709981168,0.1717633609602743,0.7087264150943396,0.0,2.9268472427868004,0.0190863082086881,0.0019684477790773,-8.356231884057971,295100000.0,1821100000.0,-1153100000.0,2837500000.0,27350000.0,39200000.0,357800000.0,7.767933695341526,18.14738996929376,151.7195496417605,11.586092715231787,4.959390862944162,0.5931997571341834,0.0042024483829709,0.3484057971014492,1998-10-29,0.07,bmo,449871428.0,2025-04-25,1998-09-30,-0.4285714285714286,19.699375,1526615.640625
1998-06-30,NEM,USD,1164727,1998-06-30,1998-06-29 20:00:00,1998,Q2,374000000.0,191100000.0,182900000.0,0.4890374332,16600000,0.0,0.0,12300000.0,91300000.0,120200000.0,311300000.0,0.0,0.0,91300000.0,154700000.0,0.4136363636,62700000.0,0.1676470588,-29900000.0,32800000.0,0.0877005348,7100000.0,25700000.0,0.0687165775,0.16,0.16,160625000,160625000,,,2.328404669260701,0.16,0.7209338521400778,0.3523735408560311,0.3368093385214007,11.206225680933851,11.206225680933851,10.203891050583657,7.663813229571985,3795568750.0,4972468750.0,36.921875,10.148579545454544,32.77693221070812,67.05951855123675,2.3157832519829165,2.3157832519829165,13.295370989304812,32.14265513897867,42.94014464594128,87.85280477031802,0.0067710537452391,0.0149121261471024,0.7510677242220867,0.3503030647961071,7.6076276664511955,2.2871775417298936,0.0,4.505836575875486,0.0012382860934873,0.1828793774319066,0.0,0.0443850267379679,0.0,0.5112262521588946,0.1582887700534759,0.6484118291347207,0.0,6.06085866706205,0.0148574801616279,0.0073133946102842,-9.01805447470817,339300000.0,1800000000.0,-1111200000.0,2893700000.0,33850000.0,47450000.0,362650000.0,5.89572192513369,18.36734693877551,181.88383045525904,15.26530612244898,4.9,0.4948213360952874,0.0156802928615009,0.3685603112840467,1998-07-29,0.17,bmo,396000000.0,2025-04-25,1998-06-30,-0.0588235294117647,28.13936507936508,1169411.111111111
1998-03-31,NEM,USD,1164727,1998-03-31,1998-03-30 19:00:00,1998,Q1,378100000.0,197700000.0,180400000.0,0.4771224544,16100000,0.0,0.0,14500000.0,84900000.0,115500000.0,313200000.0,0.0,0.0,84900000.0,149800000.0,0.3961914837,64900000.0,0.1716477122,-27900000.0,38600000.0,0.1020893943,7800000.0,30800000.0,0.0814599312,0.24,0.24,130000000,130000000,,,2.9084615384615384,0.2369230769230769,0.4215384615384615,-0.0092307692307692,0.4961538461538461,13.62076923076923,13.62076923076923,12.444615384615384,9.28923076923077,3972800000.0,5115900000.0,32.246753246753244,10.507273208145993,72.4963503649635,-3310.6666666666665,2.455680553838546,2.455680553838546,13.53054747421317,34.15153538050734,93.3558394160584,-4263.25,0.0077527184857027,-0.0003020539669754,0.7464457905797998,0.3426593269394472,7.630841121495327,1.620749279538905,0.0,1.7792207792207793,0.0011830447039871,0.1525974025974026,0.0,0.042581327691087,0.0,1.0218978102189782,0.1481089658820417,0.6595995288574794,0.0,8.144898574019512,0.0159344879005444,0.0087395721014698,-11.438846153846152,215400000.0,1770700000.0,-1191100000.0,2772400000.0,47800000.0,69500000.0,339300000.0,10.282993916953188,25.44764795144158,154.3702579666161,8.752314814814815,3.536672629695885,0.5830138602182248,0.0190382000247249,0.4307692307692308,1998-04-27,0.12,bmo,311932498.0,2025-04-25,1998-03-31,0.6666666666666669,27.912950819672133,1147755.737704918
1997-12-31,NEM,USD,1164727,1997-12-31,1997-12-30 19:00:00,1997,Q4,412200000.0,167800000.0,244400000.0,0.5929160602,30100000,0.0,0.0,15900000.0,124000000.0,170000000.0,337800000.0,0.0,0.0,124000000.0,198400000.0,0.4813197477,74400000.0,0.1804949054,-44500000.0,29900000.0,0.0725376031,-8800000.0,38700000.0,0.0938864629,0.25,0.25,152870813,153928571,,,2.6963943732019007,0.253154930235113,1.0924256679396347,0.3414647896194547,0.9563630697770934,11.509064192652655,11.509064192652655,10.408134612327862,8.167026625285233,4491344485.94,5593644485.94,29.01385326834625,10.896032231780689,26.89427835892216,86.04108210613026,2.822792084683552,2.822792084683552,13.570219519505091,28.193772610584677,33.49487716131736,107.15794034367816,0.0086165735274034,0.0116223549904511,0.7846772672993526,0.3454620918649695,5.555947580645161,1.6258555133079848,0.0,4.315245478036176,0.001046457250098,0.1214470284237726,0.0,0.0730228044638525,0.0,0.6874251497005988,0.2785055798156234,0.9258064516129032,0.0,7.699648583694213,0.0292820622655705,0.0107083563918096,-9.807954642067614,246900000.0,1759400000.0,-1213200000.0,2845700000.0,49150000.0,73900000.0,374450000.0,11.441048034934498,44.57091775923718,182.0917759237187,7.866412213740458,2.019253910950662,0.4942562592047128,0.0243227955502482,0.7509608783201801,1998-01-28,0.27,bmo,412200000.0,2025-04-25,1997-12-31,0.0,34.47078125,1100532.8125
1997-09-30,NEM,USD,1164727,1997-09-30,1997-09-29 20:00:00,1997,Q3,383800000.0,181300000.0,202500000.0,0.5276185513,19900000,0.0,0.0,16200000.0,70300000.0,106400000.0,287700000.0,0.0,0.0,70400000.0,166500000.0,0.4338196978,96100000.0,0.2503908286,-36700000.0,59400000.0,0.1547681084,16300000.0,43100000.0,0.1122980719,0.28,0.28,153928571,153928571,,,2.493364276083613,0.2800000007795823,0.6762877048991769,-0.0630162414747552,0.7029234358318054,11.214292374610558,11.214292374610558,10.109884018867426,7.882227400136132,6917549980.74,8022649980.74,40.12499988828306,18.023840491766546,66.45100846051874,-713.1494825505155,4.445154852037013,4.445154852037013,20.90320474398124,48.18408396840841,77.0667625431316,-827.0773176020618,0.0062305296123627,-0.0014022305624111,0.7796555712633337,0.3454923401104846,6.637237237237237,1.9402506557854853,0.0,2.4153132250580045,0.0027610931692837,0.4431554524361949,0.0,0.0518499218342886,0.0,1.0931796349663785,0.2965085982282439,1.6164772727272727,0.0,7.980743668117543,0.0215893010648103,0.0122729084799817,-9.343781928567374,322600000.0,1726200000.0,-1119900000.0,2887300000.0,38200000.0,73000000.0,403600000.0,10.76341844710787,32.118036403750686,203.2322118036404,8.361655773420479,2.8021638330757344,0.4428431851489985,0.0276956689371546,0.7393039463739322,1997-10-30,0.23,bmo,300365217.0,2025-04-25,1997-09-30,0.2173913043478261,40.4871875,799623.4375
1997-06-30,NEM,USD,1164727,1997-06-30,1997-06-29 20:00:00,1997,Q2,421800000.0,211700000.0,210100000.0,0.4981033665,26300000,0.0,0.0,181600000.0,66100000.0,274000000.0,485700000.0,0.0,0.0,86300000.0,2200000.0,0.0052157421,-63900000.0,-0.1514935989,-29500000.0,-93400000.0,-0.2214319583,-28800000.0,-64600000.0,-0.1531531532,-0.41,-0.41,157560976,157560976,,,2.6770588168989256,-0.4099999989845201,0.1415325073893931,-0.6905263140791917,0.72479875981474,10.602244555783914,10.602244555783914,9.659752298056342,7.604674903765512,6144878064.0,7228878064.0,-23.78048786377709,14.56822679943101,275.5550701345292,-56.47865867647059,4.037370607095927,4.037370607095927,17.138165158843055,3285.853665454545,324.1649356053812,-66.44189397058824,-0.0105128204867825,-0.0177058029251074,0.7872536136662286,0.3451732780226428,492.7272727272728,1.7411701267187922,0.0,-0.6597633136094675,0.0030594585936766,-0.2910216718266253,0.0,0.0623518255097202,0.0,5.878923766816143,0.3108108108108108,1.5191193511008112,0.0,,-0.0139879604200027,-0.0186097427476737,-9.2968769119582,274900000.0,1670500000.0,-1155000000.0,2852200000.0,33500000.0,63150000.0,333400000.0,6.507823613086771,34.56306093528578,169.1166745394426,13.829508196721312,2.6039360393603936,0.5321769733534439,-0.0424441524310118,0.832058821468585,1997-07-30,0.25,bmo,354312000.0,2025-04-25,1997-06-30,0.1599999999999999,37.59328125,847557.8125
1997-03-31,NEM,USD,1164727,1997-03-31,1997-03-30 19:00:00,1997,Q1,262100000.0,112200000.0,149900000.0,0.5719191148,22100000,0.0,0.0,29400000.0,40300000.0,91800000.0,204000000.0,0.0,0.0,40300000.0,130900000.0,0.4994276994,58100000.0,0.2216711179,6500000.0,29800000.0,0.1136970622,9400000.0,20400000.0,0.0778328882,0.2,0.2,99523000,99523000,,,2.6335620911749045,0.2049777438381077,-0.0964601147473448,-0.6531153602684806,1.0128312048471209,11.77516754920973,11.77516754920973,10.385539021130796,6.510052952583825,3856516250.0,4403616250.0,47.26122855392157,14.713911674933232,-401.7204427083333,-59.33101923076923,3.7311496226780174,3.7311496226780174,16.801282907287295,33.64107142857143,-458.71002604166665,-67.74794230769231,0.0052897482280802,-0.0168545899424124,0.6268382352941176,0.2918731417244797,4.179526355996944,1.5921620724011956,0.0,-0.4705882352941176,0.0030856864663801,0.5833333333333334,0.0,0.0843189622281572,0.0,-5.770833333333333,0.2113697062190004,1.3746898263027296,0.0,6.92084518210135,0.0201444258318558,0.0091900171186593,-7.889884750258735,178300000.0,1171900000.0,-568500000.0,1636700000.0,32600000.0,58550000.0,228650000.0,12.5333842045021,36.096256684491976,215.7754010695187,7.18082191780822,2.493333333333333,0.4171003717472119,0.0197368421052631,0.5566552455211358,1997-04-28,0.17,bmo,200429411.0,2025-04-25,1997-03-31,0.2352941176470586,42.01245901639344,971427.868852459
1996-12-31,NEM,USD,1164727,1996-12-31,1996-12-30 19:00:00,1996,Q4,206500000.0,130400000.0,76100000.0,0.3685230024,0,0.0,0.0,35800000.0,33300000.0,69100000.0,199500000.0,0.0,0.0,33300000.0,40300000.0,0.195157385,7000000.0,0.0338983051,3900000.0,10900000.0,0.0527845036,-8600000.0,19500000.0,0.0944309927,0.16,0.16,120800000,120800000,,,1.7094370860927153,0.1614238410596026,0.4288079470198676,0.0604304635761589,1.5372516556291391,9.371688741721854,9.371688741721854,8.484271523178808,5.382450331125828,5405800000.0,5870300000.0,69.30512820512821,26.17820823244552,104.35907335907336,740.5205479452055,5.274465801541614,5.274465801541614,28.427602905569007,145.66501240694788,113.32625482625484,804.1506849315068,0.0036072366717229,0.0013504014206962,0.6344033564250171,0.3124309259526212,11.52605459057072,2.034359660865685,0.0,2.6564102564102563,0.0022013393022309,0.6102564102564103,0.0,0.0,0.0,0.859073359073359,0.2154963680387409,1.3363363363363363,0.0,5.55114251320779,0.0065148973987184,0.0093700446879054,-5.361134105960265,231800000.0,1132100000.0,-493100000.0,1533800000.0,33750000.0,59200000.0,200000000.0,12.508474576271189,49.76226993865031,129.9616564417178,7.195121951219512,1.8085991678224689,0.6925119490175252,0.0190262464630695,0.3683774834437086,1997-01-29,0.25,bmo,247800000.0,2025-04-25,1996-12-31,-0.1999999999999999,47.22171875,597450.0
1996-09-30,NEM,USD,1164727,1996-09-30,1996-09-29 20:00:00,1996,Q3,226000000.0,134200000.0,91800000.0,0.4061946903,23000000,0.0,0.0,31100000.0,33400000.0,64500000.0,198700000.0,0.0,0.0,33400000.0,124500000.0,0.5508849558,27300000.0,0.1207964602,-1300000.0,29800000.0,0.1318584071,-5600000.0,37600000.0,0.1663716814,0.24,0.24,120800000,120800000,,,1.8708609271523176,0.3112582781456953,0.3062913907284768,-0.0778145695364238,1.548841059602649,9.32864238410596,9.32864238410596,8.445364238410596,5.354304635761589,5707800000.0,6167500000.0,37.95079787234043,25.255752212389385,154.26486486486485,-607.2127659574468,5.594785336208587,5.594785336208587,27.28982300884956,49.53815261044177,166.6891891891892,-656.1170212765958,0.0065874767861522,-0.001646869196538,0.6339933346402666,0.3110213502596653,3.6923694779116474,2.2711864406779663,0.0,1.0451977401129944,0.0033988577034934,0.5159574468085106,0.0,0.1017699115044247,0.0,1.254054054054054,0.2053097345132743,1.3892215568862276,0.0,7.690612098599211,0.0168635023359585,0.0180804000769378,-5.220612582781457,277500000.0,1126900000.0,-456900000.0,1570800000.0,32150000.0,42900000.0,202450000.0,15.45132743362832,31.05067064083458,141.97466467958273,5.824742268041237,2.898488120950324,0.6339159187529523,0.0368555185257792,0.3841059602649007,1996-10-31,0.31,bmo,,2025-04-25,1996-09-30,0.129032258064516,50.76625,472565.625
1996-06-30,NEM,USD,1164727,1996-06-30,1996-06-29 20:00:00,1996,Q2,181200000.0,113400000.0,67800000.0,0.3741721854,0,0.0,0.0,27900000.0,29600000.0,57500000.0,170900000.0,0.0,0.0,29600000.0,39900000.0,0.2201986755,10300000.0,0.0568432671,5000000.0,15300000.0,0.0844370861,-4200000.0,19500000.0,0.107615894,0.15,0.15,107000000,107000000,,,1.6934579439252335,0.1822429906542056,0.4102803738317757,-0.216822429906542,2.006542056074766,10.289719626168225,10.289719626168225,9.314953271028036,6.034579439252337,5376750000.0,5807750000.0,68.9326923076923,29.67301324503311,122.47722095671982,-231.75646551724137,5.394552021671516,5.394552021671516,32.0516004415011,145.5576441102757,132.29498861047836,-250.3340517241379,0.0036267261821732,-0.0043148742269958,0.6478378649543494,0.3135074771800349,10.802005012531328,2.316336166194523,0.0,2.2512820512820517,0.0022318314967219,0.6153846153846154,0.0,0.0,0.0,1.5284738041002277,0.3703090507726269,2.266891891891892,0.0,6.18026384494362,0.0069131870979999,0.0094678578364731,-5.870794392523364,278800000.0,1101000000.0,-468000000.0,1603000000.0,26400000.0,38800000.0,193400000.0,12.665562913907284,31.349206349206348,153.33333333333334,7.105882352941176,2.8708860759493677,0.5869565217391305,0.0195645630580917,0.6271028037383177,1996-07-31,0.17,bmo,,2025-04-25,1996-06-30,0.1764705882352941,55.65111111111111,545600.0
1996-03-31,NEM,USD,1164727,1996-03-31,1996-03-30 19:00:00,1996,Q1,154700000.0,98100000.0,56600000.0,0.3658694247,0,0.0,0.0,25900000.0,28500000.0,54400000.0,152500000.0,0.0,0.0,28500000.0,30700000.0,0.1984486102,2200000.0,0.014221073,9500000.0,11700000.0,0.0756302521,1000000.0,10700000.0,0.069166128,0.1,0.1,107000000,107000000,,,1.4457943925233645,0.1,0.025233644859813,-0.6588785046728972,2.257943925233645,10.157009345794393,10.157009345794393,9.194392523364488,6.003738317757009,5979160000.0,6379960000.0,139.7,38.65003232062056,2214.503703703704,-84.81078014184398,6.077617401910957,6.077617401910957,41.24085326438268,207.81628664495116,2362.948148148148,-90.4958865248227,0.0017895490336435,-0.0117909539132587,0.6529782476113031,0.3162818177342327,13.055374592833877,2.5431600201918223,0.0,0.2523364485981308,0.0019902461215287,1.1121495327102804,0.0,0.0,0.0,27.11111111111111,0.4731738849385908,2.568421052631579,0.0,4.548338507363991,0.0010697393725892,0.005268081335237,-5.47126168224299,305700000.0,1086800000.0,-440500000.0,1600000000.0,25900000.0,38350000.0,183800000.0,15.88235294117647,34.95412844036697,177.61467889908258,5.666666666666667,2.574803149606299,0.5067148760330579,0.0108761943484448,0.6841121495327103,1996-04-30,0.11,bmo,,2025-04-25,1996-03-31,0.0,54.82380952380952,916812.6984126983
1995-12-31,NEM,USD,1164727,1995-12-31,1995-12-30 19:00:00,1995,Q4,184400000.0,105500000.0,78900000.0,0.4278741866,0,0.0,0.0,62400000.0,30300000.0,92700000.0,198200000.0,0.0,0.0,30300000.0,16500000.0,0.0894793926,-13800000.0,-0.0748373102,-600000.0,-14400000.0,-0.0780911063,-18400000.0,4000000.0,0.021691974,0.0469,0.0469,85200000,85200000,,,2.164319248826291,0.0469483568075117,0.5211267605633803,-0.3849765258215962,0.6936619718309859,9.681924882629108,9.681924882629108,8.719483568075118,7.487089201877934,4068300000.0,4647100000.0,254.26875,22.06236442516269,91.6283783783784,-124.03353658536584,5.476241755283349,5.476241755283349,25.20119305856833,281.6424242424242,104.6644144144144,-141.6798780487805,0.0009832116608902,-0.0080623356193004,0.8586620002692152,0.3596234073739993,35.07878787878788,1.4891975308641976,0.0,11.1,0.0026546714844038,2.7,0.0,0.0,0.0,1.7387387387387387,0.4186550976138828,2.547854785478548,0.0,3.0349171453192243,0.0023765240752221,0.0022550456646747,-9.206866197183098,95100000.0,824900000.0,-659400000.0,1350400000.0,28050000.0,40050000.0,167250000.0,11.957700650759218,32.92890995260663,148.43601895734596,7.526530612244898,2.733160621761658,0.6063218390804598,0.0053843047516489,0.9061032863849764,1996-01-24,0.23,bmo,,2025-04-25,1995-12-31,0.1739130434782609,41.8004761904762,509355.5555555556
1995-09-30,NEM,USD,1164727,1995-09-30,1995-09-29 20:00:00,1995,Q3,172300000.0,92300000.0,80000000.0,0.4643064423,0,0.0,0.0,29800000.0,28000000.0,57800000.0,150100000.0,0.0,0.0,28000000.0,50200000.0,0.2913522925,22200000.0,0.1288450377,3700000.0,25900000.0,0.1503192107,600000.0,21300000.0,0.1236215902,0.25,0.25,85200000,85200000,,,2.022300469483568,0.25,0.3532863849765258,-0.5481220657276995,1.3028169014084507,9.76643192488263,9.76643192488263,8.73356807511737,7.423708920187793,3621000000.0,4142500000.0,42.5,21.015670342426,120.29900332225914,-77.53747323340471,4.86628141378847,4.86628141378847,24.042367962855483,82.5199203187251,137.62458471760797,-88.70449678800857,0.0058823529411764,-0.0128969897818282,0.8500201585808359,0.3553171170158979,10.388446215139442,1.7317829457364342,0.0,1.1944444444444444,0.0039491853079259,0.6713615023474179,0.0,0.0,0.0,2.5514950166112955,0.4457341845618108,2.742857142857143,0.0,7.009017079629298,0.0134293499416115,0.0119656199089938,-8.60387323943662,141600000.0,832100000.0,-612900000.0,1371900000.0,28800000.0,35700000.0,156150000.0,16.506094022054555,40.465872156013006,156.50054171180932,5.4525316455696204,2.2240963855421687,0.5750778816199377,0.0286251847869909,0.9014084507042254,1995-10-25,0.22,bmo,,2025-04-25,1995-09-30,0.1363636363636363,44.193333333333335,341009.5238095238
1995-06-30,NEM,USD,1164727,1995-06-30,1995-06-29 20:00:00,1995,Q2,145100000.0,89700000.0,55400000.0,0.3818056513,0,0.0,0.0,50100000.0,23800000.0,73900000.0,163600000.0,0.0,0.0,23800000.0,5300000.0,0.0365265334,-18500000.0,-0.1274982771,119300000.0,100800000.0,0.694693315,33000000.0,63800000.0,0.4396967609,0.74,0.74,86216216,86216216,,,1.6829780606469669,0.7400000018557994,0.2690909097657452,-0.7121630111903775,1.8987147383039868,9.487774318464638,9.487774318464638,8.48448277989839,7.242257071453936,3610735126.08,4071435126.08,14.148648613166143,24.88445986271537,155.63513474482758,-58.806761011074926,4.936069892112099,4.936069892112099,28.059511551206068,768.1953068075472,175.49289336551726,-66.31001834006516,0.0176695320404918,-0.0170048474496269,0.8535885167464115,0.3570244153467894,86.9245283018868,2.0503318584070795,0.0,0.3421828908554572,0.0039604123539033,0.2241379310344827,0.0,0.0,0.0,3.646551724137931,0.5830461750516885,3.554621848739496,0.0,11.885564296220094,-0.0077995815350083,0.0364800731888615,-7.792037637096019,189900000.0,818000000.0,-560200000.0,1374000000.0,31800000.0,29150000.0,142750000.0,16.126809097174363,30.0,152.30769230769232,5.580769230769231,3.0,0.5909090909090909,0.0872180451127819,0.9812539209561228,1995-07-26,0.11,bmo,,2025-04-25,1995-06-30,0.3636363636363636,42.32412698412698,400395.2380952381
1995-03-31,NEM,USD,1164727,1995-03-31,1995-03-30 19:00:00,1995,Q1,151700000.0,83200000.0,68500000.0,0.4515491101,0,0.0,0.0,22400000.0,24700000.0,47100000.0,130300000.0,0.0,0.0,24700000.0,46100000.0,0.3038892551,21400000.0,0.1410678972,-3900000.0,17500000.0,0.1153592617,1900000.0,15600000.0,0.1028345419,0.19,0.19,82857143,82857143,,,1.8308620658088584,0.1882758617443519,0.6577586195555886,-0.1955172410422116,1.3336206873558265,9.110862053257136,9.110862053257136,8.14896550319144,7.353620676976516,3542142863.25,4040942863.25,56.76510998798077,23.349656316743573,64.9934470321101,-218.65079402777772,5.246064667135664,5.246064667135664,26.63772487310481,87.65602740238612,74.14574061009175,-249.4409174845679,0.004404113725014,-0.0045735027144376,0.902399289099526,0.3724782980804499,10.81995661605206,2.125956854558108,0.0,3.493589743589744,0.0040371042479295,0.9166666666666666,0.0,0.0,0.0,1.2972477064220185,0.4660514172709294,2.862348178137652,0.0,5.8754322228124805,0.0126034430685593,0.0095366181684802,-8.150775848015904,161800000.0,754900000.0,-575400000.0,1304100000.0,44300000.0,30550000.0,132300000.0,22.307185234014504,30.721153846153843,144.62740384615384,4.034574468085107,2.9295774647887325,0.6222887060583395,0.0231042654028436,0.8532758605978003,1995-04-26,0.15,bmo,,2025-04-25,1995-03-31,-0.0666666666666665,36.87809523809524,479626.98412698414
1994-12-31,NEM,USD,1164727,1994-12-31,1994-12-30 19:00:00,1994,Q4,147800000.0,87600000.0,60200000.0,0.4073071719,0,0.0,0.0,74100000.0,22800000.0,96900000.0,184500000.0,0.0,0.0,22800000.0,-13900000.0,-0.0940460081,-36700000.0,-0.248308525,51300000.0,14600000.0,0.098782138,-2200000.0,12900000.0,0.0872801083,0.2,0.2,86080000,86111111,,,1.717007434944238,0.149860594795539,0.4158921933085502,-0.6412639405204461,1.8657063197026025,8.74767657992565,8.74767657992565,7.824117100371748,7.078299256505576,3098880000.0,3547580000.0,60.05581395348837,20.966711772665764,86.5608938547486,-56.13913043478261,4.601158129175946,4.601158129175946,24.002571041948578,-255.22158273381297,99.09441340782124,-64.26775362318841,0.004162794299876,-0.017812887236679,0.9046770601336304,0.3677793203356069,-32.280575539568346,2.41579634464752,0.0,2.130952380952381,0.004614570425444,1.1085271317829457,0.0,0.0,0.0,2.541899441340782,0.6156968876860622,3.991228070175439,0.0,5.136326893244073,-0.0277976151831894,0.0077865636506307,-7.427973977695167,216900000.0,753000000.0,-533600000.0,1336200000.0,32500000.0,27950000.0,121700000.0,31.05548037889039,33.5958904109589,134.486301369863,2.8980392156862744,2.6788990825688077,0.6692131398013751,0.0191536748329621,1.0571561338289963,1995-01-25,0.14,bmo,,2025-04-25,1994-12-31,0.0714285714285712,39.19111111111111,389353.9682539682
1994-09-30,NEM,USD,1164727,1994-09-30,1994-09-29 20:00:00,1994,Q3,156800000.0,83000000.0,73800000.0,0.4706632653,0,0.0,0.0,30000000.0,24200000.0,54200000.0,137200000.0,0.0,0.0,24200000.0,43800000.0,0.2793367347,19600000.0,0.125,-500000.0,19100000.0,0.1218112245,-1300000.0,16400000.0,0.1045918367,0.12,0.12,86111111,86111111,,,1.820903228156004,0.1904516131489698,0.523741936159667,-0.7861935494015401,2.784774197141644,8.681806462815235,8.681806462815235,7.765548397116836,7.075741944613861,3874999995.0,4244499995.0,59.070121875,24.71301017219388,85.92017727272727,-57.237813810930575,5.794825773889637,5.794825773889637,27.069515274234693,96.90639257990868,94.11308192904656,-62.69571632200886,0.0042322580699771,-0.0174709677644786,0.911170928667564,0.375092341787737,8.43607305936073,3.104341203351104,0.0,2.2107843137254903,0.0036903225854068,0.8719512195121951,0.0,0.0,0.0,2.5011086474501107,0.7193877551020408,4.661157024793388,0.0,5.768589726474679,0.0138746231532426,0.0100960354592464,-6.622258073060978,276300000.0,747600000.0,-469200000.0,1323900000.0,14150000.0,22050000.0,121150000.0,8.035714285714286,25.156626506024097,121.98795180722892,11.2,3.577586206896552,0.7377777777777778,0.0245251981456557,1.309935485561207,1994-10-26,0.2,bmo,,2025-04-25,1994-09-30,-0.05,41.56203125,313650.0
1994-06-30,NEM,USD,1164727,1994-06-30,1994-06-29 20:00:00,1994,Q2,139300000.0,101800000.0,37500000.0,0.2692031587,0,0.0,0.0,29100000.0,21200000.0,50300000.0,152100000.0,0.0,0.0,21200000.0,8400000.0,0.0603015075,-12800000.0,-0.0918880115,3400000.0,-9400000.0,-0.0674802584,-26700000.0,13300000.0,0.0954773869,0.16,0.16,83125000,83125000,,,1.6757894736842105,0.16,0.1082706766917293,-1.135639097744361,0.3729323308270676,8.862556390977444,8.862556390977444,7.926616541353384,3.972330827067669,3345781250.0,3644981250.0,62.890625,24.01853015075377,371.75347222222223,-35.44259798728814,5.077828577932919,5.077828577932919,26.16641241923905,433.9263392857143,404.9979166666666,-38.61208951271186,0.0039751552795031,-0.0282146359688039,0.5011382607375929,0.2489069802502638,35.61904761904762,1.6003039513677813,0.0,0.5202312138728323,0.004303927520665,1.0827067669172932,0.0,0.0,0.0,11.488888888888887,0.7422828427853554,4.877358490566038,0.0,5.341892880699891,0.0194577077793926,0.0100256294286145,-5.813834586466165,79000000.0,736700000.0,-379300000.0,1040400000.0,16650000.0,19800000.0,121650000.0,9.239052404881551,18.477406679764247,114.75442043222004,9.741258741258742,4.8708133971291865,0.7842835130970724,0.0201851570799817,1.2439097744360903,1994-07-27,0.18,bmo,,2025-04-25,1994-06-30,-0.111111111111111,40.48774193548388,411772.5806451613
1994-03-31,NEM,USD,1164727,1994-03-31,1994-03-30 19:00:00,1994,Q1,149800000.0,82900000.0,66900000.0,0.4465954606,0,0.0,0.0,22400000.0,22900000.0,45300000.0,128200000.0,0.0,0.0,22900000.0,44500000.0,0.2970627503,21600000.0,0.1441922563,1000000.0,22600000.0,0.1508678238,1000000.0,17600000.0,0.1174899866,0.2,0.2,88000000,88000000,,,1.7022727272727274,0.2,0.5363636363636364,-0.5409090909090909,0.4261363636363636,8.309090909090909,8.309090909090909,7.431818181818182,2.672727272727273,4045360000.0,4243060000.0,57.4625,27.00507343124165,85.70677966101694,-84.98655462184874,6.185565749235474,6.185565749235474,28.32483311081442,95.34966292134833,89.89533898305085,-89.13991596638655,0.0043506634761801,-0.0117665671287598,0.3596330275229358,0.1914841651062444,4.442696629213483,1.634417808219178,0.0,2.185185185185185,0.0035349140743963,0.8125,0.0,0.0,0.0,2.0084745762711864,0.6328437917222964,4.139737991266376,0.0,5.783008025083643,0.0183146272068937,0.0143287470487665,-4.415909090909091,74100000.0,731200000.0,-306200000.0,940000000.0,18850000.0,18300000.0,117850000.0,11.415220293724966,20.301568154402897,123.22074788902292,7.88421052631579,4.433155080213904,0.7303964757709251,0.0269113149847094,1.0772727272727274,1994-05-02,0.18,bmo,,2025-04-25,1994-03-31,0.1111111111111112,43.99380952380952,577724.2063492064
1993-12-31,NEM,USD,1164727,1993-12-31,1993-12-30 19:00:00,1993,Q4,160800000.0,79800000.0,81000000.0,0.5037313433,0,0.0,0.0,39600000.0,26800000.0,66400000.0,146200000.0,0.0,0.0,26800000.0,41400000.0,0.2574626866,14600000.0,0.0907960199,5700000.0,20300000.0,0.1262437811,3300000.0,13000000.0,0.0808457711,0.2,0.2,83461538,83461538,,,1.9266359553546688,0.1557603695249421,-0.1605529962795557,-1.1777880249462933,0.8363133686800739,8.641106038568328,8.641106038568328,7.547188981827773,2.488571442333114,3853419209.46,3991319209.46,74.10421556653847,23.964049810074627,-287.5685977208955,-39.200602334282806,6.117509460962058,6.117509460962058,24.821636874751245,96.40867655700484,-297.85964249701493,-40.60345075747711,0.0033736272368408,-0.0255098121062658,0.3297348785521511,0.1750674308833445,3.3309178743961354,2.081818181818182,0.0,-0.788235294117647,0.0037109899605249,1.1,0.0,0.0,0.0,-6.335820895522388,0.5279850746268657,3.167910447761194,0.0,5.1429506370751294,0.0111954958201828,0.0109575185434929,-3.83739633458468,119000000.0,721200000.0,-236200000.0,913500000.0,21300000.0,19000000.0,120000000.0,10.46641791044776,20.18796992481203,137.81954887218046,8.598930481283423,4.4581005586592175,0.6530278232405892,0.0206381965391331,1.0172350286667375,1994-01-26,0.21,bmo,,2025-04-25,1993-12-31,-0.2857142857142857,43.10640625,481166.015625
1993-09-30,NEM,USD,1164727,1993-09-30,1993-09-29 20:00:00,1993,Q3,178100000.0,97100000.0,81000000.0,0.4548006738,0,0.0,0.0,24600000.0,27200000.0,51800000.0,148900000.0,0.0,0.0,27200000.0,56400000.0,0.3166760247,29200000.0,0.1639528355,-500000.0,28700000.0,0.1611454239,3000000.0,21700000.0,0.121841662,0.26,0.26,83461538,83461538,,,2.133917062491707,0.260000001437788,0.2432258077966404,-0.4457142881790651,2.036866370710782,8.396682074083035,8.396682074083035,7.3279263078042,2.760553010657436,3168199982.48,3228599982.48,36.499999798156686,17.788882551824816,156.0689646541872,-85.16666619569892,5.180183097580118,5.180183097580118,18.12801786906233,57.244680540425534,159.04433411231528,-86.79032210967742,0.0068493151063695,-0.0117416830394906,0.3767168083714846,0.1915530428999002,1.070921985815603,2.2830578512396693,0.0,0.79296875,0.0044820403000206,0.6543778801843319,0.0,0.0,0.0,2.832512315270936,0.3228523301516002,2.113970588235294,0.0,6.547394072279038,0.0238574226201073,0.018041237113402,-3.0573963302713163,186300000.0,700800000.0,-170500000.0,913400000.0,23850000.0,17700000.0,114300000.0,12.077484559236384,18.63027806385169,109.18640576725024,7.451882845188284,4.830845771144278,0.8242784380305602,0.0354807063440157,0.6889400959757056,1993-10-27,0.23,bmo,,2025-04-25,1993-09-30,0.1304347826086956,40.8359375,857806.640625
1993-06-30,NEM,USD,1164727,1993-06-30,1993-06-29 20:00:00,1993,Q2,157300000.0,82800000.0,74500000.0,0.4736172918,0,0.0,0.0,19900000.0,27800000.0,47700000.0,130500000.0,0.0,0.0,27800000.0,54600000.0,0.347107438,26800000.0,0.1703750795,23700000.0,50500000.0,0.3210425938,11000000.0,35600000.0,0.2263191354,0.42,0.42,84761905,84761905,,,1.855786511641049,0.4199999988202247,0.1580898871963767,-0.3444943810547911,2.6875280823384045,8.029550539242836,8.029550539242836,7.027921328573255,2.9246629131329693,3565085724.3,3585185724.3,25.03571435603933,22.66424490972664,266.0511734552239,-122.09197685958904,5.984699889709585,5.984699889709585,22.79202621932613,65.6627422032967,267.5511734552239,-122.7803330239726,0.0099857346367148,-0.0081905463874177,0.4161490683229814,0.2067383871236761,0.3681318681318681,2.0858416945373466,0.0,0.3392405063291139,0.0039830739281278,0.398876404494382,0.0,0.0,0.0,3.1791044776119404,0.2708200890019072,1.5323741007194245,0.0,8.149469698603799,0.0194890072867457,0.0296889333666916,-2.565421341108367,194800000.0,680600000.0,-144300000.0,880700000.0,11900000.0,72050000.0,55400000.0,13.617291799109982,16.630434782608695,120.43478260869566,6.609243697478991,5.411764705882353,0.7472924187725631,0.0597616249790162,0.5025842682511678,1993-07-28,0.19,bmo,,2025-04-25,1993-06-30,-0.0526315789473684,38.3847619047619,619245.3015873015
1993-03-31,NEM,USD,1164727,1993-03-31,1993-03-30 19:00:00,1993,Q1,138100000.0,77300000.0,60800000.0,0.4402606807,0,0.0,0.0,18800000.0,28200000.0,47000000.0,124300000.0,0.0,0.0,28200000.0,42000000.0,0.3041274439,13800000.0,0.0999275887,200000.0,14000000.0,0.1013758146,1400000.0,47000000.0,0.340333092,0.55,0.55,85454545,85454545,,,1.6160638383833184,0.550000002925532,0.1462765965227478,-0.4423404278847895,2.661063843941829,7.581808550967067,7.581808550967067,6.619893652233477,3.158404272119172,3012272711.25,3054772711.25,16.0227271875,21.81225714156409,240.9818169,-79.68975426587302,5.324858955718579,5.324858955718579,22.12000515025344,72.73268360119047,244.3818169,-80.81409289021164,0.0156028369624264,-0.012548664620845,0.4771080077779742,0.2255557412669229,1.011904761904762,1.9332365747460087,0.0,0.992063492063492,0.0050792213941515,0.325531914893617,0.0,0.0,0.0,4.024,0.3642288196958725,1.783687943262411,0.0,9.051032227439048,0.0116313916463757,0.0392779542035768,-3.7598936370207103,192900000.0,647900000.0,-149100000.0,867900000.0,3800000.0,78050000.0,42950000.0,0.0,149.96119016817593,0.0,0.0,0.6001552795031055,0.0,0.0830829061339932,0.5886170244075374,1993-04-28,0.15,bmo,,2025-04-25,1993-03-31,-0.3333333333333332,32.01451612903226,383677.4193548387
1992-12-31,NEM,USD,1164727,1992-12-31,1992-12-30 19:00:00,1992,Q4,140900000.0,82800000.0,58100000.0,0.4123491838,0,0.0,0.0,21800000.0,24800000.0,46600000.0,129400000.0,0.0,0.0,24800000.0,36300000.0,0.2576295245,11500000.0,0.0816181689,-7200000.0,4300000.0,0.0305180979,300000.0,4000000.0,0.0283889283,0.0481,0.0481,83181818,83181818,,,1.6938797851232346,0.0480874317990982,0.3943169407526053,-0.7621857940157066,3.498360663384395,7.3189071198227476,7.3189071198227476,6.354754112250829,3.3252459089076414,2740840903.1000004,2726440903.1000004,171.30255644375,19.45238398225692,83.56222265548782,-43.23092907097792,5.185094406167234,5.185094406167234,19.35018384031228,75.10856482369147,83.12319826524391,-43.00379973343849,0.0014594061244035,-0.0231315870717968,0.5232690124858116,0.2276543209876543,-0.396694214876033,1.6805098684210529,0.0,8.2,0.0037214856172291,2.55,0.0,0.0,0.0,2.932926829268293,0.6827537260468417,3.879032258064516,0.0,2.622143324055774,0.0099847623843612,0.0032921810699588,-3.204426236512407,165500000.0,608800000.0,-197500000.0,822500000.0,6950000.0,26100000.0,92500000.0,4.854506742370476,29.67391304347826,93.3695652173913,18.539473684210527,3.032967032967033,0.9639115250291036,0.0075671585319712,1.156502734768312,1992-12-30,,bmo,,2025-04-25,1992-12-31,,33.9190625,253966.796875
1992-09-30,NEM,USD,1164727,1992-09-30,1992-09-29 20:00:00,1992,Q3,155800000.0,83600000.0,72200000.0,0.4634146341,0,0.0,0.0,26500000.0,25100000.0,51600000.0,135200000.0,0.0,0.0,25100000.0,45700000.0,0.2933247754,20600000.0,0.1322207959,-4200000.0,16400000.0,0.1052631579,-1900000.0,18300000.0,0.1174582798,0.22,0.22,83181818,83181818,,,1.8730054685748752,0.2200000004808743,0.06612021872376,-0.5301639355850578,1.2851366148308998,4.070601101793663,4.070601101793663,3.1172677663765413,3.583715854827794,3182536356.68,3373736356.68,43.47727263224044,20.427062623106547,578.6429739418181,-72.16635729433106,12.27356867211724,12.27356867211724,21.65427700051348,73.82355266258206,613.4066103054545,-76.50195820136054,0.0057501306973568,-0.0138568723362534,1.149633629001157,0.3152495769881556,4.183807439824945,1.2356887298747763,0.0,0.3005464480874317,0.003204990880494,0.5573770491803278,0.0,0.0,0.0,9.018181818181818,0.3183568677792041,1.9760956175298805,0.0,3.928164390309002,0.0280153386543006,0.0193527918781725,-5.35964482045824,52700000.0,338600000.0,-330700000.0,636000000.0,7600000.0,22750000.0,88100000.0,3.639281129653402,26.80622009569378,106.6866028708134,24.73015873015873,3.357429718875502,0.8435923309788093,0.070574623987659,0.5962841543088179,1993-01-27,0.14,bmo,,2025-04-25,1992-09-30,-0.8571428571428571,38.818125,183485.609375
1992-06-30,NEM,USD,1164727,1992-06-30,1992-06-29 20:00:00,1992,Q2,158700000.0,83500000.0,75200000.0,0.4738500315,0,0.0,0.0,22600000.0,25300000.0,47900000.0,131400000.0,0.0,0.0,25200000.0,52600000.0,0.3314429742,27300000.0,0.1720226843,-3200000.0,24100000.0,0.1518588532,-300000.0,24400000.0,0.1537492124,0.29,0.29,84137931,84137931,,,1.886188525363192,0.2900000001188524,0.6394262297702566,0.1414344262874731,1.846967213871708,3.830614755668285,3.830614755668285,2.915450820866988,3.594098362128729,3269599998.66,3416599998.66,33.49999998627049,20.602394446502835,60.77323417583643,274.75630240840337,13.328984910966163,13.328984910966163,21.5286704389414,64.95437259809886,63.50557618327137,287.1092435848739,0.0074626865702226,0.0036395889420348,1.232776192417448,0.3188864283454602,2.79467680608365,1.3736913973600364,0.0,2.213991769547325,0.0031196476646012,0.4180327868852459,0.0,0.0,0.0,0.7788104089219331,0.2640201638311279,1.6626984126984128,0.0,4.361572722534103,0.033458218163535,0.0257302541389855,-5.055686477481839,82100000.0,322300000.0,-324200000.0,644000000.0,10050000.0,21750000.0,91450000.0,5.047258979206049,22.20359281437126,83.10179640718563,17.831460674157302,4.053398058252427,1.0830090791180285,0.0994700366897676,0.4979918034827835,1992-06-29,,bmo,,2025-04-25,1992-06-30,,33.66285714285714,146801.33333333334
1992-03-31,NEM,USD,1164727,1992-03-31,1992-03-30 19:00:00,1992,Q1,157700000.0,73500000.0,84200000.0,0.5339251744,0,0.0,0.0,16600000.0,23700000.0,40300000.0,113800000.0,0.0,0.0,23700000.0,67600000.0,0.4286620165,43900000.0,0.2783766646,4900000.0,48800000.0,0.3094483196,4800000.0,32400000.0,0.2054533925,0.38,0.38,85263158,85263158,,,1.8495678989511508,0.3799999995308642,0.4597530858521567,0.2263580244119036,0.1243209875008382,3.556049378325865,3.556049378325865,2.6764197497821978,2.430123453789971,2596263161.1,2792863161.1,20.03289476157407,16.463304762840835,66.23120308928571,134.52140731088082,11.377139180981596,11.377139180981596,17.709975656943563,41.31454380325444,71.24650921173469,144.70793580829016,0.0124794745330333,0.0074337610644303,0.9079754601226994,0.2547645395303086,2.908284023668639,0.8158813263525305,0.0,0.8909090909090909,0.003928723464103,0.3148148148148148,0.0,0.0,0.0,0.5076530612244898,0.1261889663918833,0.8396624472573839,0.0,4.783658519625611,0.0559699762628885,0.0398376982663223,-5.139382709704466,-42200000.0,303200000.0,-323100000.0,507900000.0,9700000.0,20000000.0,103750000.0,6.391883322764743,28.040816326530617,129.55102040816328,14.080357142857142,3.209606986899564,0.6947069943289225,0.1419807186678352,0.233395061440253,1992-03-30,,bmo,,2025-04-25,1992-03-31,,34.45476190476191,136331.3492063492
1991-12-31,NEM,USD,1164727,1991-12-31,1991-12-30 19:00:00,1991,Q4,155900000.0,81000000.0,74900000.0,0.480436177,0,0.0,0.0,18800000.0,22000000.0,40800000.0,121800000.0,0.0,0.0,22000000.0,56100000.0,0.3598460552,34100000.0,0.2187299551,-4300000.0,29800000.0,0.1911481719,7100000.0,22700000.0,0.1456061578,0.26,0.26,87113937,87142857,,,1.7896103122971012,0.2605782815211302,0.3432286615630746,0.0229584389005401,0.216957247610104,3.1464540513190213,3.1464540513190213,2.3119147972843885,2.7010603366485437,2818135861.9500003,3034535861.9500003,31.03673856773128,18.07656101314946,94.25203551672242,1409.067930975,13.992730198361471,13.992730198361471,19.464630288325857,54.09154834135473,101.48949371070236,1517.267930975,0.0080549700624769,0.0007096889922887,1.1683217477656405,0.2876176506539543,3.857397504456328,0.7968550786230344,0.0,1.317180616740088,0.003583929411058,0.4449339207048458,0.0,0.0,0.0,0.9331103678929766,0.1789608723540731,1.268181818181818,0.0,3.681682042252136,0.0367977098111697,0.027747219166361,-5.373422624671412,-47800000.0,274100000.0,-356500000.0,506100000.0,8250000.0,21350000.0,99400000.0,4.733803720333548,19.0,113.0,19.01219512195122,4.7368421052631575,0.7964601769911505,0.1127110228401191,0.3202702226625344,1991-12-30,,bmo,,2025-04-25,1991-12-31,,31.996875,167708.984375
1991-09-30,NEM,USD,1164727,1991-09-30,1991-09-29 20:00:00,1991,Q3,148400000.0,70000000.0,78400000.0,0.5283018868,0,0.0,0.0,22700000.0,23600000.0,46300000.0,116300000.0,0.0,0.0,23600000.0,55700000.0,0.3753369272,32100000.0,0.2163072776,-9500000.0,22600000.0,0.1522911051,10400000.0,12200000.0,0.0822102426,0.14,0.14,87142857,87142857,,,1.702950822463854,0.1400000002295082,0.3086885250962107,-0.0929508198245095,0.4601639351805966,2.5452459058118784,2.5452459058118784,1.7431147569559258,3.014590168876377,2653499995.65,2876099995.65,54.37499991086065,17.880727733490566,98.64312251486987,-327.59259205555554,17.468729398617512,17.468729398617512,19.380727733490566,51.63554749820467,106.91821545167286,-355.07407353703707,0.0045977011569625,-0.0030525720796226,1.7294272547728768,0.3182313749242883,3.9964093357271095,0.8382531338455318,0.0,2.204918032786886,0.0038439796558211,0.8360655737704918,0.0,0.0,0.0,1.3011152416356877,0.2358490566037736,1.4830508474576272,0.0,2.343248064847701,0.0247300108235632,0.014778921865536,-5.838975419408157,-40000000.0,221800000.0,-396400000.0,508900000.0,8300000.0,26800000.0,97900000.0,5.033692722371967,32.91428571428572,124.84285714285714,17.879518072289155,2.734375,0.7209062821833162,0.0803159973666886,0.4016393449207202,1991-09-29,,bmo,,2025-04-25,1991-09-30,,30.419375,149593.75
1991-06-30,NEM,USD,1164727,1991-06-30,1991-06-29 20:00:00,1991,Q2,167200000.0,81200000.0,86000000.0,0.514354067,0,0.0,0.0,25400000.0,25700000.0,51100000.0,132300000.0,0.0,0.0,25700000.0,60600000.0,0.3624401914,34900000.0,0.2087320574,-7700000.0,27200000.0,0.1626794258,5200000.0,22000000.0,0.1315789474,0.26,0.26,84615385,84615385,,,1.9759999910181816,0.2599999988181818,0.475090906931405,0.2647272715239669,1.2066363581516528,2.5503636247710744,2.5503636247710744,1.7585454465520662,4.618545433552066,2754230781.7499995,3042930781.7499995,31.29807706534091,16.472672139653106,68.5132035261194,122.95673132812496,18.50961546875,18.50961546875,18.19934678080143,50.21337923679867,75.69479556592039,135.84512418526785,0.0079877111772098,0.0081329422895227,2.626344086021505,0.4225321656395286,4.764026402640264,1.0926152590779274,0.0,1.8272727272727272,0.0036670855859009,0.4590909090909091,0.0,0.0,0.0,0.4427860696517413,0.1064593301435406,0.6926070038910506,0.0,3.207411856243015,0.0351969341352501,0.023786355281652,-6.516840879468905,22700000.0,215800000.0,-441300000.0,571200000.0,10950000.0,22900000.0,96450000.0,4.467703349282297,31.03448275862069,109.39655172413792,20.14457831325301,2.9,0.8226950354609929,0.1478494623655914,0.210363635407438,1991-06-29,,bmo,,2025-04-25,1991-06-30,,29.0946875,140093.75
1991-03-31,NEM,USD,1164727,1991-03-31,1991-03-30 19:00:00,1991,Q1,151300000.0,73600000.0,77700000.0,0.5135492399,0,0.0,0.0,16800000.0,22700000.0,39500000.0,113100000.0,0.0,0.0,22700000.0,60900000.0,0.4025115664,38200000.0,0.2524785195,4400000.0,42600000.0,0.2815598149,5200000.0,37400000.0,0.2471910112,0.44,0.44,85000000,85000000,,,1.78,0.44,0.0152941176470588,-0.1588235294117647,1.311764705882353,2.364705882352941,2.364705882352941,1.6105882352941177,4.929411764705883,2442900000.0,2750400000.0,16.329545454545453,16.146067415730336,1879.153846153846,-180.95555555555555,17.844411979547115,17.844411979547115,18.178453403833444,45.16256157635468,2115.692307692308,-203.7333333333333,0.0153096729297146,-0.0055262188382659,3.060628195763331,0.4435270456229491,5.0492610837438425,1.0976670620798734,0.0,0.03475935828877,0.0041753653444676,0.2727272727272727,0.0,0.0,0.0,11.384615384615383,0.0978189028420356,0.6519823788546255,0.0,3.9930969847239832,0.0412256781830091,0.0395892876045305,-6.763529411764706,24700000.0,201000000.0,-466100000.0,580800000.0,13400000.0,24800000.0,82150000.0,8.089887640449438,21.76630434782609,115.19021739130436,11.125,4.134831460674158,0.7813163481953291,0.2731921110299489,0.1741176470588235,1991-03-30,,bmo,,2025-04-25,1991-03-31,,29.922295081967214,189300.18032786885
1990-12-31,NEM,USD,1164727,1990-12-31,1990-12-30 19:00:00,1990,Q4,163300000.0,98400000.0,64900000.0,0.3974280465,0,0.0,0.0,23800000.0,28500000.0,52300000.0,150700000.0,0.0,0.0,28500000.0,41100000.0,0.2516840171,12600000.0,0.0771586038,-1900000.0,10700000.0,0.0655235762,2800000.0,5200000.0,0.0318432333,0.0615,0.0615,84489796,84489796,,,1.93277777591036,0.0615458936603421,-0.5988888883102523,-0.8060144919748652,1.5433816410208874,2.015628017376205,2.015628017376205,1.2971980663795188,5.000603859902798,2767040819.0,3059140819.0,133.03080860576924,16.944524304960197,-54.6846011660079,-40.63202377386197,25.24672280109489,25.24672280109489,18.733256699326397,74.4316500973236,-60.457328438735175,-44.92130424375918,0.00187926392856,-0.02461112952595,3.85492700729927,0.4443159112419813,7.10705596107056,1.0266116941529235,0.0,-9.73076923076923,0.0036862484752524,1.9615384615384617,0.0,0.0,0.0,-0.3458498023715415,0.1071647274954072,0.6140350877192983,0.0,1.3402750913974315,0.0115620230404148,0.0054685035229782,-7.163586949600399,7100000.0,170300000.0,-506700000.0,571100000.0,12650000.0,157150000.0,86100000.0,7.274954072259645,29.085365853658537,64.1158536585366,12.37121212121212,3.0943396226415096,1.4037089871611983,0.0474452554744525,0.2071256036646129,1990-12-30,,bmo,,2025-04-25,1990-12-31,,29.15296875,164734.375
1990-09-30,NEM,USD,1164727,1990-09-30,1990-09-29 20:00:00,1990,Q3,170100000.0,81100000.0,89000000.0,0.5232216343,0,0.0,0.0,21800000.0,19400000.0,41200000.0,122300000.0,0.0,0.0,19400000.0,67200000.0,0.3950617284,47800000.0,0.2810111699,102900000.0,150700000.0,0.8859494415,53400000.0,248400000.0,1.4603174603,2.94,2.94,84489796,84489796,,,2.013260867620038,2.93999999715942,0.1846376809810264,0.018937198049336,3.0039130405759296,2.0499516888406264,2.0499516888406264,1.354009660527527,5.6113284969938855,2699448982.2,2919748982.2,2.7168367373188405,15.869776497354495,173.0416014230769,1687.155613875,23.59658201223776,23.59658201223776,17.164897014697235,43.44864556845238,187.16339629487177,1824.843113875,0.0920187792538159,0.0005927135539698,4.144230769230769,0.4239470625055888,3.2782738095238093,1.0551552795031056,0.0,0.0628019323671497,0.0037415043094345,0.0406602254428341,0.0,0.0,0.0,0.8974358974358975,0.0823045267489712,0.7216494845360825,0.0,9.464023402198295,0.0369298107773392,0.2221228650630421,-7.470428736743547,22200000.0,173200000.0,-520400000.0,598000000.0,16400000.0,217900000.0,93550000.0,6.402116402116402,313.501849568434,113.30456226880396,14.057851239669422,0.2870796460176991,0.7943192948090108,2.1713286713286712,0.1657004829316903,1990-09-29,,bmo,,2025-04-25,1990-09-30,,37.571904761904754,223456.3492063492
1990-06-30,NEM,USD,1164727,1990-06-30,1990-06-29 20:00:00,1990,Q2,184600000.0,94300000.0,90300000.0,0.4891657638,0,0.0,0.0,19000000.0,18700000.0,37700000.0,132000000.0,0.0,0.0,18700000.0,71300000.0,0.38624052,52600000.0,0.2849404117,-22500000.0,30100000.0,0.1630552546,9500000.0,31600000.0,0.1711809317,0.38,0.38,83157895,83157895,,,2.219873410696603,0.3799999987974684,0.8321518961007851,0.6830379725220317,2.4519620175570824,-0.864620250428417,-0.864620250428417,-1.5272151850404585,12.96208856657567,2906368430.25,3780368430.25,22.99342112539557,15.744141008938245,41.99954378973989,51.1684582790493,-22.88479078937008,-22.88479078937008,20.478702222372696,53.020595094670405,54.62960159320809,66.55578222271127,0.0108726752159504,0.0195432896286704,-8.48740157480315,0.7082128777923784,12.258064516129032,0.7706,0.0,2.189873417721519,0.0035095344051485,0.3227848101265823,0.0,0.0,0.0,0.1791907514450867,0.0671722643553629,0.6631016042780749,0.0,,0.0308023197538679,0.0207621550591327,-16.01742083538791,-114700000.0,-71900000.0,-1208600000.0,466300000.0,19850000.0,149600000.0,95800000.0,10.092091007583964,146.30965005302227,81.12407211028632,8.917874396135266,0.6151337247227658,1.1094117647058823,-0.2488188976377952,0.1491139235787534,1990-06-29,,bmo,,2025-04-25,1990-06-30,,35.21031746031746,166533.79365079364
1990-03-31,NEM,USD,1164727,1990-03-31,1990-03-30 19:00:00,1990,Q1,165500000.0,83100000.0,82400000.0,0.4978851964,0,0.0,0.0,17800000.0,18200000.0,36000000.0,119100000.0,0.0,0.0,18200000.0,64600000.0,0.3903323263,46400000.0,0.2803625378,2500000.0,48900000.0,0.2954682779,6200000.0,57400000.0,0.3468277946,0.68,0.68,84411765,84411765,,,1.960627170868895,0.679999997630662,0.4892682909781592,0.2973519153402372,0.1599303130316016,-1.1503135848421129,-1.1503135848421129,-1.7592334433476189,13.459024343348348,3212711775.9,4335311775.9,13.9926471075784,19.412155745619337,77.78963137772398,127.99648509561752,-21.63442273333333,-21.63442273333333,26.19523731661631,67.11008941021672,104.97122944067796,172.72158469721114,0.017866526474794,0.0078127145386294,-7.650505050505051,0.844119176759046,17.377708978328172,0.6701797892126472,0.0,0.7195121951219512,0.0031437616270979,0.1759581881533101,0.0,0.0,0.0,0.3922518159806295,0.0978851963746223,0.8901098901098901,0.0,,0.0337641445126107,0.0426480422022438,-16.134599246917773,-106400000.0,-97100000.0,-1226800000.0,474600000.0,23600000.0,90600000.0,97950000.0,10.332326283987914,158.014440433213,115.45126353790612,8.710526315789474,0.5695681973954764,0.7795497185741088,-0.3865319865319865,0.191916375637922,1990-03-30,,bmo,,2025-04-25,1990-03-31,,40.87063492063492,242130.9523809524
1989-12-31,NEM,USD,1164727,1989-12-31,1989-12-30 19:00:00,1989,Q4,79700000.0,37500000.0,42200000.0,0.5294855709,0,0.0,0.0,7900000.0,13100000.0,21000000.0,58500000.0,0.0,0.0,13100000.0,34300000.0,0.4303638645,21200000.0,0.2659974906,76900000.0,98100000.0,1.2308657465,14600000.0,83500000.0,1.0476787955,0.97,0.97,86000000,86000000,,,0.9267441860465117,0.9709302325581396,-0.2337209302325581,-0.191860465116279,0.055813953488372,-1.772093023255814,-1.772093023255814,-2.32093023255814,13.365116279069769,3281759999.9999995,4426360000.0,9.82562874251497,41.17641154328732,-163.27164179104477,-198.89454545454544,-16.441683366733464,-16.441683366733464,55.537766624843165,129.04839650145772,-220.2169154228856,-268.2642424242424,0.0254436643752133,-0.0050277899663595,-5.758517034068136,0.8829991549512176,33.370262390670554,0.5760527969830296,0.0,-0.2407185628742515,0.0030776168884988,0.1209580838323353,0.0,0.0,0.0,-0.1791044776119403,0.0451693851944793,0.2748091603053435,0.0,,0.0154401062647738,0.0641468848428977,-16.087209302325583,-134900000.0,-152400000.0,-1270800000.0,448100000.0,32100000.0,37000000.0,78100000.0,31.844416562107902,84.72,214.32,2.826241134751773,1.0623229461756374,0.4199328107502799,-0.4183366733466934,0.041860465116279,1989-12-30,,bmo,,2025-04-25,1989-12-31,,,
1989-09-30,NEM,USD,1164727,1989-09-30,1989-09-29 20:00:00,1989,Q3,195700000.0,107000000.0,88700000.0,0.4532447624,0,0.0,0.0,21600000.0,21700000.0,43300000.0,150300000.0,0.0,0.0,21700000.0,67100000.0,0.3428717425,45400000.0,0.2319877363,-13700000.0,31700000.0,0.1619826265,5900000.0,25800000.0,0.1318344405,0.3,0.3,86000000,86000000,,,2.275581395348837,0.3,0.8860465116279069,0.5872093023255814,0.0930232558139534,-2.486046511627907,-2.486046511627907,-3.2406976744186045,14.522093023255811,2773500000.0,4014400000.0,26.875,14.172202350536535,36.39763779527559,54.92079207920792,-9.951560818083962,-9.951560818083962,20.513030148186,59.82712369597616,52.68241469816273,79.49306930693069,0.0093023255813953,0.0182080403821885,-4.481162540365985,0.9040173724212812,18.493293591654247,0.3701202785397763,0.0,2.953488372093023,0.0036416080764377,0.3914728682170542,0.0,0.0,0.0,0.337270341207349,0.1313234542667348,1.1843317972350231,0.0,,0.0306132209848439,0.0186753528773072,-17.75406976744186,-298500000.0,-213800000.0,-1419900000.0,384300000.0,33200000.0,47800000.0,70050000.0,16.55595298926929,32.55140186915887,56.271028037383175,5.436111111111111,2.764857881136951,1.5994020926756354,-0.092572658772874,0.2988372093023256,1989-09-29,,bmo,,2025-04-25,1989-09-30,,,
1989-06-30,NEM,USD,1164727,1989-06-30,1989-06-29 20:00:00,1989,Q2,174500000.0,97600000.0,76900000.0,0.4406876791,0,0.0,0.0,20900000.0,18800000.0,39700000.0,137300000.0,0.0,0.0,18800000.0,56000000.0,0.3209169054,37200000.0,0.2131805158,-23800000.0,13400000.0,0.0767908309,2600000.0,7200000.0,0.041260745,0.09,0.09,80000000,80000000,,,2.18125,0.09,,,0.1525,-2.91125,-2.91125,-3.68375,15.43125,2532000000.0,3754300000.0,87.91666666666667,14.510028653295128,0.0,0.0,-8.591788259246691,-8.591788259246691,21.51461318051576,67.04107142857143,0.0,0.0,0.0028436018957345,,-4.189005768578215,0.9345193035579108,21.82678571428572,0.2445109780439121,0.0,0.0,0.0037971563981042,1.3353333333333333,0.0,0.0,0.0,0.0,,0.0,,,0.0254754775700899,0.005450416351249,-18.52875,-378500000.0,-232900000.0,-1431400000.0,300300000.0,,,,15.679083094555873,52.46926229508197,67.5,5.740131578947368,1.7152899824253076,1.3333333333333333,-0.0244316253817441,,1989-06-29,,bmo,,2025-04-25,1989-06-30,,,
1989-03-31,NEM,USD,1164727,1989-03-31,1989-03-30 19:00:00,1989,Q1,132200000.0,0.0,132200000.0,1.0,0,0.0,0.0,0.0,0.0,0.0,0.0,0.0,0.0,0.0,132200000.0,1.0,132200000.0,1.0,-132200000.0,0.0,0.0,0.0,0.0,0.0,0.11,0.11,84045000,84045000,,,1.5729668629900648,0.0,,,,,,,,2676833250.0,,0.0,20.2483604387292,0.0,0.0,0.0,0.0,,,0.0,0.0,0.0,,0.0,0.0,,0.0,0.0,0.0,0.0037733124018838,0.0,0.0,0.0,0.0,0.0,,0.0,,,0.0,0.0,,,,,,,,,,0.0,0.0,0.0,0.0,0.0,0.0,,1989-03-30,,bmo,,2025-04-25,1989-03-31,,,
1988-12-31,NEM,USD,1164727,1988-12-31,1988-12-30 19:00:00,1988,Q4,157500000.0,0.0,157500000.0,1.0,0,0.0,0.0,0.0,-365400000.0,-365400000.0,-365400000.0,0.0,0.0,0.0,-207900000.0,-1.32,-207900000.0,-1.32,207900000.0,0.0,0.0,0.0,0.0,0.0,1.56,1.56,84045000,84045000,,,1.8739960735320365,0.0,,,0.3878874412517104,-3.4719495508358618,-3.4719495508358618,-3.4719495508358618,14.28044499970254,2230554300.0,3398154300.0,0.0,14.162249523809525,0.0,0.0,-7.644120287868403,-7.644120287868403,21.57558285714286,-16.345138528138527,0.0,0.0,0.0,,-4.113091158327622,0.908554125662377,-5.616161616161616,0.3233839632638643,0.0,0.0,0.0045282592313489,0.0,0.0,0.0,0.0,0.0,,0.0,,,,0.0,-17.86780891189244,-383100000.0,-291800000.0,-1429700000.0,226200000.0,,,,16.114285714285714,0.0,0.0,5.585106382978723,0.0,0.0,0.0,,1988-12-30,,bmo,,2025-04-25,1988-12-31,,,
1988-09-30,NEM,USD,1164727,1988-09-30,1988-09-29 20:00:00,1988,Q3,137200000.0,0.0,137200000.0,1.0,0,0.0,0.0,0.0,0.0,0.0,0.0,0.0,0.0,0.0,137200000.0,1.0,137200000.0,1.0,-137200000.0,0.0,0.0,0.0,0.0,0.0,-0.1,-0.1,84045000,84045000,,,1.6324588018323518,0.0,,,,,,,,2381835300.0,,0.0,17.36031559766764,0.0,0.0,0.0,0.0,,,0.0,0.0,0.0,,0.0,0.0,,0.0,0.0,0.0,0.0042406492589978,0.0,0.0,0.0,0.0,0.0,,0.0,,,0.0,0.0,,,,,,,,,,0.0,0.0,0.0,0.0,0.0,0.0,,1988-09-29,,bmo,,2025-04-25,1988-09-30,,,
1988-06-30,NEM,USD,1164727,1988-06-30,1988-06-29 20:00:00,1988,Q2,113000000.0,0.0,113000000.0,1.0,0,0.0,0.0,0.0,0.0,0.0,0.0,0.0,0.0,0.0,113000000.0,1.0,113000000.0,1.0,-113000000.0,0.0,0.0,0.0,0.0,0.0,0.23,0.23,84045000,84045000,,,1.3445178178356834,0.0,,,,,,,,2760878250.0,,0.0,24.432550884955752,0.0,0.0,0.0,0.0,,,0.0,0.0,0.0,,0.0,0.0,,0.0,0.0,0.0,0.0036584474885844,0.0,0.0,0.0,0.0,0.0,,0.0,,,0.0,0.0,,,,,,,,,,0.0,0.0,0.0,0.0,0.0,0.0,,1988-06-29,,bmo,,2025-04-25,1988-06-30,,,
1988-03-31,NEM,USD,1164727,1988-03-31,1988-03-30 19:00:00,1988,Q1,105800000.0,0.0,105800000.0,1.0,0,0.0,0.0,0.0,0.0,0.0,0.0,0.0,0.0,0.0,105800000.0,1.0,105800000.0,1.0,0.0,0.0,0.0,0.0,0.0,0.0,1.36,1.36,82900000,82900000,,,1.276236429433052,0.0,,,,,,,,2291356000.0,,0.0,21.65742911153119,0.0,0.0,0.0,0.0,,,0.0,0.0,0.0,,0.0,0.0,,0.0,0.0,0.0,0.004348046309696,0.0,0.0,0.0,0.0,0.0,,0.0,,,0.0,0.0,,,,,,,,,,0.0,0.0,0.0,0.0,0.0,0.0,,1988-03-30,,bmo,,2025-04-25,1988-03-31,,,
1987-12-31,NEM,USD,1164727,1987-12-31,1987-12-30 19:00:00,1987,Q4,128500000.0,0.0,128500000.0,1.0,0,0.0,0.0,0.0,-334600000.0,-334600000.0,-334600000.0,0.0,0.0,0.0,-206100000.0,-1.6038910506,-206100000.0,-1.6038910506,206100000.0,0.0,0.0,0.0,0.0,0.0,1.06,1.06,84034000,84034000,,,1.5291429659423568,0.0,,,3.4176642787443177,-5.452554918247376,-5.452554918247376,-5.452554918247376,22.956184401551752,2373120160.0,4015020160.0,0.0,18.46786116731517,0.0,0.0,-5.179223395896988,-5.179223395896988,31.24529307392996,-19.480932362930616,0.0,0.0,0.0,,-4.210170231340026,0.9820801303263248,-7.966521106259098,0.9328266228430568,0.0,0.0,0.0042556657223796,0.0,0.0,0.0,0.0,0.0,,0.0,,,,0.0,-24.266368374705475,-32700000.0,-458200000.0,-1968400000.0,584000000.0,,,,52.6692607003891,0.0,0.0,1.7087765957446808,0.0,0.0,0.0,,1987-12-30,,bmo,,2025-04-25,1987-12-31,,,
1987-09-30,NEM,USD,1164727,1987-09-30,1987-09-29 20:00:00,1987,Q3,128500000.0,0.0,128500000.0,1.0,0,0.0,0.0,0.0,0.0,0.0,0.0,0.0,0.0,0.0,128500000.0,1.0,128500000.0,1.0,0.0,0.0,0.0,0.0,0.0,0.0,0.84,0.84,84034000,84034000,,,1.5291429659423568,0.0,,,,,,,,6657173480.0,,0.0,51.80679750972762,0.0,0.0,0.0,0.0,,,0.0,0.0,0.0,,0.0,0.0,,0.0,0.0,0.0,0.0014137843978793,0.0,0.0,0.0,0.0,0.0,,0.0,,,0.0,0.0,,,,,,,,,,0.0,0.0,0.0,0.0,0.0,0.0,,1987-09-29,,bmo,,2025-04-25,1987-09-30,,,
1987-06-30,NEM,USD,1164727,1987-06-30,1987-06-29 20:00:00,1987,Q2,128500000.0,0.0,128500000.0,1.0,0,0.0,0.0,0.0,0.0,0.0,0.0,0.0,0.0,0.0,128500000.0,1.0,128500000.0,1.0,0.0,0.0,0.0,0.0,0.0,0.0,0.84,0.84,84034000,84034000,,,1.5291429659423568,0.0,,,,,,,,3173123840.0,,0.0,24.69357073929961,0.0,0.0,0.0,0.0,,,0.0,0.0,0.0,,0.0,0.0,,0.0,0.0,0.0,0.0021186440677966,0.0,0.0,0.0,0.0,0.0,,0.0,,,0.0,0.0,,,,,,,,,,0.0,0.0,0.0,0.0,0.0,0.0,,1987-06-29,,bmo,,2025-04-25,1987-06-30,,,
1987-03-31,NEM,USD,1164727,1987-03-31,1987-03-30 19:00:00,1987,Q1,128500000.0,0.0,128500000.0,1.0,0,0.0,0.0,0.0,0.0,0.0,0.0,0.0,0.0,0.0,128500000.0,1.0,128500000.0,1.0,0.0,0.0,0.0,0.0,0.0,0.0,0.42,0.42,84034000,84034000,,,1.5291429659423568,0.0,,,,,,,,3177325540.0,,0.0,24.72626879377432,0.0,0.0,0.0,0.0,,,0.0,0.0,0.0,,0.0,0.0,,0.0,0.0,0.0,0.001763210790796,0.0,0.0,0.0,0.0,0.0,,0.0,,,0.0,0.0,,,,,,,,,,0.0,0.0,0.0,0.0,0.0,0.0,,1987-03-30,,bmo,,2025-04-25,1987-03-31,,,
1986-12-31,NEM,USD,1164727,1986-12-31,1986-12-30 19:00:00,1986,Q4,-220100000.0,0.0,-220100000.0,1.0,0,0.0,0.0,0.0,-304200000.0,-304200000.0,-304200000.0,0.0,0.0,0.0,-524300000.0,2.3820990459,-524300000.0,2.3820990459,524300000.0,0.0,0.0,0.0,0.0,0.0,-0.6,-0.6,75775000,75775000,,,-2.904651930056087,0.0,,,2.2408446057406795,19.160673045199605,19.160673045199605,19.160673045199605,2.884856483008908,1867096000.0,1915896000.0,0.0,-8.482944116310767,0.0,0.0,1.2859673531234934,1.2859673531234934,-8.704661517492049,-3.654197978256723,0.0,0.0,0.0,,0.150561333425167,0.1103204642947262,-0.0930764829296204,2.008746355685131,0.0,0.0,0.0081249999999999,0.0,0.0,0.0,0.0,0.0,,0.0,,0.0,,0.0,-3.907621247113164,138400000.0,1451900000.0,-254000000.0,693600000.0,,,,-20.60881417537483,0.0,0.0,-4.367063492063492,0.0,0.0,0.0,,1986-12-30,,bmo,,2025-04-25,1986-12-31,,,
1986-09-30,NEM,USD,1164727,1986-09-30,1986-09-29 20:00:00,1986,Q3,200900000.0,0.0,200900000.0,1.0,0,0.0,0.0,0.0,0.0,0.0,0.0,0.0,0.0,0.0,200900000.0,1.0,200900000.0,1.0,-200900000.0,0.0,0.0,0.0,0.0,0.0,0.59,0.59,75775000,75775000,,,2.651270207852194,0.0,,,,,,,,1814053500.0,,0.0,9.029634146341465,0.0,0.0,0.0,0.0,,,0.0,0.0,0.0,,0.0,0.0,,0.0,0.0,0.0,0.0083625730994152,0.0,0.0,0.0,0.0,0.0,,0.0,,,0.0,0.0,,,,,,,,,,0.0,0.0,0.0,0.0,0.0,0.0,,1986-09-29,,bmo,,2025-04-25,1986-09-30,,,
1986-06-30,NEM,USD,1164727,1986-06-30,1986-06-29 20:00:00,1986,Q2,205400000.0,0.0,205400000.0,1.0,0,0.0,0.0,0.0,0.0,0.0,0.0,0.0,0.0,0.0,205400000.0,1.0,205400000.0,1.0,-205400000.0,0.0,0.0,0.0,0.0,0.0,0.8,0.8,75775000,75775000,,,2.7106565489937315,0.0,,,,,,,,1423054500.0,,0.0,6.928210808179163,0.0,0.0,0.0,0.0,,,0.0,0.0,0.0,,0.0,0.0,,0.0,0.0,0.0,0.0106602768903088,0.0,0.0,0.0,0.0,0.0,,0.0,,,0.0,0.0,,,,,,,,,,0.0,0.0,0.0,0.0,0.0,0.0,,1986-06-29,,bmo,,2025-04-25,1986-06-30,,,
1986-03-31,NEM,USD,1164727,1986-03-31,1986-03-30 19:00:00,1986,Q1,194600000.0,0.0,194600000.0,1.0,0,0.0,0.0,0.0,0.0,0.0,0.0,0.0,0.0,0.0,194600000.0,1.0,194600000.0,1.0,-194600000.0,0.0,0.0,0.0,0.0,0.0,0.1,0.1,75718000,75718000,,,2.570062600702607,0.0,,,,,,,,1501487939.9999998,,0.0,7.715765364850975,0.0,0.0,0.0,0.0,,,0.0,0.0,0.0,,0.0,0.0,,0.0,0.0,0.0,0.010095814422592,0.0,0.0,0.0,0.0,0.0,,0.0,,,0.0,0.0,,,,,,,,,,0.0,0.0,0.0,0.0,0.0,0.0,,1986-03-30,,bmo,,2025-04-25,1986-03-31,,,
1985-12-31,NEM,USD,1164727,1985-12-31,1985-12-30 19:00:00,1985,Q4,178300000.0,0.0,178300000.0,1.0,0,0.0,0.0,0.0,-734500000.0,-734500000.0,-734500000.0,0.0,0.0,0.0,-556200000.0,-3.1194615816,-556200000.0,-3.1194615816,556200000.0,0.0,0.0,0.0,0.0,0.0,-0.12,-0.12,75715000,75715000,,,2.3548834444958064,0.0,,,0.862444693917982,18.54454203262233,18.54454203262233,18.54454203262233,4.372977613418741,1429499200.0,1695299200.0,0.0,8.017381940549635,0.0,0.0,1.0180893098782138,1.0180893098782138,9.50812787436904,-3.048002876663071,0.0,0.0,0.0,,0.2358094152838117,0.1588161933998465,-0.4778856526429342,1.4876783398184177,0.0,0.0,,0.0,0.0,0.0,0.0,0.0,,0.0,,0.0,,0.0,-6.001783002047151,112800000.0,1404100000.0,-336600000.0,1183100000.0,,,,49.9214806505889,0.0,0.0,1.8028311425682508,0.0,0.0,0.0,,1985-12-30,,bmo,,2025-04-25,1985-12-31,,,
1985-09-30,NEM,USD,1164727,1985-09-30,1985-09-29 20:00:00,1985,Q3,165900000.0,0.0,165900000.0,1.0,0,0.0,0.0,0.0,0.0,0.0,0.0,0.0,0.0,0.0,165900000.0,1.0,165900000.0,1.0,-165900000.0,0.0,0.0,0.0,0.0,0.0,0.09,0.09,75715000,75715000,,,2.1911114046093907,0.0,,,,,,,,1278069200.0,,0.0,7.70385292344786,0.0,0.0,0.0,0.0,,,0.0,0.0,0.0,,0.0,0.0,,0.0,0.0,0.0,,0.0,0.0,0.0,0.0,0.0,,0.0,,,0.0,0.0,,,,,,,,,,0.0,0.0,0.0,0.0,0.0,0.0,,1985-09-29,,bmo,,2025-04-25,1985-09-30,,,
