date,symbol,reportedCurrency,cik,fillingDate,acceptedDate,calendarYear,period,revenue,costOfRevenue,grossProfit,grossProfitRatio,researchAndDevelopmentExpenses,generalAndAdministrativeExpenses,sellingAndMarketingExpenses,sellingGeneralAndAdministrativeExpenses,otherExpenses,operatingExpenses,costAndExpenses,interestIncome,interestExpense,depreciationAndAmortization,ebitda,ebitdaratio,operatingIncome,operatingIncomeRatio,totalOtherIncomeExpensesNet,incomeBeforeTax,incomeBeforeTaxRatio,incomeTaxExpense,netIncome,netIncomeRatio,eps,epsdiluted,weightedAverageShsOut,weightedAverageShsOutDil,link,finalLink,revenuePerShare,netIncomePerShare,operatingCashFlowPerShare,freeCashFlowPerShare,cashPerShare,bookValuePerShare,tangibleBookValuePerShare,shareholdersEquityPerShare,interestDebtPerShare,marketCap,enterpriseValue,peRatio,priceToSalesRatio,pocfratio,pfcfRatio,pbRatio,ptbRatio,evToSales,enterpriseValueOverEBITDA,evToOperatingCashFlow,evToFreeCashFlow,earningsYield,freeCashFlowYield,debtToEquity,debtToAssets,netDebtToEBITDA,currentRatio,interestCoverage,incomeQuality,dividendYield,payoutRatio,salesGeneralAndAdministrativeToRevenue,researchAndDdevelopementToRevenue,intangiblesToTotalAssets,capexToOperatingCashFlow,capexToRevenue,capexToDepreciation,stockBasedCompensationToRevenue,grahamNumber,roic,returnOnTangibleAssets,grahamNetNet,workingCapital,tangibleAssetValue,netCurrentAssetValue,investedCapital,averageReceivables,averagePayables,averageInventory,daysSalesOutstanding,daysPayablesOutstanding,daysOfInventoryOnHand,receivablesTurnover,payablesTurnover,inventoryTurnover,roe,capexPerShare,report_date,epsEstimated,time,revenueEstimated,updatedFromDate,fiscalDateEnding,surprise(%),QuarterAvgPrice,QuarterAvgVolume
2025-03-31,NFLX,USD,1065280,2025-04-18,2025-04-18 16:02:54,2025,Q1,10542801000.0,5263147000.0,5279654000.0,0.5007828565,822823000,421462000.0,688370000.0,1109832000.0,0.0,1932655000.0,7195802000.0,50899000.0,184172000.0,3903179000.0,7301077000.0,0.6925177664,3346999000.0,0.3174677204,-133273000.0,3213726000.0,0.3048265826,323375000.0,2890351000.0,0.2741539938,6.76,6.61,427270000,436962000,https://www.sec.gov/Archives/edgar/data/1065280/000106528025000176/0001065280-25-000176-index.htm,https://www.sec.gov/Archives/edgar/data/1065280/000106528025000176/nflx-20250331.htm,24.674798137009383,6.7646944554965245,6.527954220984389,6.227729538699183,19.59180377747092,56.23627448685843,-18.753401830224448,56.23627448685843,35.577246237741946,398442093100.0,406259163100.0,34.46312343206759,37.79281171104339,142.85179834784108,149.73835877188432,16.582357357579195,16.582357357579195,38.534272163536045,55.64373079478548,145.65442017582825,152.67608862642348,0.0072541306504847,0.0066783154844339,0.6249738795116861,0.2883009644283393,1.0706735458344023,1.2036434769536388,18.17322394283605,0.9650035583913512,0.0,0.0,0.0399762833425386,0.0780459576160073,0.6151331974239419,0.045990623114378,0.0121672599150832,0.032864749477285,0.0068271230766852,92.51744332788394,0.0693997289731175,0.1441801324450455,-43.53825801015751,1979113000.0,-8012766000.0,-16361939000.0,35664298000.0,1718145000.0,757199000.0,0.0,12.360921921982593,10.507783651112158,0.0,7.281010313635629,8.565079277253131,0.0,0.1202905867649062,0.3002246822852061,2025-04-17,5.67,amc,10506867221.0,2025-05-11,2025-03-31,0.1657848324514992,951.0696466666668,4568113.366666666
2024-12-31,NFLX,USD,1065280,2025-01-27,2025-01-27 16:01:56,2024,Q4,10246513000.0,5767364000.0,4479149000.0,0.4371388588,776505000,453674000.0,976204000.0,1429878000.0,0.0,2206383000.0,7973747000.0,0.0,192603000.0,4241040000.0,6182705000.0,0.6033960041,2272766000.0,0.2218087265,-138498000.0,2134268000.0,0.2082921283,265661000.0,1868607000.0,0.1823651617,4.37,4.27,427716000,437786000,https://www.sec.gov/Archives/edgar/data/1065280/000106528025000044/0001065280-25-000044-index.htm,https://www.sec.gov/Archives/edgar/data/1065280/000106528025000044/nflx-20241231.htm,23.95634720234922,4.368803131049575,3.593258143253935,3.222278334221773,22.40678160274575,57.85045918319633,-18.02339636581283,57.85045918319633,36.88290127093679,381231825120.0,389009896120.0,51.00481603675894,37.20600609397558,248.0534279657543,276.6117347883502,15.40731072120685,15.40731072120685,37.96510052932154,62.91904532401271,253.1143306695192,282.2552974996735,0.0049014979256042,0.0036151756206769,0.6297719322359626,0.2905593013392,1.258036894854275,1.2180280603231866,11.800262716572432,0.8224811316665303,0.0,0.0,0.044275940507761,0.0757823661571502,0.6051134754346483,0.1032432945928606,0.0154856583893466,0.0374139362043272,0.0060339551611362,75.40947229807793,0.0445564514707838,0.0882337692214416,-41.64408158684735,2344979000.0,-7708895000.0,-15786428000.0,36391197000.0,1602981500.0,770931000.0,0.0,17.464220266933737,14.043124380566232,0.0,5.153393545453814,6.4088302261673125,0.0,0.0755189015391354,0.3709798090321615,2025-01-21,4.21,amc,10108143048.0,2025-04-25,2024-12-31,0.0142517814726839,823.0753125,3230320.78125
2024-09-30,NFLX,USD,1065280,2024-10-18,2024-10-18 16:01:49,2024,Q3,9824703000.0,5119884000.0,4704819000.0,0.4788764607,735063000,417353000.0,642926000.0,1060279000.0,0.0,1795342000.0,6915226000.0,0.0,206523000.0,3780435000.0,6668219000.0,0.6787196519,2909477000.0,0.2961389265,-206523000.0,2702954000.0,0.2751181384,339445000.0,2363509000.0,0.2405679846,5.52,5.4,428239000,437898000,https://www.sec.gov/Archives/edgar/data/1065280/000106528024000287/0001065280-24-000287-index.htm,https://www.sec.gov/Archives/edgar/data/1065280/000106528024000287/nflx-20240930.htm,22.94210242411364,5.519135342647447,5.420106529297892,5.1238630764596405,21.539203575573453,53.056204596031655,-22.07796580881237,53.056204596031655,37.80097328828061,303737075530.0,312261378530.0,32.127768027327164,30.91564961607491,130.85905160094282,138.42485433667633,13.368276253462916,13.368276253462916,31.783289380859657,46.82830280919088,134.5315772687186,142.3097123147079,0.0077814306859834,0.0072241361913793,0.703380735553637,0.3056764409457325,1.2783477867178628,1.1328062264327514,14.087907884351864,0.9820571870045768,0.0,0.0,0.0424799609718482,0.0748178341879647,0.6154217131285576,0.0546563893600493,0.0129126549677888,0.033557778403808,0.0066821358365743,81.16987380479026,0.058626328936621,0.1175497210797205,-45.35770154049491,1421973000.0,-9454646000.0,-17432009000.0,37380025000.0,1247009000.0,620255000.0,0.0,11.154465432695522,11.284585744520774,0.0,8.068517540625084,7.975481071044141,0.0,0.1040243150573995,0.2962434528382515,2024-10-17,5.12,amc,9770546352.0,2025-04-25,2024-09-30,0.0546875,668.77328125,3146027.578125
2024-06-30,NFLX,USD,1065280,2024-07-19,2024-07-19 16:04:45,2024,Q2,9526009000.0,5174216000.0,4351793000.0,0.4568327618,711254000,426992000.0,644084000.0,1071076000.0,0.0,1782330000.0,6956546000.0,79005000.0,167986000.0,3850917000.0,6532759000.0,0.6857813172,2569463000.0,0.2697313219,-88981000.0,2513856000.0,0.263893935,366550000.0,2147306000.0,0.2254150715,4.99,4.88,430065000,439739000,https://www.sec.gov/Archives/edgar/data/1065280/000106528024000200/0001065280-24-000200-index.htm,https://www.sec.gov/Archives/edgar/data/1065280/000106528024000200/nflx-20240630.htm,22.150161022171066,4.992980130910444,3.001516049899434,2.819480776161743,15.481113320079524,51.41709509027705,-22.821345610547244,51.41709509027705,38.813156150814415,289696084650.0,299856519650.0,33.72785302257806,30.41106560470392,224.42325438258752,238.91278340865605,13.10089570049202,13.10089570049202,31.477664953917216,45.900441092347045,232.2943924802862,247.29210896780364,0.0074122713898404,0.0041856278501829,0.7472718949247837,0.3365492033985693,1.5553053464853055,0.9482794820788444,15.295697260485992,0.6011472049162998,0.0,0.0,0.0448238081656231,0.0746644266239933,0.6502662636297619,0.0606477762275467,0.0082182370392469,0.0203294436104439,0.0072187628628106,76.00198694070399,0.053303082346285,0.1250502866953109,-45.04213956029903,-524446000.0,-9814662000.0,-17370649000.0,35137128000.0,1252525000.0,602952500.0,0.0,12.058807628672197,10.4112642379058,0.0,7.463424475402297,8.64448331570761,0.0,0.0971073943820411,0.1820352737376908,2024-07-18,4.74,amc,9527231650.0,2025-04-25,2024-06-30,0.0295358649789028,624.5544444444445,3449035.9523809524
2024-03-31,NFLX,USD,1065280,2024-04-22,2024-04-22 16:01:53,2024,Q1,9381681000.0,4977267000.0,4404414000.0,0.4694695972,702473000,404020000.0,654340000.0,1058360000.0,0.0,1760833000.0,6738100000.0,155359000.0,173314000.0,3758039000.0,6545932000.0,0.6977355124,2643581000.0,0.2817811648,-17955000.0,2614579000.0,0.2786898212,282370000.0,2332209000.0,0.2485918035,5.4,5.28,432090000,441654000,https://www.sec.gov/Archives/edgar/data/1065280/000106528024000128/0001065280-24-000128-index.htm,https://www.sec.gov/Archives/edgar/data/1065280/000106528024000128/nflx-20240331.htm,21.71233076442408,5.397507463722835,5.120511930384874,4.945284547200815,16.310095119072415,49.446666203800135,-23.829965979309865,49.446666203800135,38.61445532180796,265437207900.0,275203313900.0,28.45341132591461,28.29313935317135,119.97042646355604,124.22136565381632,12.423688939271466,12.423688939271466,29.33411548527391,42.04188401284951,124.38444178182183,128.79178377280505,0.0087862926921632,0.0080501449548286,0.772819524642869,0.3381604887928314,1.4919351438420074,1.0680462088462357,15.253130156825184,0.94868084292617,0.0,0.0,0.0430647769839967,0.0748770929218335,0.6484451731834873,0.0342206766757573,0.0080704087039412,0.0201472097548748,0.0081376674393426,77.4919148850544,0.0578881771909852,0.1358651108515095,-45.11412842231943,632096000.0,-10296690000.0,-17540998000.0,35954689000.0,1535372500.0,677380000.0,0.0,11.78703368831236,10.98219565074568,0.0,7.63550884640646,8.19508255563532,0.0,0.1091581673368308,0.1752273831840588,2024-04-18,4.52,amc,9276844271.0,2025-04-25,2024-03-31,0.1681415929203541,563.8167213114754,4552945.049180328
2023-12-31,NFLX,USD,1065280,2024-01-26,2024-01-26 16:01:56,2023,Q4,8832825000.0,5307485000.0,3525340000.0,0.3991180625,673341000,439273000.0,916617000.0,1355890000.0,0.0,2029231000.0,7336716000.0,0.0,95959000.0,3840646000.0,5164008000.0,0.5846383235,1496109000.0,0.1693805776,-347959000.0,1148150000.0,0.1299867257,210312000.0,937838000.0,0.1061764498,2.15,2.11,435923000,444292000,https://www.sec.gov/Archives/edgar/data/1065280/000106528024000030/0001065280-24-000030-index.htm,https://www.sec.gov/Archives/edgar/data/1065280/000106528024000030/nflx-20231231.htm,20.26235137856915,2.1513845335070645,3.814926030514563,3.627663601140569,16.374189937213682,47.22924232031803,-25.393803492818687,47.22924232031803,33.582123448407174,212242190240.0,219668538240.0,56.57751931570271,24.028800552484626,127.6250171315455,134.21310615651373,10.308867474474477,10.308867474474477,24.869567577756836,42.5383806996426,132.09061273086095,138.90921879722927,0.0044187161795659,0.0074508371696117,0.7063842967609828,0.2984335423842308,1.4380976946588773,1.119345353136986,15.591127460686335,1.7732422870474431,0.0,0.0,0.0497318807969137,0.0762316699357227,0.6496359927170635,0.0490867785839445,0.0092418903351985,0.0212547576631639,0.0093423112084752,47.81407619924037,0.0295849978225474,0.0549280493964602,-45.01770381466452,1057478000.0,-11069743000.0,-18225546000.0,36283877000.0,1491014000.0,640920500.0,0.0,18.76917747153374,12.67400284692279,0.0,4.795095583517096,7.101150369541832,0.0,0.0455519595024614,0.1872624293739949,2024-01-23,2.22,amc,8718570000.0,2025-04-25,2023-12-31,-0.0495495495495496,436.5371428571429,5016412.746031746
2023-09-30,NFLX,USD,1065280,2023-10-20,2023-10-20 16:01:48,2023,Q3,8541668000.0,4930788000.0,3610880000.0,0.4227371047,657159000,478591000.0,558736000.0,1037327000.0,0.0,1694486000.0,6625274000.0,168218000.0,175563000.0,3664013000.0,5748625000.0,0.673009651,1916394000.0,0.2243582869,-7345000.0,1909049000.0,0.2234983846,231627000.0,1677422000.0,0.1963810815,3.8,3.73,441537000,450011000,https://www.sec.gov/Archives/edgar/data/1065280/000106528023000273/0001065280-23-000273-index.htm,https://www.sec.gov/Archives/edgar/data/1065280/000106528023000273/nflx-20230930.htm,19.345305149964783,3.799051948081362,4.512226608415602,4.276846560990359,17.818316471779262,50.06970423769695,-21.837884480802288,50.06970423769695,32.78531810471149,166724371200.0,173671494200.0,24.84830460075044,19.51894772777401,83.68374037238088,88.28934931735355,7.541486528608431,7.541486528608431,20.33226931788967,30.21096248233273,87.17070051673555,91.96821740894076,0.0100610485913171,0.0113263944941481,0.6468522379177105,0.2888858999956082,1.2084842897214552,1.2927015879419357,10.91570547324892,1.1877243770500208,0.0,0.0,0.0560301571074876,0.0769356757954067,0.6413881915290894,0.0521649437965381,0.0121672956616904,0.0283648011074196,0.0093330717138619,65.42088097115328,0.040514128109651,0.0944924001199869,-42.28803588374248,2440756000.0,-9642234000.0,-16614685000.0,37813509000.0,1179150000.0,574901500.0,0.0,12.0114314908985,9.754751167561858,0.0,7.492862117907952,9.226273274841,0.0,0.0758752624150932,0.2353800474252441,2023-10-18,3.49,amc,8541300000.0,2025-04-25,2023-09-30,0.0687679083094555,423.9103174603175,5975111.015873016
2023-06-30,NFLX,USD,1065280,2023-07-21,2023-07-21 16:02:00,2023,Q2,8187301000.0,4673470000.0,3513831000.0,0.4291806299,657983000,401497000.0,627168000.0,1028665000.0,0.0,1686648000.0,6360118000.0,26961000.0,174812000.0,3499406000.0,5353550000.0,0.6538845952,1827183000.0,0.2231728136,-147851000.0,1679332000.0,0.2051142373,191722000.0,1487610000.0,0.1816972406,3.35,3.29,443881000,451572000,https://www.sec.gov/Archives/edgar/data/1065280/000106528023000198/0001065280-23-000198-index.htm,https://www.sec.gov/Archives/edgar/data/1065280/000106528023000198/nflx-20230630.htm,18.444810658712584,3.3513712008398646,3.24463538651125,3.0171600045958265,19.322721630346877,51.43769388642451,-21.826928839035688,51.43769388642451,32.99161261689507,195525141690.0,202331891690.0,32.85893844656866,23.881513784579315,135.7594760358053,145.99490889745084,8.563564318661156,8.563564318661156,24.7128927701571,37.79396693595838,140.48562432302575,151.07737981422576,0.0076082798720512,0.0068495539163109,0.6337334332214374,0.284735488519864,1.271446049817411,1.3262557192099178,10.452274443402056,0.9681515988733608,0.0,0.0,0.0490389934362984,0.0803662892081285,0.6399526005553248,0.070108149242622,0.0123327577671811,0.0288540397998974,0.00953061332422,62.27923517026399,0.0377134347588915,0.0813048299040171,-41.66550156460853,2830531000.0,-9688559000.0,-16478922000.0,39011005000.0,1121917500.0,603680500.0,0.0,13.39261131354521,11.850650587251014,0.0,6.720123349579669,7.594519755465781,0.0,0.0651539940386861,0.2274753819154232,2023-07-19,2.86,amc,8295360000.0,2025-04-25,2023-06-30,0.1503496503496504,368.3204838709677,6784462.145161291
2023-03-31,NFLX,USD,1065280,2023-04-21,2023-04-21 16:02:01,2023,Q1,8161503000.0,4803625000.0,3357878000.0,0.4114288753,687275000,400924000.0,555362000.0,956286000.0,0.0,1643561000.0,6447186000.0,138443000.0,245443000.0,3550319000.0,5264636000.0,0.6450571666,1714317000.0,0.2100491784,-245443000.0,1468874000.0,0.1799759187,163754000.0,1305120000.0,0.1599117221,2.93,2.88,445244000,452417000,https://www.sec.gov/Archives/edgar/data/1065280/000106528023000120/0001065280-23-000120-index.htm,https://www.sec.gov/Archives/edgar/data/1065280/000106528023000120/nflx-20230331.htm,18.33040535077396,2.93124668720971,4.893361842046159,4.754069678648112,17.580257117445715,49.0252445849916,-23.629713146050257,49.0252445849916,32.97646009828319,153822897120.0,161545431120.0,29.46527850312615,18.847373715356103,70.60176850840395,72.6703694629571,7.0469816708627695,7.0469816708627695,19.793588401548096,30.685014333374617,74.1462639507238,76.31871707230192,0.008484562600468,0.0137607666974878,0.6613981292819617,0.2917160508782066,1.4668695043683933,1.260526065797907,6.984582978532694,1.6693790609292631,0.0,0.0,0.0491237949676671,0.0842093668286343,0.6536463627400455,0.0284655351258066,0.0075989679842058,0.0174685711340304,0.0121422487990263,56.862680468269815,0.0366387874455034,0.076139533372331,-42.820370965133726,2166553000.0,-10520988000.0,-17179526000.0,38103851000.0,1007203500.0,631750000.0,0.0,11.308678070693595,11.09137994743553,0.0,7.95848988161001,8.11440960696772,0.0,0.0597905571307862,0.1392921633980469,2023-04-18,2.86,amc,8173790000.0,2025-04-25,2023-03-31,0.006993006993007,330.9340322580645,7859447.70967742
2022-12-31,NFLX,USD,1065280,2023-01-26,2023-01-26 16:03:50,2022,Q4,7852053000.0,5404160000.0,2447893000.0,0.3117519711,673926000,392453000.0,831610000.0,1224063000.0,0.0,1897989000.0,7302149000.0,0.0,510568000.0,4038214000.0,4588118000.0,0.5843208139,549904000.0,0.0700331493,-510568000.0,39336000.0,0.0050096452,-15948000.0,55284000.0,0.0070407064,0.12,0.12,445200000,451649000,https://www.sec.gov/Archives/edgar/data/1065280/000106528023000035/0001065280-23-000035-index.htm,https://www.sec.gov/Archives/edgar/data/1065280/000106528023000035/nflx-20221231.htm,17.637136118598384,0.124177897574124,0.9969856244384546,0.7463274932614555,13.608382749326143,46.669813566936206,-26.862785265049418,46.669813566936206,33.38644204851752,131280576000.0,140486476000.0,593.6644237030605,16.719267687062224,295.7715665821051,395.1080492980001,6.318431068447878,6.318431068447878,17.891687180410017,30.6196300966976,316.5122088595902,422.81454862835386,0.000421113326011,0.0025309532462746,0.6908022808049957,0.2953625789508862,2.0064653960512784,1.168390288506809,1.0770436063364723,8.028688228058751,0.0,0.0,0.0499809412901313,0.085827999377997,0.6736674409063955,0.2514159934032956,0.0142119519570232,0.0276342462286545,0.0195858331572647,11.419088619529385,0.0190058914789834,0.0034861778446347,-47.20853885893981,1335499000.0,-11959312000.0,-18550894000.0,37697591000.0,931970000.0,615834500.0,0.0,11.334719722345229,11.183268074964472,0.0,7.940205157660345,8.047736976052585,0.0,0.0026607755224053,0.2506581311769991,2023-01-19,0.45,amc,7861576156.0,2025-04-25,2022-12-31,-0.7333333333333334,280.4940476190476,11330174.746031746
2022-09-30,NFLX,USD,1065280,2022-10-20,2022-10-20 16:04:17,2022,Q3,7925589000.0,4788665000.0,3136924000.0,0.3957969559,662739000,373213000.0,567954000.0,941167000.0,0.0,1603906000.0,6392571000.0,261404000.0,172575000.0,3738780000.0,5533202000.0,0.6981439487,1533018000.0,0.1934263813,88829000.0,1621847000.0,0.2046342549,223605000.0,1398242000.0,0.1764212098,3.14,3.1,444878000,450344000,https://www.sec.gov/Archives/edgar/data/1065280/000106528022000368/0001065280-22-000368-index.htm,https://www.sec.gov/Archives/edgar/data/1065280/000106528022000368/nflx-20220930.htm,17.815196525789094,3.1429785244494,1.2516015626756098,1.0606278575249843,13.742493447641824,46.14330445650268,-27.533838490552466,46.14330445650268,31.60572561466289,104742076320.0,112516460320.0,18.727458537220308,13.215683568754322,188.11098277688976,221.981723683374,5.102365397821458,5.102365397821458,14.196605491402597,20.334782702673785,202.0733469585676,238.45811236621807,0.0133493821120005,0.0045048753717506,0.6765404134743619,0.2919991252715103,1.4050425052257265,1.1353321253208246,8.883198609300305,0.3982214809739658,0.0,0.0,0.0470896232444049,0.0836201574419264,0.6891470318637787,0.1525834665325694,0.0107197080242238,0.0227239901786144,0.0191862081165197,57.12369767848681,0.0332106536356658,0.0945726391351902,-45.54963720390759,1050979000.0,-12249199000.0,-18217143000.0,37412580000.0,820214000.0,532217000.0,0.0,9.936646979801754,10.52778592781078,0.0,9.057381245700206,8.548806046886938,0.0,0.0681134253705681,0.1909737051506255,2022-10-18,2.13,amc,7838110575.0,2025-04-25,2022-09-30,0.455399061032864,222.121484375,10250132.828125
2022-06-30,NFLX,USD,1065280,2022-07-21,2022-07-21 16:02:17,2022,Q2,7970141000.0,4690755000.0,3279386000.0,0.4114589692,716846000,409297000.0,574960000.0,984257000.0,0.0,1701103000.0,6391858000.0,220226000.0,175455000.0,3344853000.0,5143362000.0,0.6453288593,1578283000.0,0.1980244766,44771000.0,1623054000.0,0.2036418176,182103000.0,1440951000.0,0.1807936648,3.24,3.2,444557000,450169000,https://www.sec.gov/Archives/edgar/data/1065280/000106528022000257/0001065280-22-000257-index.htm,https://www.sec.gov/Archives/edgar/data/1065280/000106528022000257/nflx-20220630.htm,17.928276913871564,3.2413188859921225,0.2311289665892112,0.0286397469840762,13.090445094779747,42.91007452362689,-30.27109009643308,42.91007452362689,32.411497288311736,77739682590.0,86153536590.0,13.487565258985212,9.753865407149007,756.5905848175182,6105.85003063148,4.0752667512547465,4.0752667512547465,10.809537320607,16.750432225069904,838.4772417518249,6766.693103204524,0.0185355915022137,0.0001637773602337,0.7461376808334924,0.3070769338310004,1.6358665790974851,1.0454340000602664,8.995372032714942,0.0713070742863567,0.0,0.0,0.0513537966266845,0.089941445201534,0.7018887321259,0.8760875912408759,0.0112944049546927,0.0269123934594435,0.0188694277805122,55.94119936537943,0.0360661589928177,0.1042827131738513,-46.971417613489386,340756000.0,-13457225000.0,-19434183000.0,36577297000.0,795018000.0,560740000.0,0.0,8.642850860480385,9.675418989054,0.0,10.413230709733387,9.3019227489599,0.0,0.0755374797638118,0.202489219605135,2022-07-19,2.94,amc,8026263897.0,2025-04-25,2022-06-30,0.0884353741496599,221.7020967741936,13646734.822580645
2022-03-31,NFLX,USD,1065280,2022-04-21,2022-04-21 16:03:01,2022,Q1,7867767000.0,4284705000.0,3583062000.0,0.4554102835,657530000,397928000.0,555978000.0,953906000.0,0.0,1611436000.0,5896141000.0,195645000.0,187579000.0,3240967000.0,5408238000.0,0.6873917339,1971626000.0,0.2505953722,8066000.0,1979692000.0,0.2516205678,382245000.0,1597447000.0,0.2030368973,3.6,3.53,444146000,452984000,https://www.sec.gov/Archives/edgar/data/1065280/000106528022000145/0001065280-22-000145-index.htm,https://www.sec.gov/Archives/edgar/data/1065280/000106528022000145/nflx-20220331.htm,17.714370950092988,3.5966709145191,2.077782981271924,1.8049943036749176,13.52921336677579,39.500612411234144,-30.728366348002684,39.500612411234144,33.14707325969388,166372650140.0,174898265140.0,26.037272306999856,21.14610792871726,180.28350572526733,207.52974080712903,9.483144111797744,9.483144111797744,22.22972097928167,32.33923232298579,189.5219698560637,218.1644134512356,0.0096016202101473,0.0048185864643341,0.8284615076380074,0.3206324983062327,1.576412687459391,1.046301670255112,10.510910069890553,0.5776961614375938,0.0,0.0,0.0505769934468064,0.0835726324889895,0.688093932563092,0.131288339569524,0.0153992867353596,0.0373832871485578,0.015151567147324,56.53840141635157,0.0423220428331055,0.1129817389990681,-47.64071161284803,358359000.0,-13647881000.0,-19688850000.0,35417820000.0,814485000.0,727342500.0,0.0,9.43323563089756,12.964295091494046,0.0,9.54073485721215,6.94214373900279,0.0,0.0910535481595771,0.2727886775970063,2022-04-19,2.89,amc,7929118675.0,2025-04-25,2022-03-31,0.2214532871972317,416.3229032258064,8244616.870967742
2021-12-31,NFLX,USD,1065280,2022-01-27,2022-01-27 17:03:33,2021,Q4,7709318000.0,5239575000.0,2469743000.0,0.3203581692,647470000,397790000.0,792713000.0,1190503000.0,525207000.0,1837973000.0,7077548000.0,108512000.0,189429000.0,3805301000.0,4545583000.0,0.5896219354,631770000.0,0.0819488832,-80917000.0,550853000.0,0.0714528834,-56576000.0,607429000.0,0.0787915351,1.37,1.33,443462000,455795000,https://www.sec.gov/Archives/edgar/data/1065280/000106528022000036/0001065280-22-000036-index.htm,https://www.sec.gov/Archives/edgar/data/1065280/000106528022000036/nflx-20211231.htm,17.38439370227889,1.3697430670497135,-0.9093766771448286,-1.2836567732973738,13.592605454356857,35.7398108518881,-33.98327477889875,35.7398108518881,35.137901330891935,267159247280.00003,276524338280.0,109.954927769336,34.654070214771274,-662.4757541522638,-469.31548411690414,16.856272756915658,16.856272756915658,35.86884576301043,60.83363526306746,-685.6984042611227,-485.767028509292,0.002273658898894,-0.0021307628532258,0.9712066465235448,0.345250899395606,2.060261797001617,0.950625199818211,3.3351282010674184,-0.6639031063712796,0.0,0.0,0.0515985979563951,0.0839853797702987,0.6935016868917457,-0.4115787281104162,0.021529660600328,0.0436178373274545,0.0128842784796268,33.18844765834855,0.0189331928148922,0.044451041937124,-49.84501716043314,-419141000.0,-15070291000.0,-20665590000.0,34270424000.0,793335000.0,740271000.0,0.0,9.389780003886203,14.385416756130027,0.0,9.584889098866125,6.256335949505841,0.0,0.0383254145559461,0.3742800961525452,2022-01-20,0.82,amc,7935300000.0,2025-04-25,2021-12-31,0.6219512195121953,638.920625,3483186.046875
2021-09-30,NFLX,USD,1065280,2021-10-21,2021-10-21 16:02:00,2021,Q3,7483467000.0,4206589000.0,3276878000.0,0.4378823345,563887000,321790000.0,635948000.0,957738000.0,0.0,1521625000.0,5728214000.0,96135000.0,190429000.0,3033304000.0,4884692000.0,0.6527311472,1755253000.0,0.2345507771,-94294000.0,1660959000.0,0.2219504676,211888000.0,1449071000.0,0.1936363186,3.27,3.19,442778000,454925000,https://www.sec.gov/Archives/edgar/data/1065280/000106528021000363/0001065280-21-000363-index.htm,https://www.sec.gov/Archives/edgar/data/1065280/000106528021000363/nflx-20210930.htm,16.901171693263894,3.2726806661577585,0.1860503457714701,-0.1918523503877789,16.9987691348712,34.58757436006306,-30.849382760661097,34.58757436006306,35.42089489541034,270245124520.0,278211607520.0,46.6238584099744,36.11228919964503,3280.50989354083,-3181.30061355182,17.646221548994664,17.646221548994664,37.176833614686885,56.95581369715839,3377.215158232074,-3275.081314686632,0.0053620615823274,-0.0003143368456725,1.011658600407702,0.3624992006875456,1.6309079467037022,1.169772547639866,9.217361851398683,0.0568495263517108,0.0,0.0,0.0430001228040425,0.075351037159648,0.6779162831546207,2.031185132133189,0.0223595560720719,0.0551632806998573,0.0127050737311997,50.46649316817173,0.0432701980886859,0.105265929826733,-43.61507685567034,1366541000.0,-13659428000.0,-18009453000.0,33810158000.0,778786000.0,632995000.0,0.0,9.408941069694034,13.75825163808492,0.0,9.565369719435036,6.541528848830356,0.0,0.0946201266411037,0.3779026961592491,2021-10-19,2.56,amc,7476910000.0,2025-04-25,2021-09-30,0.2460937499999999,550.31328125,3352537.78125
2021-06-30,NFLX,USD,1065280,2021-07-22,2021-07-22 16:02:47,2021,Q2,7341777000.0,4018008000.0,3323769000.0,0.4527199614,537321000,334845000.0,603973000.0,938818000.0,0.0,1476139000.0,5494147000.0,0.0,253841000.0,2845237000.0,4692867000.0,0.6392004279,1847630000.0,0.2516597821,-253841000.0,1593789000.0,0.2170849101,240776000.0,1353013000.0,0.18428958,3.05,2.97,443159000,455129000,https://www.sec.gov/Archives/edgar/data/1065280/000106528021000250/0001065280-21-000250-index.htm,https://www.sec.gov/Archives/edgar/data/1065280/000106528021000250/nflx-20210630.htm,16.566913906746787,3.053109606258701,-0.1438783822510656,-0.3927236048461162,17.550202071942575,31.28419145272916,-30.3001157598063,31.28419145272916,35.833319418086965,234081015390.00003,241929502390.00003,43.251804563222976,31.88342759389178,-3671.2255985633856,-1344.9917282333272,16.884246498687126,16.884246498687126,32.952444944868255,51.55260150990856,-3794.3178806794126,-1390.0878676043876,0.0057801056516512,-0.0007434989963198,1.1271034619407525,0.3813924195934931,1.6724290289922985,1.226147495023547,7.278690203710196,-0.0471251939190532,0.0,0.0,0.0456081681587441,0.0731867775335589,0.6661214188026648,-1.7295525477956746,0.0150206142191461,0.0387588098987887,0.0138362960356872,46.35802489955956,0.0463544695570272,0.0989093105370884,-42.3056995344786,1771388000.0,-13427769000.0,-17502822000.0,32273141000.0,791129000.0,577936500.0,0.0,9.503146172922442,13.953130506459916,0.0,9.470547791471349,6.450165427631632,0.0,0.0975927286109341,0.2488452225950505,2021-07-20,3.16,amc,7477820000.0,2025-04-25,2021-06-30,-0.0601265822784809,511.16333333333336,4069357.73015873
2021-03-31,NFLX,USD,1065280,2021-04-22,2021-04-22 16:02:41,2021,Q1,7163282000.0,3868511000.0,3294771000.0,0.4599527144,525207000,297196000.0,512512000.0,809708000.0,-525207000.0,1334915000.0,5203426000.0,269086000.0,194440000.0,2754937000.0,4983879000.0,0.6957535666,1959856000.0,0.2735974934,74646000.0,2034502000.0,0.2840181358,327787000.0,1706715000.0,0.2382588037,3.85,3.75,443224000,455641000,https://www.sec.gov/Archives/edgar/data/1065280/000106528021000144/0001065280-21-000144-index.htm,https://www.sec.gov/Archives/edgar/data/1065280/000106528021000144/nflx-20210331.htm,16.16176470588235,3.850682724762197,1.7536640615129144,1.570909968774254,18.96040151255347,29.069003483565872,-29.691332148078622,29.069003483565872,35.543607746872915,231212231840.0,238367866840.0,33.86802012052393,32.277415832575066,297.46860384990464,332.07504590924435,17.945575612694114,17.945575612694114,33.2763483051484,47.827779695293565,306.6747636459076,342.35221767574126,0.0073815947643334,0.0030113674975544,1.2076407473409043,0.3877909072334396,1.435756165027281,1.2695051477246893,10.0794898169101,0.4554163993402531,0.0,0.0,0.0414888035958936,0.073319324856958,0.6491035543840251,0.1042127148234967,0.0113078055561682,0.0294021242591028,0.0149693953134889,50.18514685297765,0.0500332904309009,0.1212239656118183,-41.13033590238796,2145738000.0,-13159911000.0,-17131426000.0,31212877000.0,708927500.0,594562500.0,0.0,10.13965944660562,12.39877048301013,0.0,8.876037748006285,7.25878425794927,0.0,0.1324669669856132,0.1827540927386603,2021-04-20,2.97,amc,7135400000.0,2025-04-25,2021-03-31,0.2626262626262625,530.4360655737705,4781628.393442623
2020-12-31,NFLX,USD,1065280,2021-01-28,2021-01-28 16:21:59,2020,Q4,6644442000.0,4165160000.0,2479282000.0,0.3731362242,486936000,275539000.0,762565000.0,1038104000.0,-486936000.0,1525040000.0,5690200000.0,111478000.0,447825000.0,3014568000.0,3968810000.0,0.5973127616,954242000.0,0.1436150696,-447825000.0,506417000.0,0.0762166334,-35739000.0,542156000.0,0.0815954146,1.23,1.19,442220000,455283000,https://www.sec.gov/Archives/edgar/data/1065280/000106528021000040/0001065280-21-000040-index.htm,https://www.sec.gov/Archives/edgar/data/1065280/000106528021000040/nflx-20201231.htm,15.02519560399801,1.2259870652616345,-0.3113201573877255,-0.6468002351770612,18.55535706209579,25.02202523630772,-32.379155171634025,25.02202523630772,37.89244719822712,239121620600.0,247225043600.0,110.26421389784493,35.98821700904305,-1736.8936355976523,-836.0077356063043,21.6101612436784,21.6101612436784,37.20779617009224,62.29198263459324,-1795.7539920971583,-864.3386088075293,0.0022672813886073,-0.0011961611805837,1.4738923873318608,0.4151940922943194,2.041776502276501,1.250557118854798,2.130836822419472,-0.2539342919750035,0.0,0.0,0.0414690955237475,0.0732847092351773,0.6462250001330181,-1.077604741704922,0.0223278343012099,0.0492130215672693,0.0161930828803983,26.272138929732723,0.0319500402781164,0.0390141078893115,-44.21205452037447,1955795000.0,-14318710000.0,-18453539000.0,30337654000.0,607804000.0,598740500.0,0.0,8.27363832809437,14.17867981061952,0.0,10.877922919882977,6.347558531690092,0.0,0.0489963163925951,0.3354800777893356,2021-01-19,1.39,amc,7600476820.0,2025-04-25,2020-12-31,-0.1438848920863309,506.976875,5050350.0625
2020-09-30,NFLX,USD,1065280,2020-10-22,2020-10-22 16:02:00,2020,Q3,6435637000.0,3867751000.0,2567886000.0,0.3990103855,453802000,271624000.0,527597000.0,799221000.0,-453802000.0,1253023000.0,5120774000.0,0.0,453403000.0,2762332000.0,4077195000.0,0.6335340231,1314863000.0,0.2043096899,-453403000.0,861460000.0,0.1338577673,71484000.0,789976000.0,0.1227502421,1.79,1.74,441526000,455088000,https://www.sec.gov/Archives/edgar/data/1065280/000106528020000451/0001065280-20-000451-index.htm,https://www.sec.gov/Archives/edgar/data/1065280/000106528020000451/form10qq320.htm,14.575895870231877,1.7891947473081993,2.862257262312978,2.613549371950916,19.007693771148244,23.403656862789507,-33.371330340682086,23.403656862789507,37.37160665510072,220776245780.0,228430987780.0,69.86802313614591,34.30526702795699,174.69778366320847,191.32219401187223,21.365464505464505,21.365464505464505,35.494697382714406,56.02650542345902,180.75489572791057,197.95570672906103,0.0035781748041281,0.0052267851367936,1.5529499077886175,0.4154861838072133,1.8774530038421025,1.2376238933121069,2.899987428402547,1.5997460682349844,0.0,0.0,0.0422062338195892,0.0705139211549688,0.6490414937203902,0.086892220918354,0.0170629574042165,0.0397530057936555,0.0165262583952451,30.694596403127637,0.0386679926286654,0.0582796934837634,-44.0364491558821,1886685000.0,-14734310000.0,-18462740000.0,29721436000.0,585228500.0,493983000.0,0.0,8.457750180751338,12.59564537634403,0.0,10.641127732151212,7.145326603830053,0.0,0.0764493667719474,0.2487078903620624,2020-10-20,2.14,amc,7915093781.0,2025-04-25,2020-09-30,-0.1869158878504673,497.6978125,7272929.546875
2020-06-30,NFLX,USD,1065280,2020-07-20,2020-07-20 16:03:12,2020,Q2,6148286000.0,3643707000.0,2504579000.0,0.4073621494,435045000,277236000.0,434370000.0,711606000.0,-435045000.0,1146651000.0,4790358000.0,0.0,322326000.0,2633820000.0,3991748000.0,0.6492456597,1357928000.0,0.2208628551,-322326000.0,1035602000.0,0.1684375125,315406000.0,720196000.0,0.1171376868,1.63,1.59,440569000,453945000,https://www.sec.gov/Archives/edgar/data/1065280/000106528020000309/0001065280-20-000309-index.htm,https://www.sec.gov/Archives/edgar/data/1065280/000106528020000309/form10qq220.htm,13.95533049306692,1.6346951328849737,2.3630259959279933,2.041303405368966,16.23638522002229,21.18794785833774,-35.908935944199435,21.18794785833774,36.58106902664509,200476517760.0,209117428760.0,69.59095779482253,32.60689528105882,192.56665004284028,222.9163968487827,21.476360195068903,21.476360195068903,34.01231314873771,52.38743246317152,200.8666310240559,232.52450839787176,0.0035924207385833,0.0044859867382405,1.6919739601037114,0.4248564792287649,2.1646935127167346,1.122956937319722,4.212902465206033,1.4455453793134092,0.0,0.0,0.0450915913801017,0.0707587447948908,0.6766624575077186,0.1361485616804152,0.0230537421323601,0.0538157505068683,0.0169494392420912,27.91605797559031,0.0314281379242678,0.0599156550609459,-45.99286150410038,937721000.0,-15820364000.0,-19276389000.0,28656779000.0,823607500.0,496078000.0,0.0,8.280376026749568,11.032753182404624,0.0,10.86907161090958,8.157528634242883,0.0,0.0771521217540517,0.3217225905590271,2020-07-16,1.81,amc,6998992238.0,2025-04-25,2020-06-30,-0.1215469613259668,425.61777777777775,7579071.682539683
2020-03-31,NFLX,USD,1065280,2020-04-21,2020-04-21 17:17:26,2020,Q1,5767691000.0,3599701000.0,2167990000.0,0.3758852546,453817000,252087000.0,503830000.0,755917000.0,0.0,1209734000.0,4809435000.0,21697000.0,184083000.0,2511902000.0,3491855000.0,0.6054164483,958256000.0,0.1661420489,-162386000.0,795870000.0,0.137987628,86803000.0,709067000.0,0.1229377579,1.61,1.57,439352000,452494000,https://www.sec.gov/Archives/edgar/data/1065280/000106528020000155/0001065280-20-000155-index.htm,https://www.sec.gov/Archives/edgar/data/1065280/000106528020000155/form10qq120.htm,13.127722190862908,1.6138927329339572,0.5915803273912489,0.3684904131539175,11.72609661501484,19.140220142391524,-38.36922331069393,19.140220142391524,33.807935322930135,164976676000.0,174494293000.0,58.16681498363343,28.603591281155666,634.740512173351,1019.0224401934564,19.6183741465098,19.6183741465098,30.25375197804459,49.97180381201396,671.3591253962879,1077.8105400347135,0.0042979833100771,0.0009813326581995,1.744439069439123,0.4184123975218419,2.725662148055976,0.8209838006805688,5.205564881059088,0.3665549235826797,0.0,0.0,0.0437067450388725,0.0786826131982452,0.7206775202788598,0.3771084059220044,0.0169938021991816,0.0390202324772224,0.0168211161104157,26.363438686515103,0.0308154579428767,0.0724053384548036,-47.0865541752399,-1405944000.0,-16857595000.0,-20202835000.0,26013400000.0,767973000.0,609917500.0,0.0,16.8766374620277,13.638332739302514,0.0,5.332815864682718,6.599047091778371,0.0,0.0843194446525475,0.2230899142373313,2020-04-21,1.65,amc,6061586082.0,2025-04-25,2020-03-31,-0.0484848484848483,353.77717741935487,7835609.29032258
2019-12-31,NFLX,USD,1065280,2020-01-29,2020-01-29 16:03:25,2019,Q4,5467434000.0,3466023000.0,2001411000.0,0.3660603859,409376000,254586000.0,878937000.0,1133523000.0,0.0,1542899000.0,5008922000.0,0.0,309179000.0,2584668000.0,2934621000.0,0.5367455739,458512000.0,0.0838623749,-309179000.0,149333000.0,0.0273131784,-437637000.0,586970000.0,0.1073574916,1.34,1.3,438547000,451367000,https://www.sec.gov/Archives/edgar/data/1065280/000106528020000040/0001065280-20-000040-index.htm,https://www.sec.gov/Archives/edgar/data/1065280/000106528020000040/form10kq419.htm,12.467156313918462,1.338442629866354,-3.333679172357809,-3.57934725354409,11.443327625089214,17.289268881100543,-38.58744900774603,17.289268881100543,34.35991809315763,141900652790.0,151641475790.0,60.43777909859107,25.953793459600977,-97.06092976282083,-90.39916417151682,18.71507709349727,18.71507709349727,27.735401248556453,51.673274262673104,-103.72371332615128,-96.60464836224736,0.0041364855513995,-0.011062049181148,1.9465779988465024,0.4344062017007914,3.319278026021077,0.9012219911734708,1.482998521891849,-2.4907150280252823,0.0,0.0,0.0465640737501358,0.0748753437169977,0.7212377771509247,-0.0736927786042853,0.0197052218645894,0.0413183268027798,0.0183021870954455,22.81809866022915,0.0664539622025881,0.0619745553467928,-47.96365896927809,-677192000.0,-16922410000.0,-20215051000.0,25924596000.0,460283500.0,559238000.0,0.0,7.47990922249816,17.51033677503006,0.0,12.032231585016692,5.139821189980826,0.0,0.0774146459905802,0.245668081186281,2020-01-21,0.53,amc,2229030784.0,2025-04-25,2019-12-31,1.4528301886792452,296.48171875,7403575.265625
2019-09-30,NFLX,USD,1065280,2019-10-18,2019-10-18 13:24:20,2019,Q3,5244905000.0,3097919000.0,2146986000.0,0.4093469758,379776000,233174000.0,553797000.0,786971000.0,0.0,1166747000.0,4264666000.0,192744000.0,160660000.0,2306681000.0,3486318000.0,0.6647056524,980239000.0,0.1868935662,32084000.0,1012323000.0,0.1930107409,347079000.0,665244000.0,0.1268362344,1.52,1.47,438090000,451552000,https://www.sec.gov/Archives/edgar/data/1065280/000106528019000368/0001065280-19-000368-index.htm,https://www.sec.gov/Archives/edgar/data/1065280/000106528019000368/form10qq319.htm,11.972208906845625,1.5185098952270082,-1.1454130429820355,-1.2594695153963795,10.123531694400691,15.662318245109452,-37.374715241160494,15.662318245109452,28.73018329566984,117241645800.0,125232373800.0,44.059640447715424,22.35343553410405,-233.64497343531409,-212.48628627249843,17.086870271172288,17.086870271172288,23.87695750447339,35.92109893589741,-249.56929297679923,-226.96851317871324,0.005674127102709,-0.0047061860675449,1.8109359389813169,0.4015856136721075,2.292024995998644,0.7340632965458328,6.101325781152745,-0.7543006776460968,0.0,0.0,0.0444572399309425,0.0724085564943502,0.7509278979433296,-0.0995767187331853,0.0095267693123135,0.0215995521617059,0.0191160755056573,23.132794207387644,0.0271983308791791,0.0863200244669682,-44.04474423063754,-1930142000.0,-16373489000.0,-18752448000.0,22817844000.0,479101000.0,443161500.0,0.0,7.999214475762669,12.902729219195209,0.0,11.251104751934925,6.975268446780103,0.0,0.0969530737061329,0.114056472414344,2019-10-16,1.04,amc,3710681088.0,2025-04-25,2019-09-30,0.4134615384615384,312.88953125,7971190.546875
2019-06-30,NFLX,USD,1065280,2019-07-19,2019-07-19 16:18:58,2019,Q2,4923116000.0,3005657000.0,1917459000.0,0.3894807679,383233000,224657000.0,603150000.0,827807000.0,0.0,1211040000.0,4216697000.0,0.0,205503000.0,2257411000.0,706419000.0,0.1434902204,706419000.0,0.1434902204,-205503000.0,500916000.0,0.1017477549,230266000.0,270650000.0,0.0549753449,0.62,0.6,437587000,452195000,https://www.sec.gov/Archives/edgar/data/1065280/000106528019000260/0001065280-19-000260-index.htm,https://www.sec.gov/Archives/edgar/data/1065280/000106528019000260/form10qq219.htm,11.250599309394474,0.6185055771766529,-1.2426191820140908,-1.350899364012185,11.43600472591736,13.95276367899412,-36.19895472214668,13.95276367899412,29.250498757961275,163920090200.0,171509978200.0,151.41334768150747,33.29600403484297,-301.4600172136665,-277.2967476181454,26.84772770601427,26.84772770601427,34.83768779772811,242.78788962358036,-315.41832924447453,-290.136243098035,0.0016511093891528,-0.0036062449653288,2.062736219582583,0.4174204863761598,10.744173075752492,0.8475873321888253,3.437511861140713,-2.009067060779605,0.0,0.0,0.0456330909123408,0.0778435852415421,0.727370435896133,-0.0871386693247314,0.0096243923563856,0.0209185865142179,0.0210939575667118,13.93455770489068,0.0164255078568858,0.0329033788299186,-42.71726193876875,-1056827000.0,-15840192000.0,-18188634000.0,21341312000.0,462494500.0,440845000.0,0.0,8.9949251652815,13.2408521664315,0.0,10.005641886536296,6.797145596729037,0.0,0.0443285352928189,0.1082801819980941,2019-07-17,0.56,amc,4594908266.0,2025-04-25,2019-06-30,0.0714285714285712,360.77777777777777,6371394.984126984
2019-03-31,NFLX,USD,1065280,2019-04-18,2019-04-18 17:12:02,2019,Q1,4520992000.0,2870614000.0,1650378000.0,0.3650477594,372764000,201952000.0,616578000.0,818530000.0,0.0,1191294000.0,4061908000.0,76104000.0,135529000.0,2148247000.0,2691944000.0,0.5954321529,459084000.0,0.1015449707,-59425000.0,399659000.0,0.0884007315,55607000.0,344052000.0,0.0761009973,0.79,0.76,436947000,451922000,https://www.sec.gov/Archives/edgar/data/1065280/000106528019000157/0001065280-19-000157-index.htm,https://www.sec.gov/Archives/edgar/data/1065280/000106528019000157/form10q_q119.htm,10.346774322743949,0.7873998448324396,-0.8692106823024303,-1.0283855936761208,7.663531274960121,13.052058945364085,-34.75416240413597,13.052058945364085,23.89432127923981,160342071120.0,167298537120.0,116.51005597991,35.46612582371303,-422.1761276885932,-356.8311363525092,28.11510440889782,28.11510440889782,37.00482927640659,62.14785193154092,-440.4923054563072,-372.3123113831089,0.0021457375322444,-0.0028024460259323,1.8069293701729845,0.3786017974746122,2.5841793142799405,0.6079067258673218,3.387348833091073,-1.1038999918616954,0.0,0.0,0.0446698423708779,0.0824518158846554,0.7674443373935913,-0.1831258112843899,0.0153840130661589,0.0322479687085604,0.0223844678336081,15.206470883715246,0.0194102565319959,0.0543539204028154,-40.83401591039645,-2688900000.0,-15185727000.0,-17346667000.0,19377257000.0,397833500.0,501240500.0,0.0,8.618893817993927,13.779156654290684,0.0,10.442175283805476,6.531604383202578,0.0,0.0603276347531447,0.1591749113736906,2019-04-16,0.57,amc,3390744000.0,2025-04-25,2019-03-31,0.3333333333333335,346.6688524590164,9828971.360655738
2018-12-31,NFLX,USD,1065280,2019-01-29,2019-01-29 17:12:16,2018,Q4,4186841000.0,2733400000.0,1453441000.0,0.3471450194,331789000,175530000.0,730355000.0,905885000.0,0.0,1237674000.0,3971074000.0,32436000.0,128807000.0,2085844000.0,2334047000.0,0.5574720893,215767000.0,0.0515345579,-96371000.0,119396000.0,0.0285169654,-14538000.0,133934000.0,0.0319892731,0.31,0.3,436385000,451116000,https://www.sec.gov/Archives/edgar/data/1065280/000106528019000043/0001065280-19-000043-index.htm,https://www.sec.gov/Archives/edgar/data/1065280/000106528019000043/form10k_q418.htm,9.594374233761473,0.3069170571857419,-2.830234769756064,-3.008121269062869,8.69526450267539,12.004915384350976,-22.25643869518888,12.004915384350976,24.035805538687168,116802809100.00002,123368384100.00002,218.02307311810296,27.89759847579596,-94.57165987084154,-88.97912552687251,22.29586727024404,22.29586727024404,29.465743767198237,52.85599822968432,-99.88760501412064,-93.9807100485336,0.0011466676275339,-0.0112385910074828,1.977576394436475,0.3988564894665516,2.812957494000764,1.4943204589876868,1.675118588275482,-9.221497155315303,0.0,0.0,0.0419242096845808,0.0792456651685602,0.5756106397067883,-0.0628522061871696,0.0185407088542411,0.0372161101213705,0.0211887673785558,9.105028790970348,0.0124205068099595,0.0121501272899421,-38.19819196351845,3206815000.0,-9712376000.0,-11041500000.0,18576237000.0,181356000.0,502206000.0,0.0,7.796828205322343,18.536858857101045,0.0,11.54315545115684,4.855191523752853,0.0,0.0255659492265829,0.1778864993068047,2019-01-17,0.24,amc,3349472800.0,2025-04-25,2018-12-31,0.25,299.2576984126984,13568314.317460315
2018-09-30,NFLX,USD,1065280,2018-10-18,2018-10-18 17:29:32,2018,Q3,3999374000.0,2412346000.0,1587028000.0,0.3968191022,327026000,344065000.0,435269000.0,779334000.0,0.0,1106360000.0,3518706000.0,7004000.0,108862000.0,1942887000.0,2430559000.0,0.6077348605,480668000.0,0.1201858091,-101858000.0,378810000.0,0.0947173233,-24025000.0,402835000.0,0.1007245134,0.92,0.89,435809000,451919000,https://www.sec.gov/Archives/edgar/data/1065280/000106528018000538/0001065280-18-000538-index.htm,https://www.sec.gov/Archives/edgar/data/1065280/000106528018000538/nflx-093018x10qxdoc.htm,9.17689630090246,0.9243384143053494,-1.5842054661560454,-1.6921977288215708,7.038711912787482,11.495065498876802,-19.27172224529553,11.495065498876802,19.378782907190995,166230626870.0,171499678870.0,103.16297421400822,41.56416150877613,-240.7705364920316,-225.40510101359368,33.18206408108506,33.18206408108506,42.88163069270341,70.5597678846718,-248.4022978631569,-232.54982049561,0.0024233500624107,-0.0044364568304055,1.6641044798911222,0.3567792646387228,2.1678354650103127,1.3860984973579922,4.415388289761349,-1.7138803728573733,0.0,0.0,0.0860297136501862,0.081769296894964,0.5738385513554626,-0.0681680911804707,0.0117678416672209,0.0242237453850893,0.0205822211176049,15.46188665235514,0.0299480547028718,0.0404542736708742,-35.08197857318229,2431741000.0,-8398790000.0,-9626595000.0,16211336000.0,0.0,444823000.0,0.0,0.0,16.468794277437812,0.0,0.0,5.464880942941868,0.0,0.0804117570618164,0.1079922626655254,2018-10-16,0.68,amc,3055701483.0,2025-04-25,2018-09-30,0.3088235294117646,362.95142857142855,10940587.222222222
2018-06-30,NFLX,USD,1065280,2018-07-18,2018-07-18 16:07:21,2018,Q2,3907270000.0,2289867000.0,1617403000.0,0.4139470781,317213000,311197000.0,526780000.0,837977000.0,0.0,1155190000.0,3445057000.0,68028000.0,101605000.0,1848707000.0,2378948000.0,0.6088517046,462213000.0,0.1182956386,-33577000.0,428636000.0,0.1097021706,44287000.0,384349000.0,0.0983676582,0.88,0.85,435097000,451552000,https://www.sec.gov/Archives/edgar/data/1065280/000106528018000360/0001065280-18-000360-index.htm,https://www.sec.gov/Archives/edgar/data/1065280/000106528018000360/nflx-063018x10qxdoc.htm,8.980227397568818,0.883363939535322,-1.191088423960634,-1.2827346545712794,8.97812901490932,10.334706973387544,-17.91662548810955,10.334706973387544,19.40641282288777,170310018710.0,174745728710.0,110.77823716856297,43.58798309561407,-328.632192308954,-305.15274426013326,37.87528770849086,37.87528770849086,44.72322842035488,73.45504345197962,-337.191389899255,-313.1004216163723,0.00225676095224,-0.003277047376469,1.85519436907886,0.3680831901922458,1.8645678678138404,1.5374080476133376,4.549116677328872,-1.348355270860598,0.0,0.0,0.0796456349318066,0.081185328886921,0.5423720931115033,-0.0769432636293293,0.010205335182877,0.0215691291264651,0.0207899633247766,14.332111427978177,0.024991521813009,0.0370583062164687,-32.77563393909864,3267248000.0,-7795470000.0,-8820048000.0,15908964000.0,0.0,442201000.0,0.0,0.0,17.616617034963166,0.0,0.0,5.10881287941832,0.0,0.0854754703553796,0.0916462306106454,2018-07-16,0.79,amc,3631462705.0,2025-04-25,2018-06-30,0.0759493670886075,340.896875,10125014.40625
2018-03-31,NFLX,USD,1065280,2018-04-18,2018-04-18 16:13:58,2018,Q1,3700856000.0,2196075000.0,1504781000.0,0.4066034993,300730000,278251000.0,479222000.0,757473000.0,0.0,1058203000.0,3254278000.0,0.0,146962000.0,1779019000.0,2225597000.0,0.6013735741,446578000.0,0.1206688399,-146962000.0,299616000.0,0.0809585674,9492000.0,290124000.0,0.0783937554,0.67,0.64,434174000,450359000,https://www.sec.gov/Archives/edgar/data/1065280/000106528018000205/0001065280-18-000205-index.htm,https://www.sec.gov/Archives/edgar/data/1065280/000106528018000205/nflx-033118x10qxdoc.htm,8.523900555998287,0.6682205751611106,-0.5453044171230889,-0.6557808620506985,5.973793916724631,9.260642046737022,-16.799884378152537,9.260642046737022,15.407037270771626,128233290900.00002,132181997900.00002,110.4986927141498,34.649629950476324,-541.6240740506089,-450.3791084668257,31.893037060434303,31.893037060434303,35.716601213340915,59.39170384395738,-558.3023855683253,-464.2477000453072,0.0022624702053872,-0.0022203516575273,1.6271604907566537,0.3246384608548381,1.7742237251398163,1.3017172176508307,3.0387311005566064,-0.8160545146213344,0.0,0.0,0.0751855786877414,0.0812595788649977,0.5614507504839155,-0.2025959105749777,0.0129607852885926,0.026962050433413,0.018480859563301,11.799720758717768,0.0305664624246768,0.0328269061961345,-31.18197082275769,1811989000.0,-7294073000.0,-8314491000.0,13468724000.0,0.0,397869000.0,0.0,0.0,17.87574194870394,0.0,0.0,5.034756054224947,0.0,0.0721570461085424,0.1104764449276096,2018-04-16,0.64,amc,3700856000.0,2025-04-25,2018-03-31,0.0,272.21786885245905,11251397.426229509
2017-12-31,NFLX,USD,1065280,2018-01-29,2018-01-29 17:29:30,2017,Q4,3285755000.0,2107354000.0,1178401000.0,0.3586393386,273351000,239808000.0,419939000.0,659747000.0,0.0,933098000.0,3040452000.0,0.0,113973000.0,1745225000.0,1990528000.0,0.6058053628,245303000.0,0.0746565097,-113973000.0,131330000.0,0.0399695047,-54187000.0,185517000.0,0.056460996,0.43,0.41,433108000,448142000,https://www.sec.gov/Archives/edgar/data/1065280/000106528018000069/0001065280-18-000069-index.htm,https://www.sec.gov/Archives/edgar/data/1065280/000106528018000069/q4nflx201710k.htm,7.586456495839375,0.4283388900689897,-1.126640468428198,-1.2007374604024863,6.517531424032804,8.27035289119573,-15.675302695863389,8.27035289119573,15.2696440610656,83139411680.0,86816048680.0,112.03745705245342,25.302985669960176,-170.38266011144424,-159.86841947585708,23.21061779653352,23.21061779653352,26.42194828281476,43.61458300511221,-177.91741624774315,-166.93820905337768,0.0022313965933996,-0.0062551440946159,1.8144924169922805,0.3418461156207768,1.8470662055494824,1.403135057054921,2.1522904547568285,-2.6302549092535994,0.0,0.0,0.0729841391095806,0.0831927517419892,0.5454791844332606,-0.0657680902210645,0.0097670094087964,0.0183884599406953,0.0147698169827026,8.927853045531545,0.0255798368900199,0.0214676833354413,-29.1105013068334,2203662000.0,-6789099000.0,-7760812000.0,12894121000.0,0.0,330499000.0,0.0,0.0,15.35572571101011,0.0,0.0,5.861005965707611,0.0,0.0517920934818853,0.0740969919742881,2018-01-22,0.41,amc,3285755000.0,2025-04-25,2017-12-31,0.0,192.55380952380952,6900191.841269841
2017-09-30,NFLX,USD,1065280,2017-10-18,2017-10-18 16:27:55,2017,Q3,2984859000.0,1992980000.0,991879000.0,0.3323034689,255236000,215526000.0,312490000.0,528016000.0,0.0,783252000.0,2776232000.0,0.0,92390000.0,1659974000.0,1868601000.0,0.626026556,208627000.0,0.0698950939,-92390000.0,116237000.0,0.038942208,-13353000.0,129590000.0,0.0434157861,0.3,0.29,432404000,447362000,https://www.sec.gov/Archives/edgar/data/1065280/000106528017000180/0001065280-17-000180-index.htm,https://www.sec.gov/Archives/edgar/data/1065280/000106528017000180/nflx-093017x10qxdoc.htm,6.902940305825108,0.2996965800501383,-0.9704049916281996,-1.0725779595008371,4.038975125114476,7.695028260608135,-14.829518228323511,7.695028260608135,11.519719984088956,78416465400.0,81558779400.0,151.2780025464928,26.27141362456317,-186.8807369753126,-169.07861884873876,23.567164909368117,23.567164909368117,27.324164860048665,43.64697407311673,-194.36944426570577,-175.85395752791692,0.0016525866007727,-0.00591440837883,1.4692673863761705,0.2883975733178224,1.6816399006529483,1.2023604523491074,2.2581123498214093,-3.2379581757851685,0.0,0.0,0.0722064258311699,0.0855102368319575,0.5745616032525659,-0.1052889966087315,0.0148013691769024,0.0266148746908084,0.0149966882857783,7.20339553228906,0.0199807797354343,0.0179690719533833,-27.469010462437904,1074671000.0,-6412343000.0,-7238831000.0,11136796000.0,0.0,287420500.0,0.0,0.0,13.612715631867855,0.0,0.0,6.61146551752736,0.0,0.0389467809474235,0.1021729678726376,2017-10-16,0.32,amc,3293637517.0,2025-04-25,2017-09-30,-0.09375,174.40031746031744,6874246.19047619
2017-06-30,NFLX,USD,1065280,2017-07-19,2017-07-19 15:12:52,2017,Q2,2785464000.0,1902308000.0,883156000.0,0.3170588455,267083000,213943000.0,274323000.0,488266000.0,0.0,755349000.0,2657657000.0,0.0,113845000.0,1585856000.0,1713663000.0,0.6152163517,127807000.0,0.0458835584,-113845000.0,13962000.0,0.0050124503,-51638000.0,65600000.0,0.0235508339,0.15,0.15,431396000,446262000,https://www.sec.gov/Archives/edgar/data/1065280/000106528017000046/0001065280-17-000046-index.htm,https://www.sec.gov/Archives/edgar/data/1065280/000106528017000046/nflx-063017x10qxdoc.htm,6.456860981557548,0.152064460495693,-1.2390657307902715,-1.4079476861167002,5.018363638049495,7.214948678244583,-13.8294606347764,7.214948678244583,11.47518057654684,64454876360.0,67372601360.0,245.63596173780488,23.139726939569133,-120.58278773048372,-106.11899964272956,20.70839401124498,20.70839401124498,24.18720951338808,39.31496528780746,-126.04129504909004,-110.92276431839548,0.0010177662840217,-0.009423383214756,1.5538962248995984,0.292815686995326,1.702624728432603,1.3079947178819995,1.1226404321665422,-8.14829268292683,0.0,0.0,0.0768069520912853,0.0958845635771993,0.5496368245436899,-0.136297817887931,0.0261554268875849,0.0459404889220711,0.0158063432160674,4.968459395112429,0.0527016284980563,0.0088186871206435,-26.05453226270063,1577840000.0,-5965974000.0,-6703938000.0,10966145000.0,0.0,284114500.0,0.0,0.0,12.934719298872738,0.0,0.0,6.958017249577539,0.0,0.0210763052208835,0.1688819553264286,2017-07-17,0.15,amc,2785464000.0,2025-04-25,2017-06-30,0.0,153.83555555555554,6384182.063492063
2017-03-31,NFLX,USD,1065280,2017-04-20,2017-04-19 21:10:08,2017,Q1,2636635000.0,1657024000.0,979611000.0,0.3715383434,257108000,194291000.0,271270000.0,465561000.0,0.0,722669000.0,2379693000.0,13592000.0,46742000.0,1339330000.0,1609864000.0,0.6105752218,256942000.0,0.0974507279,-33150000.0,223792000.0,0.0848778841,45570000.0,178222000.0,0.0675944907,0.41,0.4,430600000,445458000,https://www.sec.gov/Archives/edgar/data/1065280/000162828017003939/0001628280-17-003939-index.htm,https://www.sec.gov/Archives/edgar/data/1065280/000162828017003939/nflx-033117x10qxdoc.htm,6.123165350673479,0.4138922433813284,-0.7985508592661402,-0.9794496052020436,3.114790989317232,6.905905712958663,-11.740429633070134,6.905905712958663,7.924228982814677,63646986000.0,65934593000.0,89.28048445197562,24.13947550571088,-185.09779093574056,-150.91128651740007,21.40341993413555,21.40341993413555,25.007099200306453,40.956623043934144,-191.7505961797962,-156.3353566440862,0.0028001640171932,-0.0066264096150601,1.131738319114714,0.2343762448555257,1.4209939473148043,1.1525282164606865,5.49702622908733,-1.9293689892381407,0.0,0.0,0.0736890013217605,0.0975136869532567,0.5591655630688729,-0.2265337815829882,0.0295433383839628,0.058159676853352,0.0170247303855103,8.01946183871579,0.0216579868040552,0.0281552054475967,-23.326019507663727,749101000.0,-5055429000.0,-5725083000.0,9053296000.0,0.0,303836500.0,0.0,0.0,16.013521831910705,0.0,0.0,5.620250245055642,0.0,0.0599330863444422,0.1808987459359033,2017-04-17,0.37,amc,2438887375.0,2025-04-25,2017-03-31,0.0810810810810811,140.30951612903226,6198276.112903226
2016-12-31,NFLX,USD,1065280,2017-01-27,2017-01-27 15:44:46,2016,Q4,2477541000.0,1654419000.0,823122000.0,0.3322334524,225191000,159001000.0,284996000.0,443997000.0,0.0,669188000.0,2323607000.0,0.0,63665000.0,1363903000.0,1517837000.0,0.6126384992,153934000.0,0.0621317669,-63665000.0,90269000.0,0.0364349167,23521000.0,66748000.0,0.0269412292,0.16,0.15,429738000,440063000,https://www.sec.gov/Archives/edgar/data/1065280/000162828017000496/0001628280-17-000496-index.htm,https://www.sec.gov/Archives/edgar/data/1065280/000162828017000496/nflx201610k.htm,5.765236027533055,0.1553225453648502,-1.2965108973374475,-1.4823101517668906,4.034509398749936,6.235892567099024,-10.691865741451767,6.235892567099024,7.9768975515313985,53201564400.0,55098299400.0,199.2627659255708,21.473535412733835,-95.48704932155933,-83.51828384392587,19.852811553100977,19.852811553100977,22.239107001660116,36.30053780478404,-98.8913407279776,-86.49586643746909,0.0012546247606207,-0.0119734261047406,1.2554336144488394,0.2476196048904031,1.2496302303870577,1.2471590964835608,2.4178748134767925,-8.347216395996885,0.0,0.0,0.0641769399578049,0.0908929458685043,0.535416928873354,-0.143307129011415,0.0322275191409546,0.0585415531749691,0.0176166610360837,4.6682899318947975,0.0126471869751019,0.0105745955907922,-21.34562919732488,1133634000.0,-4594701000.0,-5186519000.0,8658530000.0,0.0,299297500.0,0.0,0.0,17.01853037229384,0.0,0.0,5.288353226229215,0.0,0.0249078289424583,0.185799254429443,2017-01-18,0.13,amc,2147202200.0,2025-04-25,2016-12-31,0.1538461538461537,118.515873015873,8731962.57142857
2016-09-30,NFLX,USD,1065280,2016-10-20,2016-10-19 17:46:52,2016,Q3,2290188000.0,1532844000.0,757344000.0,0.3306907555,216099000,153166000.0,282043000.0,435209000.0,0.0,651308000.0,2184152000.0,8627000.0,35536000.0,1257802000.0,1372465000.0,0.5992804957,106036000.0,0.0463001291,-26909000.0,79127000.0,0.0345504387,27610000.0,51517000.0,0.0224946598,0.12,0.12,428937000,438389000,https://www.sec.gov/Archives/edgar/data/1065280/000106528016000081/0001065280-16-000081-index.htm,https://www.sec.gov/Archives/edgar/data/1065280/000106528016000081/nflx-93016x10qxdoc.htm,5.339217647346813,0.1201038847196674,-1.0769437003569289,-1.1809566439826829,3.1315927513830704,5.895891471241698,-9.672068392328011,5.895891471241698,5.617379708442033,42271741350.0,43676549350.0,205.13491347516356,18.457760389103427,-91.50896185876552,-83.4492955369199,16.715029521946914,16.715029521946914,19.071163306243857,31.82343400378152,-94.5500601808456,-86.22254864220344,0.0012187101442888,-0.0119833246472113,0.9387101289617972,0.1922654097587674,1.0235656282673875,1.177378408919607,2.983903647005853,-8.966768251256866,0.0,0.0,0.0668792256356246,0.0943586290732464,0.5408189198351904,-0.096581598082872,0.0194809334430186,0.0354706066614618,0.0189918906220799,3.9915771401274314,0.0086992379108443,0.0090864291076155,-19.758416737189844,782488000.0,-4148708000.0,-4624479000.0,7652038000.0,0.0,263105500.0,0.0,0.0,16.777813006411613,0.0,0.0,5.364227147221552,0.0,0.0203707760404845,0.1040129436257539,2016-10-17,0.06,amc,1145094000.0,2025-04-25,2016-09-30,1.0,95.45328125,10502820.0625
2016-06-30,NFLX,USD,1065280,2016-07-19,2016-07-19 17:32:08,2016,Q2,2105204000.0,1473098000.0,632106000.0,0.3002587873,207300000,138407000.0,216029000.0,354436000.0,0.0,561736000.0,2034834000.0,16317000.0,35455000.0,1209513000.0,1296200000.0,0.6157123015,70370000.0,0.0334266893,-19138000.0,51232000.0,0.0243358838,10477000.0,40755000.0,0.019359169,0.0951,0.093,428483000,438154000,https://www.sec.gov/Archives/edgar/data/1065280/000106528016000072/0001065280-16-000072-index.htm,https://www.sec.gov/Archives/edgar/data/1065280/000106528016000072/nflx-63016x10qxdoc.htm,4.91315641460688,0.0951146253176905,-0.5281259699918083,-0.5951951419309518,4.280748594459991,5.638109329891734,-7.764844812979745,5.638109329891734,5.621086484177902,39197624840.0,40179784840.0,240.44672334682863,18.619395003999617,-173.2162499060952,-153.69749105010763,16.225297284498854,16.225297284498854,19.0859341137486,30.99813673815769,-177.55646369971674,-157.54863071548164,0.0010397313655191,-0.0065062870783881,0.982304661661356,0.204690867051704,0.7577225736769018,1.329500174858959,1.984769426033,-5.552521163047479,0.0,0.0,0.0657451724393455,0.0984702670145031,0.4953581345144312,-0.1269946485308869,0.0136509335912339,0.0237599761226212,0.0209537888014653,3.473614798633928,0.0074226607741901,0.0069659891200325,-17.138241190432293,1335081000.0,-3327104000.0,-3790755000.0,7240883000.0,0.0,236186000.0,0.0,0.0,14.690957424421184,0.0,0.0,6.126217468331268,0.0,0.0168699505015659,0.0670691719391434,2016-07-18,0.02394,amc,467823111.0,2025-04-25,2016-06-30,2.759398496240601,96.06703125,12866919.390625
2016-03-31,NFLX,USD,1065280,2016-04-20,2016-04-20 14:14:37,2016,Q1,1957736000.0,1369540000.0,588196000.0,0.300447047,203508000,127225000.0,208010000.0,335235000.0,0.0,538743000.0,1908283000.0,25963000.0,35537000.0,1093760000.0,1169176000.0,0.5972082038,49453000.0,0.0252603007,-9574000.0,39879000.0,0.020369958,12221000.0,27658000.0,0.0141275432,0.0646,0.0631,428117000,437993000,https://www.sec.gov/Archives/edgar/data/1065280/000106528016000057/0001065280-16-000057-index.htm,https://www.sec.gov/Archives/edgar/data/1065280/000106528016000057/nflx-33116x10qxdoc.htm,4.572899464398751,0.0646038349329739,-0.5339428240410916,-0.6078291681946758,4.840898632850366,5.412616177353387,-6.874118523674603,5.412616177353387,5.6240583765652845,43766400910.0,44533374910.0,395.6034502675537,22.355619404250625,-191.46244765737785,-168.18870391435004,18.887354405016676,18.887354405016676,22.747385199025818,38.089539051434514,-194.8176862942386,-171.13608730238028,0.0006319459545434,-0.0059457025158434,1.0237287316381218,0.2106340158301955,0.6559953334656202,1.4093428160031238,1.3915918620029828,-8.264878154602647,0.0,0.0,0.0649857794922298,0.1039506858943187,0.4670602047153177,-0.138378756726016,0.0161574390009684,0.0289204212990052,0.0216689073501227,2.804942895450611,0.0046799977930245,0.0046080430994812,-16.05301821698274,1610204000.0,-2942927000.0,-3401205000.0,7036618000.0,0.0,242702500.0,0.0,0.0,15.240343472990933,0.0,0.0,5.905378717973042,0.0,0.0119357872082781,0.0738863441535841,2016-04-18,0.03426,amc,978868000.0,2025-04-25,2016-03-31,0.7513134851138353,98.16147540983609,19488647.442622952
2015-12-31,NFLX,USD,1065280,2016-01-28,2016-01-28 14:55:13,2015,Q4,1823333000.0,1249365000.0,573968000.0,0.3147905512,180859000,109042000.0,224173000.0,333215000.0,0.0,514074000.0,1763439000.0,0.0,39163000.0,996142000.0,75382000.0,0.0413429692,59894000.0,0.0328486349,-39163000.0,20731000.0,0.0113698375,-22447000.0,43178000.0,0.0236808087,0.1,0.0985,427668000,438257000,https://www.sec.gov/Archives/edgar/data/1065280/000106528016000047/0001065280-16-000047-index.htm,https://www.sec.gov/Archives/edgar/data/1065280/000106528016000047/nflx201510k.htm,4.263430979170758,0.100961493494954,-0.5722780287512743,-0.6509675729771692,5.403057979554234,5.198953393754033,-4.885544394249745,5.198953393754033,5.636439948745289,48916665840.0,49478697840.0,283.2267928111538,26.82815801611664,-199.8678863306707,-175.7076769229664,22.000581912777847,22.000581912777847,27.1364023137847,656.3728455068849,-202.16428462277065,-177.72648452934288,0.000882684853077,-0.0056912709650041,1.066535157904963,0.2324210508983206,7.455785200711045,1.5389287924152828,1.529351683987437,-5.668280142665246,0.0,0.0,0.0598036672401585,0.0991914258119608,0.422706216710963,-0.1375022983104864,0.0184568589500656,0.0337833361107151,0.019667279646669,3.43658511214134,0.0186934038587803,0.0073306628428194,-13.254978160629271,1902216000.0,-2089391000.0,-2547605000.0,6388445000.0,0.0,231428000.0,0.0,0.0,18.260628399226807,0.0,0.0,4.928636519639751,0.0,0.0194195804132901,0.0786895442258948,2016-01-19,0.02081,amc,364666600.0,2025-04-25,2015-12-31,2.363767419509852,114.263125,16979874.515625
2015-09-30,NFLX,USD,1065280,2015-10-16,2015-10-16 15:45:29,2015,Q3,1738355000.0,1173958000.0,564397000.0,0.3246730386,171762000,110892000.0,208102000.0,318994000.0,0.0,490756000.0,1664714000.0,3930000.0,35333000.0,906039000.0,983610000.0,0.5658280386,73641000.0,0.0423624634,-31403000.0,42238000.0,0.0242976837,12806000.0,29432000.0,0.0169309491,0.0689,0.0673,426869000,437606000,https://www.sec.gov/Archives/edgar/data/1065280/000106528015000038/0001065280-15-000038-index.htm,https://www.sec.gov/Archives/edgar/data/1065280/000106528015000038/nflx-093015x10qxdoc.htm,4.072338352047115,0.0689485533032382,-0.4590846372071994,-0.5815742066067108,6.113449325202814,5.077243838273569,-4.039815493746325,5.077243838273569,5.70510625039532,44078492940.0,44363055940.0,374.4095961878228,25.356439242847404,-224.92584510815487,-177.5525785479505,20.337805961100308,20.337805961100308,25.52013595611944,45.10228234767845,-226.37792681495543,-178.6988267755865,0.0006677179285612,-0.0056321344819553,1.1073594184148334,0.2420265610032485,0.2893047041002023,1.666871070904628,2.084198907536864,-6.658365044849144,0.0,0.0,0.0637913429650445,0.0988072056628249,0.3924652291028468,-0.2668126081165898,0.0300784362227508,0.0577094363487664,0.0188879716743703,2.8065181082395885,0.0078045941339381,0.0048854033304467,-12.03954140497436,2228295000.0,-1724472000.0,-2179236000.0,6301353000.0,0.0,210547000.0,0.0,0.0,16.050701984227715,0.0,0.0,5.607231390155948,0.0,0.0135799176678272,0.1224895693995113,2015-10-14,0.08,amc,1986691428.0,2025-04-25,2015-09-30,-0.1249999999999999,107.3858453125,21459644.796875
2015-06-30,NFLX,USD,1065280,2015-07-17,2015-07-17 16:08:16,2015,Q2,1644694000.0,1121752000.0,522942000.0,0.3179570181,155061000,95906000.0,197140000.0,293046000.0,0.0,448107000.0,1569859000.0,872000.0,35217000.0,858994000.0,934701000.0,0.5683130114,74835000.0,0.0455008652,-34345000.0,40490000.0,0.0246185613,14155000.0,26335000.0,0.0160120971,0.0619,0.0604,425339999,436096999,https://www.sec.gov/Archives/edgar/data/1065280/000106528015000031/0001065280-15-000031-index.htm,https://www.sec.gov/Archives/edgar/data/1065280/000106528015000031/nflx-063015x10qxdoc.htm,3.866774824532785,0.0619151738889245,-0.4263483341005979,-0.5376099133342971,6.575346796857447,4.77753092767558,-3.78213195039764,4.77753092767558,5.725342092738379,39917563430.151405,40023691430.151405,378.9402262212968,24.27051076379643,-220.1218874186012,-174.56634945204777,19.643745152197337,19.643745152197337,24.33503826860888,42.8197802614434,-220.70712092637385,-175.0304653935697,0.0006597346565524,-0.0057284809079122,1.1810587699765018,0.2485794461463505,0.1135421915671428,1.7392515501997008,2.1249680552006134,-6.886007214733245,0.0,0.0,0.0583123669205335,0.0942795437935567,0.3770916018366292,-0.2609640294910749,0.0287737414984185,0.0550923522166627,0.017383172796885,2.579832806269012,0.0075640744663038,0.0043788806759588,-11.346283000296898,2380441000.0,-1608692000.0,-2022276000.0,6192604000.0,0.0,201148000.0,0.0,0.0,16.987364408532365,0.0,0.0,5.298055533252413,0.0,0.0129596594613879,0.1112615792336991,2015-07-15,0.00738,amc,1096462666.0,2025-04-25,2015-06-30,0.3550135501355013,83.68220158730158,19964249.0
2015-03-31,NFLX,USD,1065280,2015-04-17,2015-04-17 16:55:12,2015,Q1,1573129000.0,1046401000.0,526728000.0,0.3348282309,143106000,91489000.0,194677000.0,286166000.0,0.0,429272000.0,1475673000.0,0.0,59030000.0,785870000.0,97456000.0,0.0619504186,97456000.0,0.0619504186,-59030000.0,38426000.0,0.0244264774,14730000.0,23696000.0,0.0150629732,0.0559,0.0546,423626000,433811000,https://www.sec.gov/Archives/edgar/data/1065280/000106528015000017/0001065280-15-000017-index.htm,https://www.sec.gov/Archives/edgar/data/1065280/000106528015000017/nflx-033115x10qxdoc.htm,3.713485480116895,0.0559361323431517,-0.3006944805087506,-0.3855381869856902,6.9818849645678025,4.506838579312885,-3.31221171505054,4.506838579312885,5.804719257080538,25217227264.6,25162450264.6,266.0494098645341,16.029980544888563,-197.9653896515991,-154.40001019201097,13.20817219264053,13.20817219264053,15.99516013283081,258.1929308056969,-197.53536814149564,-154.0646216391957,0.0009396750781266,-0.0064766835102951,1.2570618065863752,0.2597226638108716,-0.5620690362830405,1.8409218940531744,1.650957140437066,-5.37567521944632,0.0,0.0,0.0581573411970664,0.090969017798286,0.3584554769341384,-0.2821591747656655,0.0228474587907285,0.0457352997315077,0.0174435790071888,2.381625533640316,0.0096437632679547,0.0039971168669189,-10.32444656371422,2530207000.0,-1403139000.0,-1792356000.0,5988376000.0,0.0,196074000.0,0.0,0.0,16.390494657401895,0.0,0.0,5.4909874217466825,0.0,0.0124113902370294,0.0848437064769395,2015-04-15,0.1,amc,3146258000.0,2025-04-25,2015-03-31,0.0999999999999999,60.658883606557374,15787277.409836063
2014-12-31,NFLX,USD,1065280,2015-01-29,2015-01-29 13:55:40,2014,Q4,1484728000.0,1014332000.0,470396000.0,0.316823014,125876000,75803000.0,203671000.0,279474000.0,0.0,405350000.0,1419682000.0,0.0,19530000.0,764843000.0,829889000.0,0.5589501916,65046000.0,0.0438100447,-19530000.0,45516000.0,0.0306561202,-37855000.0,83371000.0,0.0561523727,0.2,0.19,422247000,432516000,https://www.sec.gov/Archives/edgar/data/1065280/000106528015000006/0001065280-15-000006-index.htm,https://www.sec.gov/Archives/edgar/data/1065280/000106528015000006/nflx201410k.htm,3.516254704000265,0.1974460446136976,-0.0910864967661108,-0.1831084649506094,3.80937223947121,4.433090110764552,-2.1349281344805293,4.39957655116555,2.177706413544678,20606244745.8,20392636745.8,61.79080479363328,13.878801198468675,-535.7698641688984,-266.5163514595755,11.09229477711244,11.09229477711244,13.734931075456243,24.5727280947211,-530.2159784144977,-263.75359553267714,0.0040459094332067,-0.003752114999787,0.4844679572893048,0.1275392533937132,-0.2573934586432643,1.4745872750881095,3.330568356374808,-0.4613234817862326,0.0,0.0,0.0510551427601553,0.0847805119860338,0.3930088082859702,-1.010270143782013,0.0261704500757041,0.0508025830137688,0.0203747757164948,4.421004097494511,0.0272058474047723,0.0194640845604757,-8.46967770049284,1263899000.0,-901467000.0,-1257739000.0,4187100000.0,0.0,175977500.0,0.0,0.0,17.88594858488148,0.0,0.0,5.031882965160407,0.0,0.0448784200746295,0.0920219681844986,2015-01-20,0.06,amc,1224900598.0,2025-04-25,2014-12-31,0.6666666666666669,53.690446875,17285819.03125
2014-09-30,NFLX,USD,1065280,2014-10-20,2014-10-20 16:19:49,2014,Q3,1409432000.0,954394000.0,455038000.0,0.3228520425,120953000,78024000.0,145654000.0,223678000.0,0.0,344631000.0,1299025000.0,616000.0,13486000.0,718780000.0,829803000.0,0.5887499361,110407000.0,0.0783343929,-12870000.0,97537000.0,0.0692030548,38242000.0,59295000.0,0.0420701389,0.14,0.14,421197000,432740000,https://www.sec.gov/Archives/edgar/data/1065280/000106528014000028/0001065280-14-000028-index.htm,https://www.sec.gov/Archives/edgar/data/1065280/000106528014000028/nflx-9301410qdoc.htm,3.346253653278632,0.1407773559640738,-0.0888871478191914,-0.1756921345593629,3.957338252646624,4.095171618031468,-2.1534056510374007,4.095171618031468,2.168785627627927,27147957797.1,26864740797.1,114.46141241715154,19.26163007303651,-725.1250780496274,-366.85933699679737,15.739096187373688,15.739096187373688,19.060686004787748,32.374841736050605,-717.5603193755176,-363.0321319590276,0.002184142190111,-0.0027258403948124,0.5217772428594785,0.1327760868497235,-0.3413063100519038,1.5001959857258045,8.18678629690049,-0.6314023104814909,0.0,0.0,0.0553584706463312,0.0858168396914501,0.3882788811224713,-0.9765752290392372,0.0259409464238076,0.0508667464314532,0.0211986105040895,3.6015853778059643,0.0158685919773839,0.0143001948415112,-8.040503612323924,1274827000.0,-907008000.0,-1229973000.0,4050856000.0,0.0,143800000.0,0.0,0.0,14.18036995203239,0.0,0.0,6.346801973745461,0.0,0.0343764240170586,0.0868049867401714,2014-10-15,0.13,amc,1308758285.0,2025-04-25,2014-09-30,0.0769230769230769,64.85259375,15204337.53125
2014-06-30,NFLX,USD,1065280,2014-07-22,2014-07-22 16:46:36,2014,Q2,1340407000.0,914848000.0,425559000.0,0.3174849132,115182000,60014000.0,120763000.0,180777000.0,0.0,295959000.0,1210807000.0,1100000.0,13328000.0,668937000.0,799637000.0,0.596562835,129600000.0,0.096687051,-12228000.0,117372000.0,0.0875644487,46354000.0,71018000.0,0.052982415,0.17,0.16,419972000,431438000,https://www.sec.gov/Archives/edgar/data/1065280/000106528014000021/0001065280-14-000021-index.htm,https://www.sec.gov/Archives/edgar/data/1065280/000106528014000021/nflx-63014x10qxdoc.htm,3.191658015296258,0.1691017496404522,0.1333993694817749,0.0361309801605821,4.082093568142638,3.832886478146162,-1.7598578000438123,3.832886478146162,2.17473545855438,26434255598.8,26120011598.8,93.05477343349574,19.72106651099256,471.83806223761246,1742.0756292869382,16.42180126097639,16.42180126097639,19.486627269777017,32.66483616791119,466.2289661359417,1721.3662579939369,0.0026865897446805,0.0005740278913202,0.5591086565550831,0.1422740001220394,-0.3929833161797165,1.570957259657303,9.723889555822328,0.7888704272156355,0.0,0.0,0.0447729682104017,0.0859306165963024,0.371302891545162,0.7291517920891046,0.0304758181656765,0.0610670362081929,0.0218478417376214,3.818812081868431,0.0196498876140759,0.0178570620358026,-7.147505071766689,1333256000.0,-739091000.0,-1047737000.0,3823767000.0,0.0,135554500.0,0.0,0.0,13.499881947602224,0.0,0.0,6.666724964656844,0.0,0.0441186428569209,0.0972683893211928,2014-07-21,0.17,amc,1424182437.0,2025-04-25,2014-06-30,-0.0588235294117647,54.11228888888889,24222406.0
2014-03-31,NFLX,USD,1065280,2014-04-23,2014-04-23 16:08:45,2014,Q1,1270089000.0,869186000.0,400903000.0,0.3156495332,110310000,55900000.0,137098000.0,192998000.0,0.0,303308000.0,1172494000.0,1401000.0,10052000.0,629238000.0,728234000.0,0.5733724172,97595000.0,0.0768410718,-8651000.0,88944000.0,0.0700297381,35829000.0,53115000.0,0.041819904,0.13,0.12,418719000,430836000,https://www.sec.gov/Archives/edgar/data/1065280/000106528014000012/0001065280-14-000012-index.htm,https://www.sec.gov/Archives/edgar/data/1065280/000106528014000012/nflx-33114x10qxdoc.htm,3.033272910949825,0.1268511818188331,0.0868338909865566,0.0193709862700283,3.984158827280348,3.5306685390440844,-1.6744308235355931,3.5306685390440844,2.173419405376876,21057378510.0,20799928510.0,99.11220234397064,16.5794511329521,579.1517508732363,2596.15072247565,14.243761328446832,14.243761328446832,16.376748802642965,28.56214967991058,572.070973074067,2564.40987671064,0.0025223937526115,0.0003851856486384,0.608783528752846,0.1488069157518072,-0.3535264763798449,1.5845114070045188,9.709013131715082,0.6845335592582134,0.0,0.0,0.0440126636794744,0.0868521812250952,0.3603564487791715,0.7769190571797904,0.0222409610665079,0.04489239365709,0.0203332207427983,3.1744390414271764,0.0154001510837917,0.0137296594765281,-6.929480152560548,1323131000.0,-701116000.0,-982964000.0,3636078000.0,0.0,121159000.0,0.0,0.0,13.862936126444742,0.0,0.0,6.492131189172635,0.0,0.0359283745885638,0.0674629047165282,2014-04-21,0.12,amc,1270089000.0,2025-04-25,2014-03-31,0.0,57.26133278688525,21270273.557377048
2013-12-31,NFLX,USD,1065280,2014-02-03,2014-01-31 19:14:52,2013,Q4,1175230000.0,811849000.0,363381000.0,0.3091999013,98128000,46120000.0,136845000.0,182965000.0,0.0,281093000.0,1092942000.0,0.0,8284000.0,603275000.0,95133000.0,0.0809484101,82288000.0,0.0700186347,-8284000.0,74004000.0,0.0629698017,25583000.0,48421000.0,0.0412012968,0.12,0.11,416290000,429128000,https://www.sec.gov/Archives/edgar/data/1065280/000106528014000006/0001065280-14-000006-index.htm,https://www.sec.gov/Archives/edgar/data/1065280/000106528014000006/nflx10k2013.htm,2.823104086093829,0.1163155492565279,0.0995580004323908,0.007437123159336,2.883578755194696,3.2034423118499125,-1.8196689807586053,3.2034423118499125,1.2209853707751808,21895063953.0,21790098953.0,113.04529002395655,18.63045016975401,528.2920485703945,7072.049080426356,16.418494506812962,16.418494506812962,18.54113573768539,229.0487943510664,525.759414959585,7038.145656653747,0.002211503017481,0.0001414017335891,0.3749359796814694,0.0923776776362695,-1.103350046776618,1.4199047165007197,9.933365523901497,0.8559302781850849,0.0,0.0,0.0392433821464734,0.0834968474256103,0.3863365655051036,0.9252985884907708,0.0326310594521923,0.0635680245327587,0.0161006781651251,2.8954668743269267,0.0165240310041287,0.0145780871969584,-6.914883855004924,904560000.0,-757510000.0,-1020239000.0,3129236000.0,0.0,104667000.0,0.0,0.0,12.020893047845105,0.0,0.0,7.486964540969244,0.0,0.0363095501443128,0.0921208772730548,2014-01-22,0.09,amc,961551818.0,2025-04-25,2013-12-31,0.2222222222222222,49.0675765625,23405375.765625
2013-09-30,NFLX,USD,1065280,2013-10-25,2013-10-25 16:07:06,2013,Q3,1105999000.0,791019000.0,314980000.0,0.2847923009,95540000,46211000.0,116109000.0,162320000.0,0.0,257860000.0,1048879000.0,0.0,7629000.0,582392000.0,57120000.0,0.0516456163,57120000.0,0.0516456163,-7629000.0,49491000.0,0.0447477801,17669000.0,31822000.0,0.0287721779,0.0769,0.0745,413756000,426930000,https://www.sec.gov/Archives/edgar/data/1065280/000106528013000036/0001065280-13-000036-index.htm,https://www.sec.gov/Archives/edgar/data/1065280/000106528013000036/nflx-09301310qdoc.htm,2.6730706019973125,0.0769100629356432,0.0838489351211825,0.0202873190962789,2.7431312174324964,2.91082183702472,-1.4598386488655148,2.91082183702472,1.2268800935817246,18276802412.4,18337746412.4,143.5862171799384,16.525152746431054,526.8152772144236,2177.3650717655464,15.175404910783229,15.175404910783229,16.580255870394094,321.0389778081232,528.5719428242007,2184.625495878008,0.0017411141884649,0.0004592707088798,0.4151548112291073,0.1020132311160757,1.0669467787114846,1.4723916045177186,7.487219819111286,1.0902206020991767,0.0,0.0,0.0417821354268855,0.0863834415763486,0.3689588019566138,0.7580491741849941,0.0237785025122084,0.0451568702866797,0.0167061633871278,2.244350360416207,0.0123819949071324,0.0102885993834987,-6.191977880683301,914142000.0,-604017000.0,-847677000.0,2849792000.0,0.0,102170000.0,0.0,0.0,11.480015018602588,0.0,0.0,7.83971099812684,0.0,0.0264221128058653,0.0635616160249035,2013-10-21,0.07,amc,1105999000.0,2025-04-25,2013-09-30,0.0,38.608765625,21057418.15625
2013-06-30,NFLX,USD,1065280,2013-07-25,2013-07-25 16:13:24,2013,Q2,1069372000.0,753525000.0,315847000.0,0.2953574621,93126000,43844000.0,121760000.0,165604000.0,0.0,258730000.0,1012255000.0,0.0,10468000.0,539985000.0,57117000.0,0.053411722,57117000.0,0.053411722,-10468000.0,46649000.0,0.0436227992,17178000.0,29471000.0,0.0275591656,0.0723,0.0695,407344000,424130000,https://www.sec.gov/Archives/edgar/data/1065280/000106528013000030/0001065280-13-000030-index.htm,https://www.sec.gov/Archives/edgar/data/1065280/000106528013000030/nflx-063013x10qxdoc.htm,2.625230763187871,0.0723491692525236,0.0833276051690954,0.0290467025413409,2.6515917750108016,2.7142218861699203,-1.4154621155583489,2.7142218861699203,1.253161946659335,13051301760.0,13180623760.0,110.7130887991585,12.204641378304276,384.50643019179216,1103.051196754564,11.804488116191608,11.804488116191608,12.325574037846511,230.76533711504456,388.3164057390331,1113.981048005409,0.0022580889279813,0.0009065762341242,0.4522341270343752,0.1115884368490907,2.264159532188315,1.5388716993241789,5.456343141001146,1.1517423908248787,0.0,0.0,0.0409997643476732,0.0870847562868674,0.3754285832888281,0.6514156085201661,0.0206766214189262,0.0409474337250108,0.0167902282835159,2.101990299503488,0.0128391520435151,0.0105308143612993,-5.63410532621077,900058000.0,-576580000.0,-804807000.0,2710191000.0,0.0,103131500.0,0.0,0.0,12.35485219468498,0.0,0.0,7.284587349310235,0.0,0.0266555839156601,0.0542809026277544,2013-07-22,0.06,amc,916604571.0,2025-04-25,2013-06-30,0.1666666666666668,29.7381140625,28193729.046875
2013-03-31,NFLX,USD,1065280,2013-04-26,2013-04-26 17:31:05,2013,Q1,1023961000.0,726863000.0,297098000.0,0.2901458161,91975000,44126000.0,129175000.0,173301000.0,0.0,265276000.0,992139000.0,977000.0,6740000.0,516028000.0,523698000.0,0.5114433069,31822000.0,0.0310773555,-30892000.0,930000.0,0.0009082377,-1759000.0,2689000.0,0.0026260766,0.0069,0.0064,391804000,421022000,https://www.sec.gov/Archives/edgar/data/1065280/000106528013000020/0001065280-13-000020-index.htm,https://www.sec.gov/Archives/edgar/data/1065280/000106528013000020/nflx-033113x10qxdoc.htm,2.6134521342303807,0.0068631254402711,-0.0310486876091106,-0.1162851834080305,2.61832957294974,2.0748103643658564,-1.9493292564649671,2.0748103643658564,1.803810068299456,10210960765.6,10492909765.6,949.3269584975828,9.972021166431144,-839.3720316974928,-224.11625657031232,12.560858788636995,12.560858788636995,10.247372473756323,20.036184529251592,-862.5490970489109,-230.3046413731042,0.0002633444650046,-0.0044619699405262,0.8610944017792671,0.1604294375183491,0.5383808989150235,1.5142291708365063,4.721364985163205,-4.5239866121234655,0.0,0.0,0.0430934381289912,0.0898227569214061,0.3613498899568651,-2.745252774352651,0.0326145234046999,0.0647174184346585,0.0173307381824112,0.5660325833350015,0.0344017506951913,0.000964970044301,-6.443267552143419,868386000.0,-763755000.0,-993270000.0,2574379000.0,0.0,94645000.0,0.0,0.0,12.731395049686116,0.0,0.0,7.069138900235358,0.0,0.003307832637692,0.0852364957989198,2013-04-22,0.02507,amc,767970750.0,2025-04-25,2013-03-31,0.5955325089748705,22.899598333333333,37813828.15
2012-12-31,NFLX,USD,1065280,2013-02-01,2013-01-31 21:43:16,2012,Q4,945239000.0,695867000.0,249372000.0,0.2638189918,82139000,30223000.0,117372000.0,147595000.0,0.0,229734000.0,925601000.0,282000.0,5016000.0,492415000.0,512335000.0,0.5420163578,19638000.0,0.020775698,-4734000.0,14904000.0,0.0157674408,7007000.0,7897000.0,0.0083545008,0.0203,0.0191,388934000,413903000,https://www.sec.gov/Archives/edgar/data/1065280/000106528013000008/0001065280-13-000008-index.htm,https://www.sec.gov/Archives/edgar/data/1065280/000106528013000008/nflx1231201210kdoc.htm,2.4303326528408418,0.0203042161394992,-0.0416163153645605,-0.1375529010063404,1.923406027757923,1.9146513290172624,-1.9574915024142912,1.9146513290172624,1.0413489178112485,5144468911.4,5254177911.4,162.86149523236674,5.442505981450194,-317.834481119486,-96.16009479429522,6.908359657728963,6.908359657728963,5.558570807383106,10.25535618569881,-324.61249915976765,-98.21076863866614,0.0015350466950048,-0.010399324190967,0.5371485202229703,0.1008092462240636,0.2141352825787814,1.3370465044399336,3.915071770334928,-2.049639103457009,0.0,0.0,0.031973924055186,0.0868975994431038,0.3795488282185242,-2.305263808229334,0.0394746725431345,0.0757755145558116,0.0187190752814896,0.9352532407659888,0.0045399258532671,0.0032077085741721,-6.363904929885276,564865000.0,-761335000.0,-982426000.0,2202554000.0,0.0,88989500.0,667884500.0,0.0,11.183343943598416,0.0,0.0,8.047682379608641,0.0,0.0106046546605019,0.0959365856417798,2013-01-23,0.00659,amc,945239000.0,2025-04-25,2012-12-31,2.0349013657056143,11.175993548387098,35669453.69354839
2012-09-30,NFLX,USD,1065280,2012-10-30,2012-10-29 17:50:32,2012,Q3,905089000.0,662638000.0,242451000.0,0.2678753139,82521000,30562000.0,113233000.0,143795000.0,0.0,226316000.0,888954000.0,801000.0,4990000.0,435207000.0,452143000.0,0.4995563972,16135000.0,0.0178269761,-4189000.0,11946000.0,0.013198702,4271000.0,7675000.0,0.0084798291,0.0197,0.0187,388787000,411103000,https://www.sec.gov/Archives/edgar/data/1065280/000106528012000020/0001065280-12-000020-index.htm,https://www.sec.gov/Archives/edgar/data/1065280/000106528012000020/nflx-093012x10qxdoc.htm,2.327981645476829,0.0197408863979505,0.000385815369341,-0.0353226831144045,2.0534508612685096,1.84378592905627,-1.6711618444032337,1.84378592905627,1.0416757761962203,3113056387.7,3142758387.7,101.40248819869706,3.439503062903206,20753.70925133333,-226.68436522973852,4.342749271385525,4.342749271385525,3.4723197251320035,6.950806244263429,20951.722584666662,-228.8471847156484,0.0024654227370646,-0.0044114202538252,0.5580045756375203,0.1050190438908715,0.065691606416554,1.3921824426253409,3.2334669338677355,0.019543973941368,0.0,0.0,0.0337668450284999,0.091174459086344,0.3587886368344319,92.55333333333331,0.015338823032873,0.0318997626416854,0.0204090426466347,0.9049609343899268,0.0046893506988119,0.0031425720447436,-4.181604580400065,626795000.0,-649726000.0,-866975000.0,2126964000.0,0.0,91236000.0,1279703500.0,0.0,12.429094015133453,181.4251672859088,0.0,7.241074843461441,0.4960722999261099,0.0107067127950449,0.0357084984837456,2012-10-23,0.00648,amc,452544500.0,2025-04-25,2012-09-30,2.08641975308642,9.188777777777778,35378365.333333336
2012-06-30,NFLX,USD,1065280,2012-08-02,2012-08-01 19:27:12,2012,Q2,889163000.0,643428000.0,245735000.0,0.2763666504,81547000,29810000.0,118224000.0,148034000.0,-493000.0,229581000.0,873009000.0,0.0,5006000.0,403348000.0,16154000.0,0.0181676476,16154000.0,0.0181676476,-5499000.0,10655000.0,0.0119831797,4491000.0,6164000.0,0.0069323622,0.0159,0.015,388682000,411663000,https://www.sec.gov/Archives/edgar/data/1065280/000106528012000012/0001065280-12-000012-index.htm,https://www.sec.gov/Archives/edgar/data/1065280/000106528012000012/nflx-063012x10qxdoc.htm,2.287636165297081,0.0158587225546848,0.0506635244235647,0.0412882510638516,2.092566674042019,1.7706659943089724,1.7706659943089724,1.7706659943089724,1.0419983431185391,3802709215.2,3800458215.2,154.2305814081765,4.276729030785131,193.1093446678854,236.95845059820536,5.52537860412132,5.52537860412132,4.2741974364655295,235.2642203293302,192.99503428803573,236.81818389830508,0.0016209496049189,0.004220149133637,0.581204429940165,0.1149990368830661,-0.1393462919400767,1.426289193538487,3.226927686775869,3.194678780012979,0.0,0.0,0.0335259114470575,0.0917120932832337,0.0,0.1850497664026,0.0040982362064098,0.0090343822208118,0.0207498512646162,0.7948655651537087,0.0047211260513788,0.001772135158368,-3.5116161798076577,638941000.0,688226000.0,-652279000.0,763585000.0,0.0,87040000.0,1189540500.0,0.0,12.723241761315952,171.15733228892742,0.0,7.073668935038094,0.5258319862573735,0.0089563602653779,0.009375273359713,2012-07-24,0.00882,amc,444581500.0,2025-04-25,2012-06-30,1.267573696145125,11.347488888888888,33835370.88888889
2012-03-31,NFLX,USD,1065280,2012-04-27,2012-04-27 17:28:25,2012,Q1,869791000.0,623933000.0,245858000.0,0.2826633065,82801000,29092000.0,135900000.0,164992000.0,0.0,247793000.0,871726000.0,0.0,4974000.0,371113000.0,369178000.0,0.424444493,-1935000.0,-0.0022246724,-5090000.0,-7025000.0,-0.0080766529,-2441000.0,-4584000.0,-0.0052702316,-0.0118,-0.0118,388192000,388192000,https://www.sec.gov/Archives/edgar/data/1065280/000144530512001242/0001445305-12-001242-index.htm,https://www.sec.gov/Archives/edgar/data/1065280/000144530512001242/nflx-033112x10qxdoc.htm,2.2406206207237656,-0.0118085895639271,0.0492256409199571,0.0369482111944604,2.0724950539939,1.708953301459072,1.708953301459072,1.708953301459072,1.043231184568461,6379663785.6,6383671785.6,-347.9310528795812,7.334708896275083,333.85649618504374,444.79284568082,9.616588110376512,9.616588110376512,7.339316899806966,17.291582341309613,334.06624028468264,445.0722851286342,-0.0007185331631969,0.0022482376002908,0.6029526591719652,0.1149273702118025,0.0108565515821636,1.4230935129463194,-0.3890229191797346,-4.168630017452007,0.0,0.0,0.0334471154564717,0.0951964322463672,0.0,0.2494112721754147,0.005479477253731,0.0128424496042984,0.0222260290115671,,-0.0006208297235301,-0.0013170676626272,-3.6961336142939576,612075000.0,663402000.0,-758316000.0,740272000.0,0.0,85055500.0,577721500.0,0.0,11.98960465306371,166.66832816985158,0.0,7.506502725008723,0.5399946167833463,-0.0069098374741107,0.0122774297254966,2012-04-23,-0.00693,amc,3479164000.0,2025-04-25,2012-03-31,0.704184704184704,15.75915806451613,58840144.09677419
2011-12-31,NFLX,USD,1065280,2012-02-10,2012-02-10 17:29:24,2011,Q4,875575000.0,575155000.0,300420000.0,0.3431116695,80783000,34477000.0,114288000.0,148765000.0,9000000.0,229548000.0,804703000.0,-95000.0,4942000.0,315859000.0,61777000.0,0.0705559204,70872000.0,0.0809433801,3963000.0,65835000.0,0.075190589,25103000.0,35219000.0,0.0402238529,0.11,0.1,375074000,388073000,https://www.sec.gov/Archives/edgar/data/1065280/000119312512053009/0001193125-12-053009-index.htm,https://www.sec.gov/Archives/edgar/data/1065280/000119312512053009/d260328d10k.htm,2.334406010547252,0.09389880396935,0.1745415571327258,-0.0809013687965574,2.1270762569519617,1.7045249737385155,-1.086748215018903,1.728520238672902,1.0796322858955834,3712707496.4,3604654496.4,26.35443579034044,4.240307793621335,56.711995484679065,-122.35392487476932,5.726632398356991,5.726632398356991,4.116899747480227,58.34945847807437,55.06147460361104,-118.79299025837068,0.0094860691379942,-0.0081730112133592,0.6169764145341134,0.1304755278469026,-1.7490813733266426,1.5055708828959216,14.340752731687576,1.858826201766092,0.0,0.0,0.0393764097878536,0.0922627987322616,0.3414981656771729,1.463507775028259,0.1094252348456728,0.3033315498371108,0.0206458612911515,1.9109904810292808,0.0236320821465659,0.0174457282262758,-4.342009843390904,614802000.0,-407611000.0,-595529000.0,1798089000.0,0.0,418549500.0,352699000.0,0.0,13.6124696820857,0.0,0.0,6.611584973330881,0.0,0.0543232308586923,0.2554429259292833,2012-01-25,0.08,amc,700460000.0,2025-04-25,2011-12-31,0.25,12.2368126984127,56951564.333333336
2011-09-30,NFLX,USD,1065280,2011-10-27,2011-10-27 17:18:06,2011,Q3,821839000.0,536617000.0,285222000.0,0.3470533766,69480000,29792000.0,89108000.0,118900000.0,0.0,188380000.0,724997000.0,1696000.0,4915000.0,503752000.0,320897000.0,0.3904621221,96842000.0,0.1178357318,-3219000.0,93623000.0,0.1139189063,31163000.0,62460000.0,0.0760002872,0.17,0.17,367983000,377090000,https://www.sec.gov/Archives/edgar/data/1065280/000119312511284366/0001193125-11-284366-index.htm,https://www.sec.gov/Archives/edgar/data/1065280/000119312511284366/d222257d10q.htm,2.233361323756804,0.1697361019394917,0.1346013266917221,0.0963386895590285,0.9939915702627568,1.0553531005508408,-0.494202177817997,1.0553531005508408,1.1182255702029713,5954480116.2,6201854116.2,23.833173695965417,7.2453121793928,120.21724003553332,167.96367143945164,15.33268817001071,15.33268817001071,7.546312740329919,19.32661918372562,125.2115668207789,174.9415846153846,0.0104895807494711,0.0059536683821565,1.0469187747198418,0.207270445227722,0.7708828689579522,1.2294987633863173,19.703357070193285,0.7930035222542428,0.0,0.0,0.0362504091433967,0.0845421061789474,0.290692398593363,0.2842664190103168,0.0171323093695967,0.0279502612396576,0.0191095822904486,2.0076003668031803,0.0648767092216635,0.0448917165223941,-2.3227567577850063,222147000.0,-181858000.0,-383093000.0,936350000.0,0.0,641771500.0,602416000.0,0.0,125.805984529003,118.30750796191695,0.0,0.7153872714159446,0.7607294038259252,0.1608334706657877,0.0382626371326936,2011-10-24,0.13,amc,628465117.0,2025-04-25,2011-09-30,0.3076923076923077,32.4313765625,47467738.609375
2011-06-30,NFLX,USD,1065280,2011-07-27,2011-07-27 13:44:12,2011,Q2,788610000.0,489978000.0,298632000.0,0.3786814775,57865000,30670000.0,94983000.0,125653000.0,0.0,183518000.0,673496000.0,1013000.0,5303000.0,-102745000.0,116127000.0,0.1472552973,115114000.0,0.1459707587,-4290000.0,110824000.0,0.1405308074,42610000.0,68214000.0,0.0864990299,0.19,0.18,367290000,377363000,https://www.sec.gov/Archives/edgar/data/1065280/000119312511198669/0001193125-11-198669-index.htm,https://www.sec.gov/Archives/edgar/data/1065280/000119312511198669/d10q.htm,2.147104467859185,0.1857224536469819,0.2352146804976993,0.2117291513517928,1.024822347463857,0.9094557434180076,-0.2483378256963162,0.9094557434180076,1.1067630482724822,13783328558.999998,14009321558.999998,50.51502828964728,17.478003777532617,159.5440383253079,177.2410636910732,41.26325032481723,41.26325032481723,17.764575086544678,120.63793569970808,162.15994026067227,180.14712803796,0.004949022270492,0.0056420333932489,1.201075339636085,0.2554286547402961,1.9460848898189047,1.334019531889656,21.707335470488403,1.2664848858005688,0.0,0.0,0.0388912136544045,0.0733759399449664,0.2707378208217647,0.0998472080748217,0.0109382330936711,-0.0839554236215874,0.0197004856646504,1.9494596490812472,0.083734329054033,0.0595522970508456,-1.6622695962318603,242735000.0,-91212000.0,-267215000.0,804929000.0,0.0,417222500.0,382683500.0,0.0,97.98244002791962,91.73689430954045,0.0,0.918531932602974,0.981066567354245,0.2042127448104085,0.0234855291459065,2011-07-25,0.16,amc,700986666.0,2025-04-25,2011-06-30,0.1249999999999999,35.369258730158734,32967078.444444444
2011-03-31,NFLX,USD,1065280,2011-04-27,2011-04-27 16:41:45,2011,Q1,718553000.0,438151000.0,280402000.0,0.3902314791,50905000,22998000.0,104259000.0,127257000.0,0.0,178162000.0,616313000.0,865000.0,4865000.0,122753000.0,225858000.0,0.3143233693,102240000.0,0.1422859552,-4000000.0,98240000.0,0.1367192121,38007000.0,60233000.0,0.0838254102,0.16,0.16,369313000,379722000,https://www.sec.gov/Archives/edgar/data/1065280/000119312511112061/0001193125-11-112061-index.htm,https://www.sec.gov/Archives/edgar/data/1065280/000119312511112061/d10q.htm,1.9456477297035304,0.1630947191135974,0.3149713115974796,0.2707811531140252,0.927996035882842,0.7465808135646457,0.7465808135646457,0.7465808135646457,1.075421119754788,12545045571.8,12786928571.8,52.06882262132054,17.45876166657157,107.84664745407186,125.4466923172305,45.49889226032018,45.49889226032018,17.795386800695287,56.61490215887859,109.92605565365406,127.86544975450738,0.0048013376799043,0.0079715134893408,1.4228171854259,0.3598480262119928,1.0709516598924989,1.4717020382690418,21.015416238437822,1.9312171069015325,0.0,0.0,0.0320059898156433,0.0708437651780731,0.0,0.140298995039674,0.0227123121050221,0.1329499075379013,0.0170676345377446,1.6551967351008023,0.1041268078379881,0.0552501036518472,-0.9173208091781226,231284000.0,275722000.0,-92864000.0,366084000.0,0.0,261916500.0,132966500.0,0.0,61.82984861383405,54.62493523922119,0.0,1.455607639638682,1.6475992073191368,0.2184555458033816,0.0441901584834544,2011-04-25,0.15,amc,673643437.0,2025-04-25,2011-03-31,0.0666666666666667,29.897190322580645,40138596.35483871
2010-12-31,NFLX,USD,1065280,2011-02-18,2011-02-18 14:42:40,2010,Q4,595922000.0,390790000.0,205132000.0,0.3442262578,45959000,19108000.0,62849000.0,81957000.0,4857000.0,132773000.0,523563000.0,938000.0,4832000.0,-195328000.0,-193294000.0,-0.3243612419,78453000.0,0.1316497797,-3894000.0,74559000.0,0.1251153674,27464000.0,47095000.0,0.0790287991,0.13,0.13,368102000,369313000,https://www.sec.gov/Archives/edgar/data/1065280/000119312511040217/0001193125-11-040217-index.htm,https://www.sec.gov/Archives/edgar/data/1065280/000119312511040217/d10k.htm,1.618904542762604,0.1279400818251463,0.2627451086926993,0.2221693986992735,0.951874752106753,0.7882706423762978,0.7882706423762978,0.7882706423762978,0.9799457758990716,9239360200.0,9400749200.0,49.0463966450791,15.504311302485895,95.5298468728352,112.97685525977916,31.84185564025861,31.84185564025861,15.775133658431807,-48.6344594245036,97.19851939162712,114.95028429586334,0.0050972144153444,0.0088513704661065,1.2265063894900814,0.3623866803385105,-0.8349405568719154,1.6399007666394736,16.236134105960264,2.053657500796263,0.0,0.0,0.032064599058266,0.0771225093216897,0.0,0.1544299347581087,0.0250636828309745,-0.0764662516382699,0.0138776551293625,1.5063720443285729,0.0832052518576596,0.0479549765952832,-0.927775453542768,248652000.0,290164000.0,-54672000.0,377222000.0,0.0,196472000.0,69194500.0,0.0,51.31697331047366,0.0,0.0,1.75380569418016,0.0,0.1623047655808439,0.0405757099934257,2011-01-26,0.1,amc,496601666.0,2025-04-25,2010-12-31,0.1999999999999999,24.8773484375,40866128.84375
2010-09-30,NFLX,USD,1065280,2010-10-26,2010-10-25 18:02:50,2010,Q3,553219000.0,344469000.0,208750000.0,0.377337004,42108000,17135000.0,81238000.0,98373000.0,93639000.0,139249000.0,483718000.0,853000.0,4945000.0,85824000.0,156178000.0,0.2823077299,69501000.0,0.1256301754,-4092000.0,65409000.0,0.1182334663,27442000.0,37967000.0,0.0686292409,0.1,0.1,364994000,377517000,https://www.sec.gov/Archives/edgar/data/1065280/000119312510235785/0001193125-10-235785-index.htm,https://www.sec.gov/Archives/edgar/data/1065280/000119312510235785/d10q.htm,1.5156934086587726,0.1040208880145975,0.1156923127503465,0.0945494994438264,0.7036088264464622,0.5259675501515093,0.1970662531438873,0.5259675501515093,0.9552211817180556,8455341505.8,8685938505.8,55.67559660889721,15.283895719055202,200.2354300755441,245.01134470588235,44.04397190154968,44.04397190154968,15.70072341297027,55.6156341213231,205.69632002747056,251.69337889886987,0.0044902976389488,0.0040814436621309,1.790363328558406,0.4462061346284418,1.4765011717399377,1.577173853838587,14.054802831142569,1.1122027023467749,0.0,0.0,0.0309732673678958,0.0761145224585562,0.1558479156362012,0.1827503729841097,0.0139492678306421,0.0899165734526472,0.0131882672142496,1.1095094689800995,0.0876617993422479,0.0583895693255987,-0.6912456095168688,180140000.0,71928000.0,-86061000.0,425244000.0,0.0,145075500.0,115756000.0,0.0,44.4475409978837,36.15712879823729,0.0,2.0248589231130967,2.489135697201367,0.1977705430394582,0.0211428133065201,2010-10-20,0.1,amc,553219000.0,2025-04-25,2010-09-30,0.0,18.305465625,35280312.375
2010-06-30,NFLX,USD,1065280,2010-07-27,2010-07-27 16:21:06,2010,Q2,519819000.0,314934000.0,204885000.0,0.3941468088,37863000,17119000.0,74533000.0,91652000.0,-1972000.0,127543000.0,442477000.0,921000.0,4893000.0,74452000.0,152715000.0,0.2937849521,77342000.0,0.1487864045,-3972000.0,73370000.0,0.1411452833,29851000.0,43519000.0,0.0837195255,0.12,0.11,367402000,380268000,https://www.sec.gov/Archives/edgar/data/1065280/000119312510167382/0001193125-10-167382-index.htm,https://www.sec.gov/Archives/edgar/data/1065280/000119312510167382/d10q.htm,1.414850762924535,0.1184506344549022,0.1688749652968682,0.1534395566708945,0.7596175306612376,0.4807812695630399,0.2231180015351032,0.4807812695630399,1.0251740600214478,5702593402.8,5967024402.8,32.75921668007077,10.970344298303832,91.91060363929408,101.15644450988044,32.28370359375,32.28370359375,11.479042518261164,39.07294242739744,96.17252643726329,105.84709977649273,0.0076314401055898,0.0098856776238544,2.1046082427536232,0.5356959646786902,1.7315325933929215,1.7090410470741806,15.806662579194768,1.4256991199246307,0.0,0.0,0.0329326169301237,0.0728388150490843,0.1364118437055097,0.0914014022080747,0.0109095665991431,0.0761698812657819,0.0133277159934515,1.131966891878887,0.1047909645715068,0.0726156587786539,-0.5217323258991513,183051000.0,81974000.0,-76114000.0,401009000.0,0.0,111367000.0,74344500.0,0.0,34.301758463678105,26.61214730705481,0.0,2.623772192183686,3.3819142424535293,0.2463711503623188,0.0154354086259737,2010-07-21,0.1,amc,472562727.0,2025-04-25,2010-06-30,0.0999999999999999,14.709426984126983,24220240.444444444
2010-03-31,NFLX,USD,1065280,2010-04-28,2010-04-27 19:53:55,2010,Q1,493665000.0,307162000.0,186503000.0,0.3777926327,37399000,17193000.0,75219000.0,92412000.0,87945000.0,128158000.0,435320000.0,972000.0,4959000.0,73151000.0,132468000.0,0.2683358148,58345000.0,0.1181874348,-3987000.0,54358000.0,0.1101111077,22086000.0,32272000.0,0.0653722666,0.0871,0.0842,370377000,383425000,https://www.sec.gov/Archives/edgar/data/1065280/000119312510095215/0001193125-10-095215-index.htm,https://www.sec.gov/Archives/edgar/data/1065280/000119312510095215/d10q.htm,1.3328716415976154,0.0871328403221582,0.2036087554032782,0.0863633540959616,0.7190781285014998,0.3961774084243892,0.3961774084243892,0.3961774084243892,1.056836682623381,3901662431.1,4208270431.1,30.224826715883736,7.903461722220534,51.73795193205326,121.97650392659516,26.589855393055508,26.589855393055508,8.524546871056282,31.76820387640789,55.80372395772556,131.56189799293463,0.0082713460146529,0.0081983002283931,2.633788802944083,0.5961332298821674,2.314581634809916,1.5590169523551327,11.765476910667472,2.3367625185919683,0.0,0.0,0.0348272614019628,0.0757578519846454,0.0,0.5758367368588554,0.0879645103460848,0.5936350835942092,0.0111452098082707,0.8813066518065646,0.0851578354584853,0.0497799606042329,-0.5600914743626089,136091000.0,146735000.0,-122020000.0,263256000.0,0.0,97622500.0,46447500.0,0.0,30.09249190980655,16.281115502568678,0.0,2.990779237217997,5.527876759169276,0.219933894435547,0.1172454013073166,2010-04-21,0.08,amc,493665000.0,2025-04-25,2010-03-31,0.0,9.00325737704918,11964301.31147541
2009-12-31,NFLX,USD,1065280,2010-02-22,2010-02-22 14:09:32,2009,Q4,444542000.0,275486000.0,169056000.0,0.3802925258,33209000,13524000.0,70715000.0,84239000.0,-1741000.0,115707000.0,391193000.0,2444000.0,4457000.0,70499000.0,126292000.0,0.2840946412,53349000.0,0.120008908,-2013000.0,51336000.0,0.115480652,20423000.0,30913000.0,0.0695389862,0.0835,0.0835,370377000,370377000,https://www.sec.gov/Archives/edgar/data/1065280/000119312510036181/0001193125-10-036181-index.htm,https://www.sec.gov/Archives/edgar/data/1065280/000119312510036181/d10k.htm,1.2002419156697095,0.0834636060014525,0.2857007859559314,0.2251327701234148,0.8646379229811786,0.5376764755910869,0.2438947342842563,0.5376764755910869,1.0542636286810465,2914866990.0,3166660990.0,23.57314875618672,6.557011463483765,27.54630153945018,34.957149932840835,14.637054729515976,14.637054729515976,7.123423636011895,25.07412179710512,29.925824678454312,37.976841960088265,0.0106052866583802,0.0286064510957325,1.9383960269755904,0.5678956768382927,1.993744655243404,1.815677058254443,11.969710567646398,3.423058260278847,0.0730376379884147,6.886908420405654,0.030422322300255,0.0747038525043752,0.1600773243651193,0.2119980721434174,0.0504631733334533,0.3182030950793628,0.0066945305505441,1.0048479457545516,0.0708058227858155,0.0541455605299479,-0.3825413025106851,184644000.0,90333000.0,-69578000.0,425107000.0,0.0,92996500.0,35133000.0,0.0,30.23304269545458,12.195211371902747,0.0,2.976875364699272,7.37994588657612,0.1552301612409173,0.0605680158325166,2010-01-27,0.06,amc,333406500.0,2025-04-25,2009-12-31,0.3333333333333334,7.768353125,8825145.65625
2009-09-30,NFLX,USD,1065280,2009-10-26,2009-10-23 21:12:11,2009,Q3,423120000.0,275274000.0,147846000.0,0.3494186047,30014000,11543000.0,58556000.0,70099000.0,-1604000.0,98509000.0,373783000.0,1808000.0,674000.0,66308000.0,117453000.0,0.2775879183,49337000.0,0.116602855,1134000.0,50471000.0,0.1192829457,20330000.0,30141000.0,0.0712351106,0.0767,0.0743,393022000,405566000,https://www.sec.gov/Archives/edgar/data/1065280/000119312509213071/0001193125-09-213071-index.htm,https://www.sec.gov/Archives/edgar/data/1065280/000119312509213071/d10q.htm,1.0765809547557137,0.0766903633893268,0.1992534769046007,0.0560884632412434,0.3955554650884683,0.5908117102859382,0.3248240556508287,0.5908117102859382,0.0991191332800708,2592255205.4,2574820205.4,21.50107167479513,6.126524875685385,33.1020572512163,117.5945928778806,11.163793616764714,11.163793616764714,6.08531907118548,21.92213230313402,32.87941930763239,116.80367471420796,0.0116273274086642,0.0085037923558141,0.1648650743748977,0.0777882311823477,-0.1484423556656705,1.154479613997504,73.20029673590504,2.5981553365847185,0.0,0.0,0.0272806768765362,0.0709349593495935,0.212421083004322,0.7185069785853839,0.1329811873700132,0.8485703082584304,0.007638494989601,1.009685697146003,0.1016164162844739,0.0777647629466036,-0.2239022243029652,31440000.0,127663000.0,-24967000.0,258098000.0,0.0,97542500.0,16468500.0,0.0,30.5535212188583,10.768652324592953,0.0,2.945650661844175,8.357591766098917,0.1298050835048793,0.1431650136633572,2009-10-22,0.06,amc,362674285.0,2025-04-25,2009-09-30,0.1666666666666668,6.27006875,9441326.78125
2009-06-30,NFLX,USD,1065280,2009-07-31,2009-07-31 15:26:36,2009,Q2,408509000.0,269243000.0,139266000.0,0.3409129297,27119000,13252000.0,46231000.0,59483000.0,-118000.0,86484000.0,355727000.0,866000.0,674000.0,62248000.0,115896000.0,0.2837048878,52782000.0,0.1292064557,192000.0,52974000.0,0.1296764576,20531000.0,32443000.0,0.0794180789,0.0801,0.0777,405104000,417620000,https://www.sec.gov/Archives/edgar/data/1065280/000119312509160729/0001193125-09-160729-index.htm,https://www.sec.gov/Archives/edgar/data/1065280/000119312509160729/d10q.htm,1.0084052490224733,0.0800856076464315,0.1858831312453098,0.1687690074647498,0.6293914649077768,0.8007104348512974,0.5530801966902327,0.8007104348512974,0.0968887001856313,2392422692.8,2343527692.8,18.435584662330857,5.856474870321095,31.771037858224226,34.992799262823794,7.375575167940414,7.375575167940414,5.736783504892181,20.22095406916546,31.12171911503015,34.27763595781714,0.0135607307595088,0.0285773079338181,0.1189255512977424,0.0651629326698119,-0.4218868640850418,1.622096161677384,78.31157270029674,2.3210553894522703,0.0,0.0,0.0324399217642695,0.0663853183161203,0.1694547063901093,0.0920692677485325,0.0169714743126834,0.1113770723557383,0.0080243030141318,1.2011748785201315,0.0846033389620547,0.0659843759215908,-0.0312339547375488,131378000.0,224055000.0,74942000.0,352040000.0,0.0,107200500.0,16649500.0,0.0,33.97325092945778,0.0,0.0,2.649143003325659,0.0,0.1000181890489593,0.01711412378056,2009-07-23,0.07,amc,357445375.0,2025-04-25,2009-06-30,0.1428571428571427,5.995119047619047,13620865.444444444
2009-03-31,NFLX,USD,1065280,2009-05-08,2009-05-07 18:03:15,2009,Q1,394098000.0,259268000.0,134830000.0,0.3421230252,24200000,13014000.0,62242000.0,75256000.0,72661000.0,99456000.0,358724000.0,1610000.0,670000.0,58479000.0,96560000.0,0.2450151993,36471000.0,0.0925429715,940000.0,37411000.0,0.0949281651,15048000.0,22363000.0,0.0567447691,0.0544,0.0526,411138000,424963000,https://www.sec.gov/Archives/edgar/data/1065280/000119312509103685/0001193125-09-103685-index.htm,https://www.sec.gov/Archives/edgar/data/1065280/000119312509103685/d10q.htm,0.9585540621397196,0.0543929288949209,0.1596373966891895,0.143166041572416,0.6968195593693601,0.8423254479031371,0.8423254479031371,0.8423254479031371,0.0961745204773093,2520851533.2000003,2444591533.2000003,28.18105277914412,6.396509328136657,38.40829359011473,42.827195141095125,7.279134229249926,7.279134229249926,6.203004159371528,25.31681372410937,37.24637809028995,41.53160043492296,0.0088712086790816,0.0233496496024425,0.1122427175494929,0.061829744320622,-0.7897680198840099,1.6094357182869972,54.43432835820896,2.9348924562894068,0.0,0.0,0.0330222431983922,0.0614060462118559,0.0,0.1031798028430819,0.0171835431796152,0.1158022538005095,0.0079472618485757,1.0153188338492494,0.0540728720637413,0.0355714690191163,0.0505243981339598,138167000.0,346312000.0,82514000.0,261984000.0,1261000.0,106555500.0,25995000.0,0.0,39.14493882777666,11.559120292515852,0.0,2.299147800331657,7.786059641430674,0.0645747187507218,0.0164713551167734,2009-04-23,0.04229,bmo,315278400.0,2025-04-25,2009-03-31,0.1823126034523528,5.196767213114754,14383189.180327868
2008-12-31,NFLX,USD,1065280,2009-02-25,2009-02-25 16:22:45,2008,Q4,359595000.0,232846000.0,126749000.0,0.3524770923,24052000,49662000.0,199713000.0,66379000.0,0.0,88828000.0,321674000.0,0.0,0.0,57345000.0,95266000.0,0.2649258193,37921000.0,0.1054547477,175000.0,38096000.0,0.1059414063,15364000.0,22732000.0,0.063215562,0.0553,0.0553,411138000,411138000,https://www.sec.gov/Archives/edgar/data/1065280/000119312509037430/0001193125-09-037430-index.htm,https://www.sec.gov/Archives/edgar/data/1065280/000119312509037430/d10k.htm,0.8746333347926973,0.0552904377605572,0.13326912131693,0.1126969533344035,0.7230443306140517,0.8505100477212031,0.6108168060359296,0.8443758543360137,0.0951991788645175,1755559259.9999998,1654818259.9999998,19.30713597571705,4.882045801526717,32.040430354796314,37.88922303276211,5.056989702006308,5.056989702006308,4.601894520224141,17.370502172863347,30.20182252883632,35.71498812966719,0.0129485802717932,0.0263927291181272,0.1127450274373118,0.0633388677975098,-1.0574706610962987,1.6615590439641323,0.0,2.4103466478972373,0.000333796764001,0.0257786380432869,0.138105368539607,0.0668863582641582,0.1594750997659989,0.1543656008176376,0.0235209054630904,0.1474932426541111,0.0341050348308513,1.0249063318007954,0.0563279993912557,0.0437659679745244,0.0978722472746377,142908000.0,251130000.0,90656000.0,366403000.0,1261000.0,104810500.0,9345500.0,0.6312101113752973,38.78511977873787,7.224474545407694,142.5832672482157,2.320477557203221,12.457653416082607,0.0654808370900606,0.0205721679825265,2009-01-26,0.05,bmo,359595000.0,2025-04-25,2008-12-31,0.0,3.460271875,8754751.90625
2008-09-30,NFLX,USD,1065280,2008-11-03,2008-11-03 15:27:25,2008,Q3,341269000.0,224496000.0,116773000.0,0.34217289,23368000,11742000.0,49217000.0,60959000.0,57832000.0,82699000.0,307195000.0,1536000.0,677000.0,55821000.0,91431000.0,0.2679147535,34074000.0,0.0998449903,859000.0,34933000.0,0.1023620663,14562000.0,20371000.0,0.0596919146,0.0482,0.0467,422856000,435904000,https://www.sec.gov/Archives/edgar/data/1065280/000119312508222820/0001193125-08-222820-index.htm,https://www.sec.gov/Archives/edgar/data/1065280/000119312508222820/d10q.htm,0.8070572488033751,0.0481747923643036,0.1731818869780729,0.0529234538471725,0.5931759275025068,0.7681882248330401,0.4783543333900902,0.7681882248330401,0.0947225533041981,1865386958.4,1793239958.4,22.892677806685978,5.466031073434739,25.47264079966135,83.35434820143885,5.74260299415392,5.74260299415392,5.254623063917321,19.613041073596484,24.4874432740233,80.13047760847223,0.0109205223657577,0.0119969746219278,0.1212222896072751,0.0675421398664491,-0.7890868523804836,1.4496919028904849,50.330871491875925,3.594865249619557,0.0,0.0,0.0344068755146233,0.0684738432145902,0.2102199146139187,0.6944053747729787,0.1490085533699222,0.91098332168897,0.0088932777369172,0.912504484992146,0.0528178589855604,0.0442423676431942,-0.0173534252795277,93486000.0,202275000.0,43209000.0,344585000.0,0.0,109138500.0,0.0,0.0,43.80893200769725,0.0,0.0,2.054375577660441,0.0,0.0627122244353252,0.1202584331309003,2008-10-20,0.04679,bmo,273015200.0,2025-04-25,2008-09-30,0.068604402650139,4.2407546875,10310380.28125
2008-06-30,NFLX,USD,1065280,2008-08-11,2008-08-11 14:59:31,2008,Q2,337614000.0,230087000.0,107527000.0,0.3184909394,22186000,13419000.0,39984000.0,53403000.0,49647000.0,73326000.0,303413000.0,0.0,0.0,65602000.0,34201000.0,0.1013020787,34201000.0,0.1013020787,1723000.0,35924000.0,0.1064055401,9345000.0,26579000.0,0.0787260007,0.0615,0.0595,432474000,446999000,https://www.sec.gov/Archives/edgar/data/1065280/000119312508173275/0001193125-08-173275-index.htm,https://www.sec.gov/Archives/edgar/data/1065280/000119312508173275/d10q.htm,0.7806573343137391,0.0614580298468809,0.1809750412741575,-0.1334022392097559,0.724815827078622,0.9005443101781841,0.9005443101781841,0.9005443101781841,0.0915916332542534,1610662918.2,1505984918.2,15.149769726099551,4.770723128187813,20.57908081566944,-27.917822234933183,4.135609939352235,4.135609939352235,4.460670819930454,44.03335920587117,19.241633360164567,-26.10342534102924,0.0165019009872676,-0.035819412831876,0.1017069701280227,0.0613151544140069,-3.060670740621619,1.7487547291079333,0.0,2.948464870973818,0.0,0.0,0.0397465744903943,0.0657140995337871,0.0,1.737130591437004,0.4027084184897546,2.0724977897015333,0.0086045009981813,1.1159201492942126,0.0572914661252218,0.0411424980225162,0.1315755398012366,153777000.0,389462000.0,102593000.0,410258000.0,0.0,111784000.0,0.0,0.0,42.636046365070605,0.0,0.0,2.1108899082568806,0.0,0.0682454257411506,0.3143772804839135,2008-07-25,0.06,bmo,337614000.0,2025-04-25,2008-06-30,0.0,4.630628125,10850894.46875
2008-03-31,NFLX,USD,1065280,2008-05-06,2008-05-05 20:59:46,2008,Q1,326183000.0,222805000.0,103378000.0,0.3169325195,20516000,13816000.0,54936000.0,68752000.0,66400000.0,88435000.0,311240000.0,7660000.0,7660000.0,64068000.0,87124000.0,0.2671015963,14943000.0,0.0458117069,7660000.0,22603000.0,0.0692954568,9225000.0,13344000.0,0.0409095508,0.0304,0.0295,439432000,453880000,https://www.sec.gov/Archives/edgar/data/1065280/000119312508102742/0001193125-08-102742-index.htm,https://www.sec.gov/Archives/edgar/data/1065280/000119312508102742/d10q.htm,0.7422832201569298,0.0303664730834349,0.1769261228130859,0.1486373318283602,0.6724476141928671,0.8088464199239017,0.4780534872289683,0.8088464199239017,0.017431593511624,2175188400.0,2006199400.0,40.752180755395685,6.66861363099855,27.97777920691474,33.30253536652581,6.119826802801091,6.119826802801091,6.150533289595105,23.02694320738258,25.804203377622287,30.71528262600281,0.0061346410269565,0.0300277438037091,0.0,0.0,-1.9396377576787107,1.437064908972348,1.9507832898172324,5.811556286440425,0.0,0.0,0.0423565912386605,0.062897208009001,0.2481926929131707,0.1598904137780236,0.0381105085182244,0.1940282200162327,0.0095958403718158,0.7433981392115317,0.0246555432622319,0.0303054390359672,0.1484871379417065,99198000.0,210072000.0,95917000.0,331556000.0,0.0,109506500.0,0.0,0.0,46.278674176970895,0.0,0.0,1.94474024160324,0.0,0.0375429405823319,0.0282887909847257,2008-04-21,0.02943,bmo,326183000.0,2025-04-25,2008-03-31,0.0193679918450559,4.044780327868852,14512411.360655738
2007-12-31,NFLX,USD,1065280,2008-02-28,2008-02-27 19:42:30,2007,Q4,302355000.0,200050000.0,102305000.0,0.3383605365,18557000,52532000.0,218280000.0,65323000.0,0.0,82184000.0,282234000.0,0.0,20340000.0,60817000.0,80938000.0,0.2676919515,20121000.0,0.0665476013,4929000.0,25050000.0,0.0828496304,9274000.0,15776000.0,0.0521770766,0.0359,0.0359,439432000,439432000,https://www.sec.gov/Archives/edgar/data/1065280/000119312508040378/0001193125-08-040378-index.htm,https://www.sec.gov/Archives/edgar/data/1065280/000119312508040378/d10k.htm,0.6880586757450528,0.0359008902401281,0.1959165468149793,0.1722200476979373,0.8764541499026015,0.8951100511569481,0.593686850297657,0.9802404012452438,0.1282109632434597,1671115952.8000002,1529676952.8000002,26.4819338362069,5.526999562765623,19.41081578776193,22.081633647379064,3.879558519694765,3.879558519694765,5.059208390137422,18.899366833872843,17.767933754588118,20.212700389804308,0.0094403981803697,0.0452865044302867,0.083575353628215,0.0556397020184847,-1.7474980849539152,1.959449796778564,0.9892330383480826,5.457150101419878,0.0,0.0,0.1737427857981511,0.0613748739065006,0.2047154647460665,0.1209520048320401,0.0344396487572555,0.171218573754049,0.0396090688098427,0.8898363999724925,0.0268619135063432,0.030658906066289,0.2991634655646379,203956000.0,260885000.0,162852000.0,413737000.0,0.0,96969500.0,0.0,0.0,46.98850287428142,0.0,0.0,1.915362152328977,0.0,0.0366245771899644,0.023696499117042,2008-01-23,0.01787,bmo,201570000.0,2025-04-25,2007-12-31,0.6787912702853944,3.472184375,9119068.109375
2007-09-30,NFLX,USD,1065280,2007-11-02,2007-11-02 14:37:53,2007,Q3,293972000.0,194453000.0,99519000.0,0.3385322412,18216000,12895000.0,49166000.0,62061000.0,58286000.0,77967000.0,272420000.0,0.0,0.0,54037000.0,21552000.0,0.0733131046,21552000.0,0.0733131046,5089000.0,26641000.0,0.0906242771,10909000.0,15732000.0,0.0535153008,0.0338,0.033,465283000,476630000,https://www.sec.gov/Archives/edgar/data/1065280/000119312507233664/0001193125-07-233664-index.htm,https://www.sec.gov/Archives/edgar/data/1065280/000119312507233664/d10q.htm,0.6318133265131114,0.0338116802032311,0.1516947750078984,0.1357646851486084,0.8299916394968223,0.93370701272129,0.6881489330149608,0.93370701272129,0.0,1410458886.2,1230654886.2,22.41385211988304,4.797936151062006,19.983549201626506,22.32833963178141,3.246628716180445,3.246628716180445,4.186299668675929,57.101655818485526,17.436064751136993,19.48194345644224,0.0111538167853899,0.044786133518707,0.0,0.0,-8.342798812175204,2.2270859065547937,0.0,4.486460717009916,0.0,0.0,0.0438647218102404,0.0619650851101465,0.1830415718114633,0.1050140972783043,0.0252132856190385,0.1371652756444658,0.0105894438926156,0.8428105158616894,0.0291656113461098,0.0308505068213506,0.4221559781896179,230486000.0,320184000.0,228559000.0,416356000.0,0.0,80125500.0,0.0,0.0,41.42111461381413,0.0,0.0,2.1728048807741303,0.0,0.0362123018704625,0.0159300898592899,2007-10-22,0.01935,bmo,195981333.0,2025-04-25,2007-09-30,0.5503875968992248,2.626490476190476,10361821.0
2007-06-30,NFLX,USD,1065280,2007-08-06,2007-08-06 15:02:09,2007,Q2,303693000.0,196693000.0,107000000.0,0.3523294906,18907000,13847000.0,45255000.0,59102000.0,48436000.0,68727000.0,265420000.0,0.0,0.0,56147000.0,38273000.0,0.1260252953,38273000.0,0.1260252953,4972000.0,43245000.0,0.1423970918,17665000.0,25494000.0,0.0839466171,0.0537,0.0523,476217000,489237000,https://www.sec.gov/Archives/edgar/data/1065280/000119312507171865/0001193125-07-171865-index.htm,https://www.sec.gov/Archives/edgar/data/1065280/000119312507171865/d10q.htm,0.6377197790083092,0.0535344181329099,0.1514456644764886,-0.0024862615152336,0.7936549934168666,0.9325181587385584,0.693337281113442,0.9325181587385584,0.0,1319121090.0,1134939090.0,12.93560337726524,4.343600576898381,18.29038823643599,-1114.1225422297298,2.9704515392462185,2.9704515392462185,3.737126275548004,29.65377916546913,15.73659669167094,-958.563420608108,0.0193265047411227,-0.0008975673340193,0.0,0.0,-4.81232200245604,2.458017278022905,0.0,2.819429241594996,0.0,0.0,0.0455953874471917,0.0622569502754426,0.1860231912461211,1.0164168550075567,0.2413786290760735,1.3055906816036476,0.009279107519765,1.0598305916961115,0.0508436399471035,0.0511518906576671,0.4404147688973724,243537000.0,330179000.0,242351000.0,424794000.0,0.0,82358000.0,0.0,0.0,32.37598694412104,0.0,0.0,2.779838037225999,0.0,0.0574084457565173,0.1539319259917222,2007-07-23,0.03055,bmo,250546722.0,2025-04-25,2007-06-30,0.6366612111292963,3.140885714285714,11825631.0
2007-03-31,NFLX,USD,1065280,2007-05-07,2007-05-04 21:42:16,2007,Q1,305320000.0,194972000.0,110348000.0,0.3614175291,15715000,12188000.0,72138000.0,84326000.0,82049000.0,99133000.0,294105000.0,0.0,0.0,53985000.0,11215000.0,0.0367319534,11215000.0,0.0367319534,5350000.0,16565000.0,0.0542545526,6701000.0,9864000.0,0.0323070876,0.0205,0.0199,480851000,494704000,https://www.sec.gov/Archives/edgar/data/1065280/000119312507103250/0001193125-07-103250-index.htm,https://www.sec.gov/Archives/edgar/data/1065280/000119312507103250/d10q.htm,0.6349576064103017,0.0205136310416324,0.1310780262492955,-0.0489236790606653,0.8068674079912489,0.8988314467475372,0.6614668577168396,0.8988314467475372,0.0,1593011277.9,1374553277.9,40.37437342609489,5.217513683676144,25.27425911723175,-67.715676,3.68578559638504,3.68578559638504,4.502008639787764,122.5638232634864,21.80826727220803,-58.42946983634432,0.0061920465578895,-0.014767629285721,0.0,0.0,-19.479090503789568,2.2234027571314567,0.0,6.389801297648013,0.0,0.0,0.0399187737455784,0.0514705882352941,0.1825870646766169,1.373240889114535,0.2834861784357395,1.603297212188571,0.0091805319009563,0.6440975663763236,0.0154093037867339,0.019304346805017,0.4056911600474991,234552000.0,318067000.0,233367000.0,413141000.0,0.0,93911500.0,0.0,0.0,43.37192007057424,0.0,0.0,2.0750752988005408,0.0,0.022822556015215,0.1800017053099608,2007-04-18,0.02252,bmo,305320000.0,2025-04-25,2007-03-31,-0.1119005328596802,3.2549934426229505,14040593.114754098
2006-12-31,NFLX,USD,1065280,2007-02-28,2007-02-28 16:40:18,2006,Q4,277233000.0,169348000.0,107885000.0,0.3891491994,13201000,13812000.0,47566000.0,77300000.0,1387000.0,89197000.0,258545000.0,0.0,0.0,50115000.0,68803000.0,0.2481775258,18688000.0,0.0674090025,5064000.0,23752000.0,0.0856752263,8892000.0,14860000.0,0.0536011225,0.0309,0.0309,479430000,480851000,https://www.sec.gov/Archives/edgar/data/1065280/000119312507042689/0001193125-07-042689-index.htm,https://www.sec.gov/Archives/edgar/data/1065280/000119312507042689/d10k.htm,0.5782554283211313,0.0309951400621571,0.1816970152055566,0.0402519658761445,0.8352209915941847,0.863965542414951,0.6451473624929603,0.863965542414951,0.0,1771158249.0,1370728249.0,29.797413341184388,6.388699213297119,20.33219971071392,91.77936827650534,4.275980717556994,4.275980717556994,4.9443184938301,19.92250699824136,15.73542088829195,71.02954964245,0.0083899900013959,0.0108956949560524,0.0,0.0,-5.819949711495139,2.214653109120328,0.0,5.862113055181696,0.0,0.0,0.0498209087662724,0.0476169864337939,0.1723252608910623,0.7784665541665232,0.2446065223115574,1.3531477601516513,0.0516785519761356,0.776222579168277,0.0281504963583824,0.0294916754486763,0.4293890661827587,234971000.0,309303000.0,233850000.0,395382000.0,0.0,87916000.0,0.0,0.0,49.884025793041545,0.0,0.0,1.8041847779766471,0.0,0.0358754354664651,0.141445049329412,2007-01-24,0.0208,bmo,184822000.0,2025-04-25,2006-12-31,0.4423076923076923,3.8339,8344386.555555556
2006-09-30,NFLX,USD,1065280,2006-11-09,2006-11-09 16:03:26,2006,Q3,255950000.0,158793000.0,97157000.0,0.3795936706,11929000,9948000.0,59367000.0,69315000.0,66641000.0,80102000.0,238895000.0,0.0,0.0,40344000.0,17055000.0,0.0666341082,17055000.0,0.0666341082,4687000.0,21742000.0,0.0849462786,8961000.0,12781000.0,0.0499355343,0.0268,0.026,476567000,492415000,https://www.sec.gov/Archives/edgar/data/1065280/000119312506230314/0001193125-06-230314-index.htm,https://www.sec.gov/Archives/edgar/data/1065280/000119312506230314/d10q.htm,0.5370703384833612,0.0268188943002767,0.1192319233182322,0.0398181158158244,0.7737443003816882,0.8120642008363986,0.6169038141541483,0.8120642008363986,0.0,1550891988.1,1182150988.1,30.33588897777952,6.059355296346944,27.293864842842563,81.72913090746206,4.007441772027607,4.007441772027607,4.618679383082634,69.31404210495457,20.804459330892968,62.29716421268972,0.00824106391552,0.0122355393835308,0.0,0.0,-21.62069774259748,2.4316170406568114,0.0,4.445818011110242,0.0,0.0,0.0388669662043367,0.046606759132643,0.168921201466053,0.6660448417866319,0.1478648173471381,0.9380824905810032,0.0123813244774369,0.700014242186241,0.0258321168384435,0.0279313004958619,0.4304746237150285,232612000.0,293996000.0,231503000.0,368783000.0,0.0,76376500.0,0.0,0.0,46.45746349020423,0.0,0.0,1.9372560023423773,0.0,0.0330255837810042,0.0794138075024078,2006-10-23,0.02064,bmo,170633333.0,2025-04-25,2006-09-30,0.4534883720930233,3.1044714285714288,10734074.444444444
2006-06-30,NFLX,USD,1065280,2006-08-09,2006-08-09 15:27:37,2006,Q2,239351000.0,150579000.0,88772000.0,0.3708862716,12043000,6773000.0,47031000.0,53804000.0,51372000.0,65284000.0,215863000.0,0.0,0.0,35775000.0,59263000.0,0.2475987149,23488000.0,0.098132032,3701000.0,27590000.0,0.1152700427,10553000.0,17037000.0,0.0711799825,0.0417,0.0352,408681000,484225000,https://www.sec.gov/Archives/edgar/data/1065280/000119312506167595/0001193125-06-167595-index.htm,https://www.sec.gov/Archives/edgar/data/1065280/000119312506167595/d10q.htm,0.5856670606169604,0.0416877711466889,0.1133084239296664,0.0065576819083833,0.8361093371113412,0.8964302230835297,0.8939368358206033,0.8964302230835297,0.0,1588583915.1,1246881915.1,23.31079290808241,6.63704732840055,34.30548113892068,592.7551922014926,4.336199181938781,4.336199181938781,5.209428475753184,21.03980417967366,26.926423976936537,465.2544459328359,0.0107246459176993,0.0016870370992213,0.0,0.0,-5.765857280259183,2.5466018014546505,0.0,2.7180254739684218,0.0,0.0,0.0282973540950319,0.0503152274275018,0.0019874705487681,0.9421253806120023,0.1822720606974694,1.2194828791055206,0.0128973766560407,0.9169672866301364,0.0394789906542592,0.0332953548319011,0.4779864980265781,224763000.0,365335000.0,223732000.0,324421000.0,0.0,74390500.0,0.0,0.0,42.30769230769231,0.0,0.0,2.127272727272727,0.0,0.0465042008549108,0.1067507420212831,2006-07-24,0.02228,bmo,239351000.0,2025-04-25,2006-06-30,0.3464991023339316,4.0888333333333335,8695805.666666666
2006-03-31,NFLX,USD,1065280,2006-05-09,2006-05-09 14:14:36,2006,Q1,224126000.0,148265000.0,75861000.0,0.3384747865,11206000,8292000.0,52968000.0,61260000.0,-1387000.0,71079000.0,219344000.0,0.0,0.0,30902000.0,35684000.0,0.1592140135,4782000.0,0.0213362127,2452000.0,7234000.0,0.0322764873,2830000.0,4404000.0,0.0196496614,0.0114,0.0095,386491000,465192000,https://www.sec.gov/Archives/edgar/data/1065280/000119312506105115/0001193125-06-105115-index.htm,https://www.sec.gov/Archives/edgar/data/1065280/000119312506105115/d10q.htm,0.5798996613116476,0.0113948319624519,0.1490901469891925,0.0244818119956221,0.5893151457601858,0.6152795278544649,0.4226747841476257,0.6152795278544649,0.0,1600613827.4,1372848827.4,90.86136622388736,7.141580304828534,27.777824917566207,169.16231530331854,6.730924421362489,6.730924421362489,6.125343902090789,38.47239175540859,23.82508117385721,145.09076594800254,0.002751444430012,0.0059114821064427,0.0,0.0,-6.382832642080484,1.655417452814897,0.0,13.084014532243415,0.0,0.0,0.0369970463043109,0.0499986614672104,0.1894412704067999,0.8357918850439069,0.2148791304890998,1.5584751796000258,0.0147684784451603,0.3971745884008234,0.0121956268060765,0.0138270984756911,0.1878957077913845,101087000.0,163360000.0,100175000.0,215615000.0,0.0,70743500.0,0.0,0.0,47.34522645263548,0.0,0.0,1.9009308169649728,0.0,0.0185197645079899,0.1246083349935703,2006-04-24,0.00875,bmo,224126000.0,2025-04-25,2006-03-31,0.0822857142857141,3.7375,9978403.693548389
2005-12-31,NFLX,USD,1065280,2006-03-16,2006-03-16 16:01:50,2005,Q4,189259000.0,170187000.0,19072000.0,0.100771958,4773000,9585000.0,49949000.0,13488000.0,9510000.0,16274000.0,186461000.0,0.0,0.0,27476000.0,30274000.0,0.1599606888,2798000.0,0.0147839733,1612000.0,4410000.0,0.0233014018,-33801000.0,38211000.0,0.2018979282,0.0989,0.0989,380807000,386491000,https://www.sec.gov/Archives/edgar/data/1065280/000119312506056663/0001193125-06-056663-index.htm,https://www.sec.gov/Archives/edgar/data/1065280/000119312506056663/d10k.htm,0.4969945405415341,0.1003421680798934,0.1673603689007817,0.1347611782346437,0.5573847119406944,0.5941382380050787,0.4431720005146964,0.5941382380050787,0.0,1472085619.9,1259829619.9,9.631294783570176,7.778153852128564,23.098060941128477,28.68556100978214,6.506398263440765,6.506398263440765,6.656643118160827,41.61424390235845,19.767614697483207,24.5494684106941,0.0259570499728104,0.0348607440397971,0.0,0.0,-7.011164695778556,1.771177509503078,0.0,1.6678966789667895,0.0,0.0,0.0506448834665722,0.0252194083240427,0.1576418842769434,0.1947844097156844,0.0655926534537327,0.4518124909011501,0.0876418030318241,1.158181840715628,0.1067558946042242,0.1243880048959608,0.1938698605855459,106104000.0,168763000.0,105262000.0,203806000.0,0.0,53721000.0,0.0,0.0,33.575948809250995,0.0,0.0,2.6804901482099823,0.0,0.1688869048671393,0.0325991906661379,2006-01-24,0.01735,bmo,189259000.0,2025-04-25,2005-12-31,0.1527377521613832,3.897211111111112,10568755.333333334
2005-09-30,NFLX,USD,1065280,2005-11-09,2005-11-09 17:04:13,2005,Q3,174317000.0,99067000.0,75250000.0,0.4316848041,8955000,8020000.0,32867000.0,60775000.0,60203000.0,69730000.0,168797000.0,0.0,0.0,27040000.0,5520000.0,0.0316664468,5520000.0,0.0316664468,1478000.0,6998000.0,0.0401452526,52000.0,6946000.0,0.0398469455,0.0185,0.015,375851000,462084000,https://www.sec.gov/Archives/edgar/data/1065280/000119312505221711/0001193125-05-221711-index.htm,https://www.sec.gov/Archives/edgar/data/1065280/000119312505221711/d10q.htm,0.4637928327981035,0.0184807277351929,0.0886202245038592,0.074175670678008,0.4839311322838039,0.475379871278778,0.4741320363654746,0.475379871278778,0.0,1395497177.9,1213611177.9,50.22664763532968,8.005513965361954,41.89675687222289,50.05549617633344,7.8103853871899345,7.8103853871899345,6.962093071243768,219.85709744565216,36.43602671730515,43.53137407726245,0.0049774375111618,0.0199778261407546,0.0,0.0,-32.95036231884058,1.9433750189863803,0.0,4.795277857759862,0.0,0.0,0.0460081346053454,0.0513719258592105,0.0016852196534699,0.1629938753452624,0.0311444093232444,0.2007766272189349,0.0188908712288531,0.4446017705403551,0.0305155896029872,0.0250006298747808,0.2188526836432522,93163000.0,178203000.0,92288000.0,124047000.0,0.0,50081000.0,0.0,0.0,39.92843227310809,0.0,0.0,2.254032900275307,0.0,0.0388757052028297,0.0144445538258512,2005-10-19,0.02227,bmo,116211333.0,2025-04-25,2005-09-30,0.3471037269869778,2.9656453125,10129801.828125
2005-06-30,NFLX,USD,1065280,2005-08-09,2005-08-08 19:37:43,2005,Q2,164497000.0,100311000.0,64186000.0,0.3901955659,7513000,4898000.0,26338000.0,52219000.0,50884000.0,59732000.0,160043000.0,0.0,0.0,28088000.0,4454000.0,0.0270764816,4454000.0,0.0270764816,1243000.0,5697000.0,0.0346328504,13000.0,5684000.0,0.0345538217,0.0153,0.0126,372330000,452144000,https://www.sec.gov/Archives/edgar/data/1065280/000119312505161122/0001193125-05-161122-index.htm,https://www.sec.gov/Archives/edgar/data/1065280/000119312505161122/d10q.htm,0.4418043133779174,0.0152660274487685,0.098015201568501,-0.0851260978164531,0.4591948003115516,0.4419010017994789,0.4415599065345258,0.4419010017994789,0.0,872853219.0,701881219.0,38.39079956896552,5.30619536526502,23.91771850167151,-27.539145575011837,5.3050343639269935,5.3050343639269935,4.266832945281677,157.58446766951056,19.23278399188908,-22.1448562549298,0.0065119769008951,-0.0363119471980775,0.0,0.0,-38.3861697350696,1.7639009766947105,0.0,6.420478536242083,0.0,0.0,0.0297756190082493,0.0456725654571208,0.0004725968265309,1.8684989313311773,0.4145303561767084,2.4276915408715465,0.0208088901317349,0.389598047376981,0.0268805357258465,0.0211614997710358,0.1793489646281524,78995000.0,164406000.0,78210000.0,106532000.0,0.0,54421500.0,0.0,0.0,50.4330532045339,0.0,0.0,1.7845439504723275,0.0,0.0345462612363477,0.1831412993849542,2005-07-25,,bmo,,2025-04-25,2005-06-30,,1.97018125,12065149.359375
2005-03-31,NFLX,USD,1065280,2005-05-10,2005-05-10 15:28:38,2005,Q1,154140000.0,94985000.0,59155000.0,0.3837744907,7155000,5007000.0,35803000.0,61783000.0,60102000.0,68938000.0,163923000.0,0.0,0.0,24398000.0,14615000.0,0.0948164007,-9783000.0,-0.0634682756,1013000.0,-8770000.0,-0.056896328,44000.0,-8814000.0,-0.0571817828,-0.0238,-0.0238,369712000,369712000,https://www.sec.gov/Archives/edgar/data/1065280/000119312505102632/0001193125-05-102632-index.htm,https://www.sec.gov/Archives/edgar/data/1065280/000119312505102632/d10q.htm,0.4169191154195698,-0.0238401783009477,0.0796376639113688,0.0611232526939888,0.4485166832561561,0.4114364694681265,0.410065131778249,0.4114364694681265,0.0,573053600.0,407231600.0,-16.25407306557749,3.717747502270663,19.463152532011005,25.35859810602708,3.76728879188498,3.76728879188498,2.641959257817569,27.86394799863154,13.831185680806984,18.02069209664572,-0.0153807601941598,0.0394343565767669,0.0,0.0,-11.346014368799178,1.7269587997142175,0.0,-3.3404810528704334,0.0,0.0,0.032483456597898,0.0464188400155702,0.001999353266399,0.2324831029446727,0.0444076813286622,0.280555783260923,0.0277604774879979,,-0.0643435619420163,-0.0348276202706707,0.1740625135240403,73260000.0,151606000.0,72567000.0,97402000.0,0.0,51203500.0,0.0,0.0,49.86976891088066,0.0,0.0,1.8047005623955008,0.0,-0.057943765490129,0.01851441121738,2005-04-21,-0.01521,bmo,462419999.0,2025-04-25,2005-03-31,0.5673898750821829,1.5260934426229509,9642849.426229509
2004-12-31,NFLX,USD,1065280,2005-03-15,2005-03-15 16:49:49,2004,Q4,143893000.0,78442000.0,65451000.0,0.4548588187,5890000,6737000.0,35783000.0,54872000.0,28198000.0,60762000.0,139204000.0,0.0,0.0,22809000.0,27498000.0,0.1911003315,4689000.0,0.0325867137,4390000.0,-20948000.0,-0.1455803965,16026000.0,5569000.0,0.0387023691,0.0151,0.0151,367906000,369712000,https://www.sec.gov/Archives/edgar/data/1065280/000119312505051159/0001193125-05-051159-index.htm,https://www.sec.gov/Archives/edgar/data/1065280/000119312505051159/d10k.htm,0.3911134909460568,0.0151370186949927,0.0884383511005528,0.0695721189651704,0.4741999315042429,0.4247905715046778,0.4221784912450463,0.4247905715046778,0.0001848298206607,648029628.4,473636628.4,29.090933219608548,4.503552142216786,19.91669878599748,25.317613236443197,4.14651387802896,4.14651387802896,3.291589086334985,17.224402807476906,14.556862292159694,18.50432209720269,0.008593742872143,0.0394981940304135,0.0004351081051681,0.0002700631073937,-6.34202487453633,1.9739331998735643,0.0,5.842521098940564,0.0,0.0,0.0468195117205145,0.040933193414551,0.0038166271500796,0.2133263669053692,0.0482372318319862,0.3043097023104915,0.0744928523277713,0.38036352809157,0.0527314868665257,0.0222021113733494,0.2145955760438807,92436000.0,155322000.0,91836000.0,112125000.0,0.0,48721500.0,0.0,0.0,57.109074220443134,0.0,0.0,1.5759316926167757,0.0,0.0356340740835535,0.0188662321353824,2005-01-24,0.01486,bmo,158282300.0,2025-04-25,2004-12-31,0.3458950201884253,1.73135,27459500.25
2004-09-30,NFLX,USD,1065280,2004-11-09,2004-11-09 15:35:49,2004,Q3,141644000.0,71601000.0,70043000.0,0.4945002965,6325000,4122000.0,22525000.0,45320000.0,44165000.0,51645000.0,123246000.0,0.0,0.0,22472000.0,18398000.0,0.1298890175,18398000.0,0.1298890175,527000.0,18925000.0,0.1336096128,0.0,18925000.0,0.1336096128,0.0518,0.0419,365477000,451143000,https://www.sec.gov/Archives/edgar/data/1065280/000119312504191186/0001193125-04-191186-index.htm,https://www.sec.gov/Archives/edgar/data/1065280/000119312504191186/d10q.htm,0.3875592718556845,0.051781644262156,0.1348046525499552,0.123408586586844,0.4591643249780424,0.3962492851807364,0.392377632518599,0.3962492851807364,0.0004487286477671,805109283.3000001,637459283.3000001,10.635525538969617,5.684033798113581,16.341424115044248,17.850459687825644,5.559379114072642,5.559379114072642,4.500432657225157,34.648292385041856,12.938606870585373,14.13341204132763,0.0235061256807644,0.0560209662657606,0.0011324402706808,0.0006959857747297,-9.11240352212197,1.954710505922728,0.0,2.60332892998679,0.0,0.0,0.0291011267685182,0.0446542034960887,0.006004999214894,0.0845376309166193,0.0294047047527604,0.1853417586329654,0.0,0.6794592624272309,0.1264719428614638,0.0807994125231617,0.2106753639763925,86239000.0,143405000.0,85752000.0,101303000.0,0.0,45110000.0,0.0,0.0,59.917040264800775,0.0,0.0,1.5020768649827976,0.0,0.1306794641624085,0.0113960659631112,2004-10-14,0.05,bmo,141644000.0,2025-04-25,2004-09-30,0.0,2.7813625,18770575.140625
2004-06-30,NFLX,USD,1065280,2004-08-02,2004-07-30 20:14:58,2004,Q2,120321000.0,69788000.0,50533000.0,0.4199848738,5652000,3280000.0,20477000.0,42264000.0,41043000.0,47916000.0,117704000.0,0.0,0.0,22918000.0,2617000.0,0.0217501517,2617000.0,0.0217501517,274000.0,2891000.0,0.0240273934,0.0,2891000.0,0.0240273934,0.008,0.0064,363286000,454825000,https://www.sec.gov/Archives/edgar/data/1065280/000119312504128377/0001193125-04-128377-index.htm,https://www.sec.gov/Archives/edgar/data/1065280/000119312504128377/d10q.htm,0.3312018629949956,0.0079579174534664,0.0879912795978925,0.0823538479324829,0.422377961165583,0.3355648167008913,0.3304228624279493,0.3355648167008913,0.000696421001635,1868343569.4,1715152569.4,161.56551101694913,15.527992365422495,58.44783737095664,62.448812400561536,15.326100187029349,15.326100187029349,14.254806471023349,655.3888304929309,53.6555267909654,57.3284500768768,0.0015473599435078,0.0160131147664708,0.002075369547028,0.001239023864677,-58.53687428353076,1.9377960638765444,0.0,11.0570736769284,0.0,0.0,0.0272604117319503,0.0469743436307876,0.0091482078229909,0.0640680723268472,0.0170211351301934,0.0893620734793612,0.0343580921036228,0.2451202460239644,0.0213566403891037,0.014288891634746,0.1958704711990002,76813000.0,120038000.0,76434000.0,89734000.0,0.0,42867500.0,0.0,0.0,54.87590989854989,0.0,0.0,1.64006392178981,0.0,0.023714993519597,0.0056374316654096,2004-07-15,0.02304,bmo,120321000.0,2025-04-25,2004-06-30,-0.1319444444444444,4.469696774193548,16592735.983870968
2004-03-31,NFLX,USD,1065280,2004-04-30,2004-04-30 17:18:04,2004,Q1,100370000.0,56627000.0,43743000.0,0.4358174753,5039000,3136000.0,26693000.0,45054000.0,43320000.0,50093000.0,106720000.0,0.0,0.0,20005000.0,13655000.0,0.1360466275,-6350000.0,-0.0632659161,560000.0,-5790000.0,-0.0576865597,0.0,-5790000.0,-0.0576865597,-0.0161,-0.0161,358974000,358974000,https://www.sec.gov/Archives/edgar/data/1065280/000119312504075632/0001193125-04-075632-index.htm,https://www.sec.gov/Archives/edgar/data/1065280/000119312504075632/d10q.htm,0.2796024224595653,-0.0161293018435875,0.0941572370143798,0.0891206605492319,0.4072774072774073,0.3162485305342448,0.3097800954943812,0.3162485305342448,0.0010028581457152,1749746968.2,1649918968.2,-75.55038722797926,17.432967701504435,51.76766178106509,54.69326607276819,15.41287794054173,15.41287794054173,16.43836772143071,120.82892480410106,48.814170656804734,51.57286097149287,-0.0033090498827703,0.0182837865025197,0.0031711076855318,0.0018825202763121,-7.310728670816551,1.9220387096774192,0.0,-5.837651122625216,0.0,0.0,0.0312443957357776,0.0502042442961044,0.0121422557822133,0.053491124260355,0.0180133506027697,0.0903774056485878,0.0441865099133207,,-0.0556563505210661,-0.0306493533992197,0.1908049050906193,71458000.0,111203000.0,71250000.0,84108000.0,0.0,37918500.0,0.0,0.0,68.63280767125224,0.0,0.0,1.3113262163351318,0.0,-0.0510019819423034,0.0050365764651478,2004-04-15,,bmo,,2025-04-25,2004-03-31,,4.745985483870968,33562129.20967742
2003-12-31,NFLX,USD,1065280,2004-02-27,2004-02-27 17:06:16,2003,Q4,81185000.0,44464000.0,36721000.0,0.4523126193,4840000,4658000.0,21031000.0,30348000.0,20373000.0,35188000.0,79652000.0,0.0,0.0,16675000.0,18208000.0,0.2242778838,1533000.0,0.0188827985,-1533000.0,-39182000.0,-0.4826261009,2095000.0,2271000.0,0.0279731477,0.0063,0.0063,355945590,358974000,https://www.sec.gov/Archives/edgar/data/1065280/000119312504031416/0001193125-04-031416-index.htm,https://www.sec.gov/Archives/edgar/data/1065280/000119312504031416/d10k.htm,0.2280826122891422,0.0063801886125348,0.0881005436814092,0.0233940249126278,0.3798080487526197,0.31664390054671,0.308361735848448,0.31664390054671,0.0012923323477613,1390501447.335,1301067447.335,153.07149354194186,17.127566020016012,44.34138356883192,166.9870838639366,12.337202748119031,12.337202748119031,16.02595858021802,71.45581323237039,41.48944313705794,156.2468412795725,0.0016332237584883,0.0059884871144573,0.0040813429392767,0.0026134581733063,-4.9117970123022845,2.204827115631794,0.0,13.808454425363276,0.0,0.0,0.0573751308739299,0.0596169243086777,0.0167488580324068,0.7344621958608374,0.2836977274126994,1.3812293853073463,0.108788569316992,0.2132031324609856,0.014240202296474,0.0131223131327139,0.2019606423554791,75927000.0,109760000.0,75642000.0,88647000.0,0.0,30556500.0,0.0,0.0,66.0952680820439,0.0,0.0,1.361670851963006,0.0,0.0201494126415161,0.0647065187687814,2004-01-21,0.00528,bmo,81185000.0,2025-04-25,2003-12-31,0.1988636363636363,3.5416640625,28273225.09375
2003-09-30,NFLX,USD,1065280,2003-10-31,2003-10-31 16:45:57,2003,Q3,72202000.0,38648000.0,33554000.0,0.4647239689,4738000,2678000.0,12183000.0,25960000.0,25036000.0,30698000.0,69346000.0,0.0,0.0,14214000.0,2856000.0,0.039555691,2856000.0,0.039555691,447000.0,3303000.0,0.0457466552,0.0,3303000.0,0.0457466552,0.0098,0.0075,337204000,440440000,https://www.sec.gov/Archives/edgar/data/1065280/000119312503070952/0001193125-03-070952-index.htm,https://www.sec.gov/Archives/edgar/data/1065280/000119312503070952/d10q.htm,0.2141196427088646,0.0097952574702553,0.0652008872967106,0.0205305986880345,0.3689369046630526,0.3109719932147898,0.2999875446317362,0.3109719932147898,0.0016488535130069,808325351.67384,729711351.67384,61.181149839073576,11.195331869945983,36.76545764003639,116.75940367959556,7.708541323026102,7.708541323026102,10.106525465691256,255.5011735552661,33.18981859700901,105.4039219520208,0.0040862259152955,0.008564620651405,0.0053022572739149,0.0034998489273844,-27.52591036414566,2.3826346746335543,0.0,6.656372994247653,0.0,0.0,0.0370903853078862,0.0656214509293371,0.0233155403363883,0.6851178022377877,0.2086230298329686,1.059729843815956,0.0,0.2617940825161849,0.0270249810749432,0.0212877030162412,0.2087875588664428,74047000.0,101157000.0,73599000.0,102778000.0,0.0,28234000.0,0.0,0.0,66.27276961291658,0.0,0.0,1.358023823746442,0.0,0.0314988413232755,0.044670288608676,2003-10-15,0.00387,bmo,72202000.0,2025-04-25,2003-09-30,0.9379844961240308,2.0935526684765624,13631054.3125
2003-06-30,NFLX,USD,1065280,2003-07-31,2003-07-31 17:17:14,2003,Q2,63187000.0,35241000.0,27946000.0,0.4422745185,4123000,2093000.0,9957000.0,20975000.0,20401000.0,25098000.0,60339000.0,0.0,0.0,11340000.0,2848000.0,0.0450725624,2848000.0,0.0450725624,465000.0,3313000.0,0.0524316711,0.0,3313000.0,0.0524316711,0.01,0.0077,331072000,431368000,https://www.sec.gov/Archives/edgar/data/1065280/000119312503027244/0001193125-03-027244-index.htm,https://www.sec.gov/Archives/edgar/data/1065280/000119312503027244/d10q.htm,0.1908557655132418,0.0100068867195051,0.0713439976802629,0.0126649188092016,0.3513586168567562,0.2960262420259037,0.2825035037695728,0.2960262420259037,0.0032953556930214,604205795.7936,534067795.7936,45.59355537229097,9.562185193055534,25.58026231132938,144.09868728681136,6.16498781496643,6.16498781496643,8.452178387858261,187.52380470280897,22.61082962716342,127.37128447259718,0.0054832310829599,0.006939688478977,0.0111319715119482,0.0072701829207343,-24.627106741573037,2.320596910657456,0.0,4.32679978017952,0.0,0.0,0.0331239020684634,0.065250763606438,0.0298337387132242,0.8224809483488569,0.3074524823144001,1.7131393298059965,0.0,0.2581700487546252,0.0286611383946542,0.0227559963733274,0.194114875314131,68053000.0,93529000.0,67526000.0,95991000.0,0.0,25113500.0,0.0,0.0,71.53060355835532,0.0,0.0,1.2582027205541075,0.0,0.033804052813093,0.0586790788710612,2003-07-17,0.00608,bmo,63187000.0,2025-04-25,2003-06-30,0.2631578947368421,1.5927296997857143,17384461.365079366
2003-03-31,NFLX,USD,1065280,2003-05-14,2003-05-14 17:14:29,2003,Q1,55669000.0,30007000.0,25662000.0,0.4609746897,4183000,2248000.0,13207000.0,26390000.0,0.0,30573000.0,60580000.0,0.0,0.0,8762000.0,3851000.0,0.0691767411,-4911000.0,-0.0882178591,390000.0,-4521000.0,-0.0812121648,-25482000.0,-4521000.0,-0.0812121648,-0.0142,-0.0142,318318000,318318000,https://www.sec.gov/Archives/edgar/data/1065280/000101287003002583/0001012870-03-002583-index.htm,https://www.sec.gov/Archives/edgar/data/1065280/000101287003002583/d10q.htm,0.1748848635641088,-0.0142027783537217,0.0402961818056157,0.0183998391545561,0.34660936547729,0.2860787011730408,0.2694758072116562,0.2860787011730408,0.0041342305493248,462697487.30205,397985487.30205,-25.58601455994525,8.3115825199312,36.07215150090044,78.9990587847106,5.081014311935013,5.081014311935013,7.149140227093175,103.34601072501948,31.02716826241912,67.95039906130272,-0.0097709629381425,0.0126583786615131,0.0144513748572432,0.0097029396368033,-16.8039470267463,2.5778638123434297,0.0,-2.837204158372041,0.0,0.0,0.0403815408934954,0.0751405629704144,0.0389665926903538,0.5433850471661339,0.1252043327525193,0.7954804839077836,0.0817690276455477,,0.2457309254166548,-0.0346851408580371,0.2066078575512537,69284000.0,85779000.0,68629000.0,89157000.0,0.0,21284000.0,0.0,0.0,66.63845102809344,0.0,0.0,1.350571608605635,0.0,-0.0496464025300887,0.0218963426510596,2003-04-17,-0.0071,bmo,52485289.0,2025-04-25,2003-03-31,1.0,1.0406898258196722,8008282.967213115
2002-12-31,NFLX,USD,1065280,2003-03-31,2003-03-31 16:05:01,2002,Q4,45188000.0,23390000.0,21798000.0,0.4823847039,3960000,10554000.0,25727000.0,20639000.0,19050000.0,24599000.0,47989000.0,0.0,0.0,8095000.0,5294000.0,0.1171549969,-2801000.0,-0.0619854829,2801000.0,-57363000.0,-1.2694299372,-19632000.0,-2315000.0,-0.0512304152,-0.0074,-0.0073,314241130,318318000,https://www.sec.gov/Archives/edgar/data/1065280/000095016803001155/0000950168-03-001155-index.htm,https://www.sec.gov/Archives/edgar/data/1065280/000095016803001155/d10k.htm,0.1438003993939303,-0.007366954160329,0.0458851455886758,0.0142406565302256,0.3297149548819405,0.284354883779854,0.2649621327418215,0.284354883779854,0.0053812179201366,247127955.82179704,189004955.82179704,-26.68768421401696,5.468884567181488,17.139049574991127,55.22412420598817,2.7656559808160286,2.7656559808160286,4.1826360056164695,35.70172947143881,13.108048812108818,42.23574431772001,-0.0093676168376083,0.0181080282282062,0.0189243027888446,0.0129548762736535,-10.979032867397054,2.648666699648741,0.0,-6.228509719222462,0.0,0.0,0.2335575816588475,0.0876338851022395,0.0466865854592813,0.6896456064914349,0.2200584225900681,1.228412600370599,0.1258298663361954,,-0.0201716923162319,-0.0186039409817094,0.1986881857254014,66649000.0,83262000.0,65901000.0,78363000.0,0.0,19249000.0,0.0,0.0,78.30269345874305,0.0,0.0,1.1493857493857491,0.0,-0.0259076055329244,0.0316444890584501,2003-01-15,-0.00331,bmo,57512567.0,2025-04-25,2002-12-31,1.1963746223564955,0.6751477623515625,5722133.390625
2002-09-30,NFLX,USD,1065280,2002-11-14,2002-11-14 16:48:28,2002,Q3,40731000.0,21496000.0,19235000.0,0.4722447276,3966000,17544000.0,9299000.0,17544000.0,0.0,21510000.0,43006000.0,0.0,580000.0,7047000.0,4772000.0,0.1171589207,-2275000.0,-0.0558542633,580000.0,-1695000.0,-0.0416144951,-6375000.0,-1695000.0,-0.0416144951,-0.0055,-0.0055,306908000,306908000,https://www.sec.gov/Archives/edgar/data/1065280/000102140802014175/0001021408-02-014175-index.htm,https://www.sec.gov/Archives/edgar/data/1065280/000102140802014175/d10q.htm,0.1327140380830737,-0.0055228276877761,0.0360824742268041,0.0152553859788601,0.3178085941063771,0.2844859045707508,0.2619970805583432,0.2844859045707508,0.0080023981127895,212643187.3566,160198187.3566,-31.363301969999995,5.220671904853797,19.20202161428572,45.41716944822725,2.43546846739357,2.43546846739357,3.933077689145859,33.57044999090528,14.4661538158389,34.21575979423323,-0.0079710994792299,0.0220181048741916,0.0214864106469975,0.015263573270847,-10.990150880134117,2.9004496377122893,-3.922413793103448,-6.533333333333333,0.0,0.0,0.4307284377992192,0.0973705531413419,0.0561562807651313,0.5772078743001625,0.1569320664849868,0.907052646516248,0.036016793105988,,0.070205381898287,-0.014611439162105,0.2018259543576576,66358000.0,80409000.0,65679000.0,86200000.0,0.0,15759500.0,0.0,0.0,75.98250837365092,0.0,0.0,1.1844831386378665,0.0,-0.0194133614321219,0.020827088247944,2002-11-14,,amc,,2025-04-25,2002-09-30,,0.940166470546875,3035049.359375
2002-06-30,NFLX,USD,1065280,2002-08-14,2002-08-14 14:55:55,2002,Q2,36360000.0,18092000.0,18268000.0,0.502420242,3518000,1638000.0,8054000.0,17292000.0,0.0,20810000.0,38902000.0,0.0,0.0,6255000.0,3713000.0,0.1021177118,-2542000.0,-0.0699119912,-10887000.0,-13429000.0,-0.3693344334,-7600000.0,-13429000.0,-0.3693344334,-0.0939,-0.0939,143024000,143024000,https://www.sec.gov/Archives/edgar/data/1065280/000101287002003483/0001012870-02-003483-index.htm,https://www.sec.gov/Archives/edgar/data/1065280/000101287002003483/d10q.htm,0.2542230674572099,-0.0938933325875377,0.0567457209978744,0.0271772569638662,0.6418433269940709,0.6061779841145541,0.5522709475332811,0.6061779841145541,0.0187031547152925,147008092.99176002,99924092.99176002,-2.7367654514811237,4.043126869960396,18.11336779100049,37.82045098836121,1.6956341898516694,1.6956341898516694,2.7481873760110016,26.911956097969306,12.311987800857567,25.70725314941086,-0.0913487123511813,0.0264407211936139,0.0308542296246741,0.0226891041408675,-12.680851063829786,3.1502685142213087,0.0,-0.6043636905205153,0.0,0.0,0.045049504950495,0.0967546754675467,0.0653955113742387,0.5210694923607688,0.1163091309130913,0.6760991207034373,0.0394939493949394,,-0.012308762450085,-0.1218735252477583,0.4236981205951449,64865000.0,78988000.0,63831000.0,85418000.0,0.0,14831500.0,0.0,0.0,66.5150342692903,0.0,0.0,1.3530775559045696,0.0,-0.1548939998615885,0.0295684640340082,2002-10-18,-0.04917,bmo,52369475.0,2025-04-25,2002-06-30,0.9094976611755136,1.0606308075,8541192.653846154
2002-03-31,NFLX,USD,1065280,2002-03-31,2002-03-30 19:00:00,2002,Q1,30527000.0,15158000.0,15369000.0,0.503455957,3181000,0.0,0.0,16242000.0,0.0,19423000.0,34581000.0,0.0,0.0,5080000.0,1026000.0,0.0336095915,-4054000.0,-0.1328004717,0.0,0.0,0.0,454000.0,-4508000.0,-0.1476725522,-0.0787,-0.0787,57316000,57316000,,,0.532608695652174,-0.0786516853932584,0.1134936143485239,0.0043443366599204,0.2734140554121013,-1.5854560681136158,-1.732430734873334,-1.5854560681136158,0.115011515109219,68574431.4255,59495431.425500005,-3.8029298705357135,2.24635343877551,10.54180344742506,275.39932299397594,-0.7546266333469055,-0.7546266333469055,1.9489445875945888,57.98774992738792,9.146107828670257,238.9374756044177,-0.0657387878585262,0.0036310909886364,-0.0725415969715644,0.1473401877514528,-8.848927875243664,0.6754045967632258,0.0,-1.4429902395740906,0.0,0.0,0.0,0.1042028368329675,0.1882878855610192,0.9617217524980785,0.2049333377010515,1.231496062992126,0.0,,,-0.1241326137239784,-2.0926268406727617,-9547000.0,-99296000.0,-115747000.0,13005000.0,,,,0.0,96.7330782425122,0.0,0.0,0.9303952860299534,0.0,0.049608240161986,0.1091492776886035,2002-03-30,,amc,,2025-04-25,2002-03-31,,,
