date,symbol,reportedCurrency,cik,fillingDate,acceptedDate,calendarYear,period,revenue,costOfRevenue,grossProfit,grossProfitRatio,researchAndDevelopmentExpenses,generalAndAdministrativeExpenses,sellingAndMarketingExpenses,sellingGeneralAndAdministrativeExpenses,otherExpenses,operatingExpenses,costAndExpenses,interestIncome,interestExpense,depreciationAndAmortization,ebitda,ebitdaratio,operatingIncome,operatingIncomeRatio,totalOtherIncomeExpensesNet,incomeBeforeTax,incomeBeforeTaxRatio,incomeTaxExpense,netIncome,netIncomeRatio,eps,epsdiluted,weightedAverageShsOut,weightedAverageShsOutDil,link,finalLink,revenuePerShare,netIncomePerShare,operatingCashFlowPerShare,freeCashFlowPerShare,cashPerShare,bookValuePerShare,tangibleBookValuePerShare,shareholdersEquityPerShare,interestDebtPerShare,marketCap,enterpriseValue,peRatio,priceToSalesRatio,pocfratio,pfcfRatio,pbRatio,ptbRatio,evToSales,enterpriseValueOverEBITDA,evToOperatingCashFlow,evToFreeCashFlow,earningsYield,freeCashFlowYield,debtToEquity,debtToAssets,netDebtToEBITDA,currentRatio,interestCoverage,incomeQuality,dividendYield,payoutRatio,salesGeneralAndAdministrativeToRevenue,researchAndDdevelopementToRevenue,intangiblesToTotalAssets,capexToOperatingCashFlow,capexToRevenue,capexToDepreciation,stockBasedCompensationToRevenue,grahamNumber,roic,returnOnTangibleAssets,grahamNetNet,workingCapital,tangibleAssetValue,netCurrentAssetValue,investedCapital,averageReceivables,averagePayables,averageInventory,daysSalesOutstanding,daysPayablesOutstanding,daysOfInventoryOnHand,receivablesTurnover,payablesTurnover,inventoryTurnover,roe,capexPerShare,report_date,epsEstimated,time,revenueEstimated,updatedFromDate,fiscalDateEnding,surprise(%),QuarterAvgPrice,QuarterAvgVolume
2024-12-31,NI,USD,1111711,2025-02-12,2025-02-12 06:45:16,2024,Q4,1587800000.0,798300000.0,789500000.0,0.4972288701,0,3300000.0,0.0,3300000.0,369400000.0,372700000.0,1171000000.0,2600000.0,137000000.0,278100000.0,708000000.0,0.4458999874,416800000.0,0.2625015745,-123900000.0,292900000.0,0.1844690767,48600000.0,223900000.0,0.141012722,0.49,0.49,469822472,469900000,https://www.sec.gov/Archives/edgar/data/1111711/000111171125000008/0001111711-25-000008-index.htm,https://www.sec.gov/Archives/edgar/data/1111711/000111171125000008/nix-20241231.htm,3.379574402307432,0.4765629856887731,1.1489446166806598,-0.5304131131471294,0.3333173897224737,22.70708754007833,19.544403572079457,18.48400303849238,30.00558900469112,17270674070.719997,31074374070.72,19.28391477302367,10.877109252248392,31.994579604890696,-69.30447058876403,1.9887466975334511,1.9887466975334511,19.570710461468696,43.89035885694915,57.5664580783994,-124.69652516340288,0.0129641726248306,-0.0144290836003027,1.607551645517146,0.4391674872043312,19.49675141242938,0.5057130354451306,3.0423357664233577,2.209578387228817,0.007179800828401,0.5538186690486825,0.0020783473989167,0.0,0.0467439073112265,1.4616524638755095,0.4969139690137297,2.837108953613808,0.0,14.07827449294999,0.0114972269885439,0.0073889024559272,-42.59316272125868,-2033200000.0,9182400000.0,-19039600000.0,24906600000.0,802200000.0,738850000.0,390200000.0,57.243355586345885,97.3055242390079,43.86696730552424,1.5722348747400732,0.9249217935349322,2.05165767154973,0.0257824554938854,1.679357729827789,2025-02-12,0.4791,bmo,1775457814.0,2025-05-11,2024-12-31,0.0227509914422875,35.9040625,3377504.765625
2024-09-30,NI,USD,1111711,2024-10-30,2024-10-30 06:36:09,2024,Q3,1076300000.0,523300000.0,553000000.0,0.5137972684,0,5900000.0,0.0,5900000.0,328800000.0,334700000.0,858500000.0,3400000.0,134600000.0,269500000.0,517000000.0,0.480349345,218300000.0,0.2028244913,-105400000.0,112900000.0,0.1048964043,15900000.0,85700000.0,0.07962464,0.19,0.19,451900000,454500000,https://www.sec.gov/Archives/edgar/data/1111711/000111171124000042/0001111711-24-000042-index.htm,https://www.sec.gov/Archives/edgar/data/1111711/000111171124000042/nix-20240930.htm,2.3817216198273954,0.1896437264881611,0.8851515822084532,-0.6521354281920779,0.2792653241867669,22.85638415578668,19.568267315777828,18.466474883823857,30.42509404735561,15658335000.0,29146635000.0,45.67775670945157,14.548299730558394,39.1458375,-53.13313539192399,1.8763732774116235,1.8763732774116235,27.080400445972312,56.37647001934236,72.8665875,-98.90273159144893,0.0054731234195717,-0.0188206472782706,1.6314559616536848,0.4416263084653287,26.08955512572534,0.4636350595323483,1.6218424962852898,4.678362573099415,0.0076061726869427,1.3897316219369895,0.0054817430084548,0.0,0.0481995322449323,1.58675,0.5897054724519186,2.3551020408163263,0.0004645544922419,8.876719552939516,0.006496399284541,0.0029207080587004,-43.6635870767869,-1869500000.0,8842900000.0,-18883300000.0,24497800000.0,615750000.0,599300000.0,382250000.0,49.71197621481,105.702274030193,67.2979170647812,1.8104289318755256,0.8514480963228116,1.337337081523128,0.0102696225284601,1.404514273069263,2024-10-30,0.16,bmo,985996641.0,2025-04-25,2024-09-30,0.25,31.9096875,3948224.6875
2024-06-30,NI,USD,1111711,2024-08-07,2024-08-07 06:35:14,2024,Q2,1084700000.0,418200000.0,666500000.0,0.6144556098,0,2100000.0,355600000.0,357700000.0,-67300000.0,425000000.0,843200000.0,1900000.0,129300000.0,253500000.0,492900000.0,0.454411358,241500000.0,0.2226422052,-116300000.0,120700000.0,0.1112750069,17600000.0,85800000.0,0.079100212,0.19,0.19,448500000,450200000,https://www.sec.gov/Archives/edgar/data/1111711/000111171124000032/0001111711-24-000032-index.htm,https://www.sec.gov/Archives/edgar/data/1111711/000111171124000032/nix-20240630.htm,2.4185061315496097,0.1913043478260869,0.9879598662207358,-0.4162764771460424,0.303010033444816,21.894314381270902,18.581270903010036,17.54515050167224,30.337346711259755,12871950000.0,26213050000.0,37.50568181818181,11.86682953812114,29.049763033175356,-68.94456347080879,1.6357796416317194,1.6357796416317194,24.166174979256937,53.181274092107934,59.15831640713157,-140.40198178896625,0.0066656567186789,-0.0145044068692,1.7126699707713813,0.4507719683185272,27.06654493812132,0.7750398724082934,1.867749419953596,5.188524590163935,0.0092759838252945,1.3916083916083917,0.0019360191758089,0.0,0.0496996414427914,1.4213495824870233,0.5806213699640453,2.4844181459566075,0.0,8.690249157546715,0.0073523690484623,0.003019882653977,-42.982720178372354,-564200000.0,8333700000.0,-18134200000.0,24534300000.0,762900000.0,598250000.0,348400000.0,52.85332349958514,125.68149210903871,80.31563845050215,1.7028257456828886,0.7160958904109589,1.1205787781350482,0.0109035455585207,1.4042363433667782,2024-08-07,0.17,bmo,905260838.0,2025-04-25,2024-06-30,0.2352941176470586,28.207936507936505,4257977.73015873
2024-03-31,NI,USD,1111711,2024-05-08,2024-05-08 06:38:04,2024,Q1,1706300000.0,803400000.0,902900000.0,0.5291566548,0,2200000.0,0.0,2200000.0,-2400000.0,321700000.0,1125100000.0,2500000.0,116300000.0,242100000.0,823300000.0,0.4825060071,583400000.0,0.3419093946,-107100000.0,476300000.0,0.2791420032,76000000.0,365000000.0,0.2139131454,0.77,0.77,447900000,449400000,https://www.sec.gov/Archives/edgar/data/1111711/000111171124000021/0001111711-24-000021-index.htm,https://www.sec.gov/Archives/edgar/data/1111711/000111171124000021/nix-20240331.htm,3.8095557043983033,0.8149140433132396,1.0185309220808216,-0.2976110739004242,0.228175932127707,21.868497432462604,18.551015851752624,17.6287117660192,29.219022103148024,12308292000.0,25176992000.0,8.43033698630137,7.213439606165387,26.980035072336698,-92.3352738184546,1.558820653757013,1.558820653757013,14.75531383695716,30.5805805903073,55.18849627356423,-188.87465866466616,0.0296548050696229,-0.0108300973035088,1.6427386365075545,0.4421179285638811,15.630632819142477,0.659264,5.016337059329321,1.139645266050462,0.010293873431017,0.3471232876712328,0.0012893395065346,0.0,0.0506474516072956,1.2921964050854888,0.3454843814100685,2.434944237918216,0.0,17.978665346241186,0.0178402515890603,0.0131048893803721,-41.55525787006028,-1064800000.0,8309000000.0,-17483000000.0,23367200000.0,908400000.0,680950000.0,413400000.0,46.88038445759831,68.61463778939508,36.25093353248693,1.9197794779477948,1.3116734693877552,2.4826946847960447,0.0462265226256664,1.3161419959812457,2024-05-08,0.83,bmo,2365494139.0,2025-04-25,2024-03-31,0.0240963855421686,26.28819672131148,4429054.377049181
2023-12-31,NI,USD,1111711,2024-02-21,2024-02-21 07:09:51,2023,Q4,1422000000.0,728000000.0,694000000.0,0.488045007,0,5800000.0,387200000.0,393000000.0,5200000.0,328000000.0,1056000000.0,2700000.0,152600000.0,257300000.0,626000000.0,0.4402250352,362600000.0,0.2549929677,-134900000.0,227700000.0,0.1601265823,35800000.0,237400000.0,0.1669479606,0.53,0.5,421826611,449300000,https://www.sec.gov/Archives/edgar/data/1111711/000111171124000011/0001111711-24-000011-index.htm,https://www.sec.gov/Archives/edgar/data/1111711/000111171124000011/nix-20231231.htm,3.3710533259837416,0.5627904779103658,0.9463603992494444,-0.8558018640507249,5.323040181549855,24.029541370020397,20.507004002172827,19.60426342092486,33.8539571179401,11199496522.05,23081996522.050003,11.793909564079613,7.875876597784811,28.05485100713928,-31.023536072160667,1.354297247998694,1.354297247998694,16.232065064732772,36.87219891701278,57.82063257026554,-63.93904853753463,0.0211973814655505,-0.0322335918663173,1.7084139498887492,0.4546065926145212,18.981629392971247,0.854570663425196,2.376146788990826,2.0802501302761853,0.0105094010046137,0.495787700084246,0.0040787623066104,0.0,0.047813187803277,1.904308617234469,0.5345991561181435,2.9545277885736496,0.0168073136427566,15.755779496559908,0.0105766982085198,0.008022628272499,-42.0739221689359,-765700000.0,8650400000.0,-16441500000.0,22995100000.0,767700000.0,698800000.0,522350000.0,58.734177215189874,92.6456043956044,62.2087912087912,1.5323275862068966,0.971443821724046,1.4467408585055643,0.0287075553835735,1.802162263300169,2024-02-21,0.54,bmo,1694570000.0,2025-04-25,2023-12-31,-0.0185185185185185,25.70142857142857,5984056.19047619
2023-09-30,NI,USD,1111711,2023-11-01,2023-11-01 07:49:53,2023,Q3,1027400000.0,522500000.0,504900000.0,0.4914346895,0,9800000.0,331400000.0,341200000.0,-4300000.0,272100000.0,794600000.0,2700000.0,129200000.0,210900000.0,433900000.0,0.4223282071,233000000.0,0.2267860619,-130800000.0,102200000.0,0.0994744014,3800000.0,85100000.0,0.0828304458,0.19,0.17,413500000,448300000,https://www.sec.gov/Archives/edgar/data/1111711/000111171123000041/0001111711-23-000041-index.htm,https://www.sec.gov/Archives/edgar/data/1111711/000111171123000041/nix-20230930.htm,2.4846432889963723,0.2058041112454655,0.8340991535671101,-0.9160822249093108,0.1354292623941959,18.78911729141475,15.1956469165659,17.442321644498186,32.37533252720677,10205180000.0,23407180000.0,29.97996474735605,9.933015378625656,29.588808350246445,-26.940813093980992,1.414949254062448,1.414949254062448,22.782927778859257,53.94602442959207,67.86657002029574,-61.79297782470961,0.0083389024005456,-0.0371184045749315,1.8382230602850649,0.4764231966135072,30.42636552200968,0.4130227055558083,1.803405572755418,3.505081300813008,0.0109356228895521,1.3113983548766155,0.00953864123029,0.0,0.0533954765310009,2.0982893592345606,0.7043994549347868,3.431484115694642,0.0,8.98711766042532,0.0087360188053481,0.0032305455484145,-46.61813784764208,-2580000000.0,6283400000.0,-18243500000.0,20617900000.0,627050000.0,683300000.0,502100000.0,53.208098111738366,111.65167464114832,93.27272727272728,1.691471847217649,0.8060783708731872,0.9649122807017544,0.0117991237313515,1.7501813784764209,2023-11-01,0.16,bmo,1084000000.0,2025-04-25,2023-09-30,0.1875,27.023650793650795,4132605.73015873
2023-06-30,NI,USD,1111711,2023-08-02,2023-08-02 06:54:25,2023,Q2,1090000000.0,621400000.0,468600000.0,0.4299082569,0,4900000.0,364600000.0,369500000.0,-4200000.0,300000000.0,921400000.0,1800000.0,110500000.0,233100000.0,396800000.0,0.3640366972,168900000.0,0.1549541284,-108500000.0,60400000.0,0.055412844,14100000.0,58800000.0,0.0539449541,0.0965,0.0893,413300000,446800000,https://www.sec.gov/Archives/edgar/data/1111711/000111171123000026/0001111711-23-000026-index.htm,https://www.sec.gov/Archives/edgar/data/1111711/000111171123000026/nix-20230630.htm,2.637309460440358,0.1422695378659569,1.2281635615775466,-0.2351802564722961,0.3660779095088313,18.31938059520929,14.72417130413743,17.49431405758529,30.80716186789257,11303755000.0,23774555000.0,48.06018282312926,10.37041743119266,22.269020882584712,-116.2937757201646,1.5633650973666742,1.5633650973666742,21.811518348623853,59.91571320564516,46.83718479117415,-244.5941872427983,0.0052018112565249,-0.0085989124852759,1.7456987165302058,0.46160907265659,31.42842741935484,0.4538766132186155,1.5285067873303166,10.96328293736501,0.0108724932555597,2.0901360544217686,0.0044954128440366,0.0,0.0543415850817555,1.1914893617021276,0.5548623853211009,2.5945945945945947,0.0,7.483343468378815,0.0052055483566084,0.0022739753575323,-45.74068473263973,-2234300000.0,6085500000.0,-17915400000.0,20426800000.0,830800000.0,680300000.0,419500000.0,53.397247706422014,104.04892178950756,67.01480527840361,1.6854801298902118,0.8649777282850779,1.3429868165117786,0.0081323301615401,1.4633438180498428,2023-08-02,0.11,bmo,1015210000.0,2025-04-25,2023-06-30,0.0,27.756290322580647,3823047.064516129
2023-03-31,NI,USD,1111711,2023-05-03,2023-05-03 07:01:37,2023,Q1,1966000000.0,1156300000.0,809700000.0,0.4118514751,0,3500000.0,0.0,3500000.0,275200000.0,278700000.0,1435000000.0,1800000.0,108900000.0,206900000.0,739400000.0,0.376093591,531000000.0,0.2700915565,-107400000.0,423600000.0,0.2154628688,85800000.0,333000000.0,0.1693794507,0.77,0.71,412800000,447100000,https://www.sec.gov/Archives/edgar/data/1111711/000111171123000013/0001111711-23-000013-index.htm,https://www.sec.gov/Archives/edgar/data/1111711/000111171123000013/nix-20230331.htm,4.762596899224806,0.8066860465116279,1.6555232558139534,0.3059593023255814,0.2577519379844961,19.388808139534884,15.789244186046512,18.5906007751938,28.307897286821703,11541888000.0,23012088000.0,8.665081081081082,5.870746693794507,16.888920105355577,91.38470308788598,1.5039858226264626,1.5039858226264626,11.70502950152594,31.12265079794428,33.67294117647059,182.2018052256532,0.0288514322786705,0.010942750440829,1.5085090302572255,0.4310988802287953,15.512848255342169,0.5980444853976299,4.87603305785124,2.0230905861456483,0.0096431363742223,0.3342342342342342,0.0017802644964394,0.0,0.055333157069603,0.815188762071993,0.2833672431332655,2.692605123247946,0.0,18.369200048896648,0.0174554356019652,0.0131268773799856,-43.106286337209305,-1570400000.0,6517800000.0,-16513500000.0,20143100000.0,1092450000.0,770850000.0,564100000.0,46.46032553407935,49.98529793306236,29.289111822191472,1.9371366637107104,1.800529430084086,3.072814243954292,0.0433921451095879,1.349563953488372,2023-05-03,0.75,bmo,1866670000.0,2025-04-25,2023-03-31,0.0266666666666666,27.358064516129037,3927076.0967741935
2022-12-31,NI,USD,1111711,2023-02-22,2023-02-22 16:23:21,2022,Q4,1704600000.0,1054600000.0,650000000.0,0.3813211311,0,-10000000.0,0.0,-10000000.0,294500000.0,284500000.0,1339100000.0,11300000.0,112400000.0,216200000.0,614500000.0,0.3604951308,365500000.0,0.2144198052,-79600000.0,285900000.0,0.1677226329,44700000.0,244500000.0,0.1434354101,0.0,0.0,0,0,https://www.sec.gov/Archives/edgar/data/1111711/000111171123000006/0001111711-23-000006-index.htm,https://www.sec.gov/Archives/edgar/data/1111711/000111171123000006/nix-20221231.htm,0.0,0.0,0.0,0.0,0.0,0.0,0.0,0.0,0.0,0.0,11486100000.0,0.0,0.0,0.0,0.0,0.0,0.0,6.738296374516016,18.69178193653377,30.77733118971061,-37.426197458455526,,0.0,1.5216226205876917,0.4311281165144409,18.69178193653377,0.5545113185280549,3.251779359430605,1.5263803680981596,,0.4699386503067485,-0.0058664789393406,0.0,0.0555755032427459,1.822347266881029,0.3989792326645547,3.1456984273820536,0.0,,0.0129003576762909,0.0096828998800033,0.0,-2076200000.0,6415900000.0,-16250500000.0,19252300000.0,970700000.0,783000000.0,776000000.0,61.7740232312566,76.7637018774891,64.16745685567987,1.456923076923077,1.1724291272929406,1.4025801303364809,0.0322755234047047,0.0,2023-02-22,0.48,bmo,1385274033.0,2025-04-25,2022-12-31,0.0416666666666667,26.279047619047617,4761485.174603174
2022-09-30,NI,USD,1111711,2022-11-07,2022-11-07 06:41:08,2022,Q3,1089500000.0,678700000.0,410800000.0,0.3770536944,0,0.0,0.0,5300000.0,4000000.0,254400000.0,933100000.0,2100000.0,91600000.0,203200000.0,364900000.0,0.3349242772,156700000.0,0.1438274438,-81500000.0,75200000.0,0.0690224874,11700000.0,65800000.0,0.0603946765,0.13,0.12,406500000,443400000,https://www.sec.gov/Archives/edgar/data/1111711/000111171122000041/0001111711-22-000041-index.htm,https://www.sec.gov/Archives/edgar/data/1111711/000111171122000041/nix-20220930.htm,2.68019680196802,0.1618696186961869,0.3173431734317343,-1.1734317343173433,-0.3001230012300123,18.464206642066426,14.808856088560884,17.697170971709717,26.852644526445264,10239735000.0,21027935000.0,38.90476823708207,9.398563561266636,79.37779069767443,-21.46694968553459,1.423391345445447,1.423391345445447,19.30053694355209,57.62656892299261,163.0072480620155,-44.08372117400419,0.0064259475464941,-0.0465832367732172,1.504608070726588,0.4232026399336889,29.56481227733625,0.5698141187901102,1.710698689956332,2.031496062992126,0.0101076834507924,1.5729483282674772,0.0,0.0,0.0580965264853536,4.697674418604652,0.5562184488297384,2.982283464566929,0.0,8.028341804931907,0.005761025676037,0.002731367136423,-42.34710947109471,-1682500000.0,6019800000.0,-15842100000.0,18794400000.0,810300000.0,658400000.0,645850000.0,63.72280862781092,88.38220126712834,106.09842345660822,1.4123671247083225,1.018304576144036,0.8482689663792026,0.0091466381239661,1.4907749077490775,2022-11-07,0.11,bmo,1020622644.0,2025-04-25,2022-09-30,-0.0909090909090908,29.45453125,3645339.109375
2022-06-30,NI,USD,1111711,2022-08-03,2022-08-03 13:54:44,2022,Q2,1183200000.0,765600000.0,417600000.0,0.3529411765,0,0.0,0.0,381900000.0,274300000.0,274300000.0,1039900000.0,600000.0,84500000.0,208700000.0,356700000.0,0.3014705882,143300000.0,0.121112238,-75500000.0,67800000.0,0.0573022312,12000000.0,67000000.0,0.0566260987,0.15,0.15,436101319,440200000,https://www.sec.gov/Archives/edgar/data/1111711/000111171122000025/0001111711-22-000025-index.htm,https://www.sec.gov/Archives/edgar/data/1111711/000111171122000025/nix-20220630.htm,2.713130982298176,0.1536340228312861,0.7507429712681057,-0.319879793805439,0.5218970686029959,17.290477399358657,13.883241660179433,16.566333751446415,23.382181056875,12860627897.31,22895327897.31,47.98741752727612,10.869360967976672,39.281087041264506,-92.19088098430107,1.7801162551989038,1.7801162551989038,19.350344740796142,64.18650938410428,69.93075106081245,-164.1242143176344,0.0052096989769849,-0.0108470598102895,1.399731473022728,0.4075353230863471,28.132043734230447,0.6340630182421227,1.6958579881656806,5.867383512544803,0.0089264692919085,1.7134328358208957,0.0,0.0,0.0598820011445244,1.4260843005497863,0.3946078431372549,2.237182558696694,0.0,7.567425665344163,0.0052671448987139,0.0028720973598137,-37.062717528721805,-1103300000.0,6054500000.0,-15361700000.0,18894300000.0,954450000.0,639400000.0,377400000.0,64.59432048681542,76.4459247648903,57.78996865203762,1.3933113518605746,1.1773027833307703,1.5573637103336049,0.009273869833624,1.0706227650735447,2022-08-03,0.12,bmo,1059662190.0,2025-04-25,2022-06-30,0.0,30.28451612903226,4589971.919354838
2022-03-31,NI,USD,1111711,2022-05-04,2022-05-04 13:07:56,2022,Q1,1873300000.0,1101000000.0,772300000.0,0.4122671222,0,0.0,0.0,394300000.0,277000000.0,277000000.0,1378000000.0,900000.0,83700000.0,192700000.0,695600000.0,0.3713233332,600300000.0,0.3204505418,-72800000.0,527500000.0,0.2815886404,96200000.0,426800000.0,0.2278332355,0.97,0.97,440866275,441400000,https://www.sec.gov/Archives/edgar/data/1111711/000111171122000013/0001111711-22-000013-index.htm,https://www.sec.gov/Archives/edgar/data/1111711/000111171122000013/nix-20220331.htm,4.249134275467091,0.968094009912643,1.3151380200265943,0.294193517070454,0.2597159422094602,17.083184691321648,13.712774922509098,16.335792525749447,22.322868765591107,14019547545.0,23662747545.0,8.212012385777882,7.483877406181604,24.17997161952397,108.092116769468,1.9466456830836307,1.9466456830836307,12.631584660759088,34.01775092725705,40.81191366850639,182.44215531996915,0.0304432078588881,0.009251368461335,1.3548785737097155,0.4004719788225154,13.86313973548016,0.7214599552917598,7.172043010752688,1.344307906329701,0.0073754163369471,0.2422680412371134,0.0,0.0,0.0609837680326691,0.7763021731631597,0.2402711792024769,2.3357550596782564,0.0,18.863406772252453,0.021961961633361,0.018654172275739,-35.82316429171181,-722700000.0,6045500000.0,-14962200000.0,18883900000.0,992450000.0,663150000.0,380950000.0,50.91175999572946,51.37602179836512,21.5149863760218,1.7677644616400867,1.7517899761336515,4.183130699088146,0.0592621391577222,1.02094450295614,2022-05-04,0.78,bmo,1685949761.0,2025-04-25,2022-03-31,-0.0384615384615384,29.026774193548388,5423466.451612903
2021-12-31,NI,USD,1111711,2022-02-23,2022-02-23 14:38:53,2021,Q4,1408600000.0,859500000.0,549100000.0,0.3898196791,0,0.0,0.0,380600000.0,9100000.0,263900000.0,1123400000.0,1300000.0,78900000.0,188200000.0,476200000.0,0.338066165,284400000.0,0.2019025983,-84000000.0,200400000.0,0.1422689195,27200000.0,165900000.0,0.1177765157,0.44,0.4,393200000,430300000,https://www.sec.gov/Archives/edgar/data/1111711/000111171122000007/0001111711-22-000007-index.htm,https://www.sec.gov/Archives/edgar/data/1111711/000111171122000007/nix-20211231.htm,3.5824008138351986,0.4219226856561546,0.7085452695829094,-0.6780264496439471,0.6510681586978637,18.49669379450661,14.7177009155646,17.66861648016277,25.128179043743643,10856252000.0,20573552000.0,16.35963230861965,7.707121965071702,38.96716439339555,-40.72112528132033,1.562657723144243,1.562657723144243,14.60567371858583,43.20359512809744,73.8462024407753,-77.17011252813204,0.0152815170465829,-0.0245572781471911,1.4108358642926029,0.4057432865972041,20.405921881562367,0.6994392251110626,3.6045627376425857,1.6085450346420322,0.0097455364890203,0.6377335744424352,0.0,0.0,0.0615103759174397,1.9569274946159367,0.3870509725969047,2.896918172157279,0.0118557432912111,12.951168967920408,0.0111546732497655,0.0073177186714304,-39.89000508646999,-825400000.0,5787000000.0,-14963200000.0,18542300000.0,755550000.0,592500000.0,485050000.0,59.11401391452506,73.06806282722513,52.21989528795812,1.522481625594466,1.2317282889079966,1.723481050731903,0.0238797806342032,1.3865717192268563,2022-02-23,0.36,bmo,1506398208.0,2025-04-25,2021-12-31,0.0833333333333334,25.4365625,3919548.078125
2021-09-30,NI,USD,1111711,2021-11-03,2021-11-03 12:02:06,2021,Q3,959400000.0,559400000.0,400000000.0,0.4169272462,0,0.0,0.0,351100000.0,9700000.0,254000000.0,813400000.0,1100000.0,84400000.0,188900000.0,344200000.0,0.3587658954,147100000.0,0.1533249948,-70100000.0,77000000.0,0.0802584949,14800000.0,63200000.0,0.0658745049,0.13,0.12,393200000,430300000,https://www.sec.gov/Archives/edgar/data/1111711/000111171121000036/0001111711-21-000036-index.htm,https://www.sec.gov/Archives/edgar/data/1111711/000111171121000036/nix-20210930.htm,2.4399796541200405,0.1607324516785351,0.6009664292980671,-0.6571719226856562,0.0979145473041709,16.744913530010173,12.965920651068158,16.518056968463885,24.690488301119025,9527236000.0,19112636000.0,37.68685126582279,9.930410673337503,40.31839187473551,-36.87010835913313,1.4668795516482165,1.4668795516482165,19.921446737544297,55.52770482277745,80.88292848074481,-73.96530959752322,0.0066336133585858,-0.0271222419597877,1.4817626137430908,0.4224974318000228,27.84834398605462,0.654945250600908,1.7428909952606635,3.799035369774919,0.0099084351432041,1.4936708860759491,0.0,0.0,0.0652322794201575,2.093525179856115,0.5156347717323327,2.6188459502382213,0.0,7.728986049534926,0.0056520940364657,0.0029681534046879,-39.371503051882,-775200000.0,5098200000.0,-14723100000.0,18231800000.0,590650000.0,483800000.0,401150000.0,54.9624765478424,78.3839828387558,75.84197354308186,1.6374807987711213,1.1481937602627257,1.1866779804836656,0.00973071178925,1.2581383519837233,2021-11-03,0.09,bmo,863460000.0,2025-04-25,2021-09-30,0.2222222222222222,24.93328125,3117638.109375
2021-06-30,NI,USD,1111711,2021-08-04,2021-08-04 11:46:43,2021,Q2,986000000.0,591100000.0,394900000.0,0.4005070994,0,0.0,0.0,362800000.0,8300000.0,252800000.0,843900000.0,700000.0,84500000.0,186300000.0,337000000.0,0.3417849899,142200000.0,0.1442190669,-72100000.0,70100000.0,0.0710953347,13200000.0,60300000.0,0.0611561866,0.12,0.11,393000000,422900000,https://www.sec.gov/Archives/edgar/data/1111711/000111171121000029/0001111711-21-000029-index.htm,https://www.sec.gov/Archives/edgar/data/1111711/000111171121000029/nix-20210630.htm,2.508905852417303,0.1534351145038168,0.6480916030534352,-0.4488549618320611,0.1972010178117048,16.828244274809162,13.047328244274809,16.59821882951654,23.744020356234092,9628500000.0,18797900000.0,39.91915422885572,9.765212981744424,37.803297997644286,-54.583333333333336,1.4760619950636966,1.4760619950636966,19.06480730223124,55.78011869436202,73.80408323517864,-106.5640589569161,0.0062626577348496,-0.0183206106870229,1.4175622020205116,0.4144027462825695,27.208902077151336,0.8109438162751187,1.6828402366863906,4.476274165202109,0.0109882120787246,1.7545605306799337,0.0,0.0,0.0665910781668743,1.6925795053003534,0.4372210953346856,2.314009661835749,0.0,7.569799610953467,0.0055766829399582,0.0028951550564387,-38.195419847328246,-322700000.0,5127600000.0,-14316100000.0,18318300000.0,721800000.0,517650000.0,288550000.0,54.34685598377282,73.14498392826933,50.38233801387244,1.656029559959691,1.2304329725228975,1.7863402840737383,0.0092440710705032,1.096946564885496,2021-08-04,0.13,bmo,986000000.0,2025-04-25,2021-06-30,0.0,25.432539682539684,3940509.4285714286
2021-03-31,NI,USD,1111711,2021-05-05,2021-05-05 13:08:52,2021,Q1,1545600000.0,838300000.0,707300000.0,0.4576216356,0,0.0,0.0,361500000.0,8100000.0,266000000.0,1104300000.0,900000.0,84600000.0,185000000.0,634800000.0,0.4107142857,433200000.0,0.2802795031,-74100000.0,359100000.0,0.2323369565,62600000.0,295500000.0,0.1911878882,0.72,0.72,392700000,393900000,https://www.sec.gov/Archives/edgar/data/1111711/000111171121000018/0001111711-21-000018-index.htm,https://www.sec.gov/Archives/edgar/data/1111711/000111171121000018/nix-20210331.htm,3.935828877005348,0.7524828113063408,1.1415839062897886,0.2070282658517952,0.226890756302521,15.34428316781258,11.560478736949324,15.104660045836516,25.086070791953144,9467997000.0,19145597000.0,8.010149746192893,6.125774456521739,21.11977916573723,116.45752767527676,1.596196135949828,1.596196135949828,12.387161620082816,30.1600456836799,42.70710907874192,235.4931980319803,0.0312104027916358,0.008586821478714,1.646554049497606,0.4400504629525333,15.245116572148708,0.7054630777403931,5.120567375886525,1.511973018549747,0.0099598679636252,0.3191201353637902,0.0,0.0,0.0669490189010791,0.8186482266339504,0.2374482401656314,1.9837837837837835,0.0,15.991714534100042,0.0174101360306914,0.0142694339549752,-39.01311433664375,-665300000.0,4539800000.0,-14575300000.0,17657300000.0,836800000.0,571950000.0,323650000.0,49.39052795031056,59.57413813670524,26.432064893236312,1.8222117425135584,1.5107226527302218,3.4049553208773355,0.0498179243374468,0.9345556404379932,2021-05-05,0.77,bmo,1791690000.0,2025-04-25,2021-03-31,0.0,22.54622950819672,3845029.196721312
2020-12-31,NI,USD,1111711,2021-02-17,2021-02-17 13:48:17,2020,Q4,1211000000.0,723700000.0,487300000.0,0.4023947151,0,0.0,0.0,17400000.0,411500000.0,258400000.0,982100000.0,1100000.0,76800000.0,183500000.0,413700000.0,0.3416184971,218100000.0,0.1800990917,-73500000.0,144600000.0,0.11940545,56800000.0,84400000.0,0.0696944674,0.22,0.22,383800000,383800000,https://www.sec.gov/Archives/edgar/data/1111711/000111171121000010/0001111711-21-000010-index.htm,https://www.sec.gov/Archives/edgar/data/1111711/000111171121000010/nix-20201231.htm,3.1552892131318395,0.2199062011464304,0.6393955184992184,-0.5745179781136008,0.3035435122459614,15.210526315789474,11.338978634705576,14.987493486190724,25.593798853569567,8804372000.0,18433972000.0,26.079300947867303,7.27033195706028,35.87763651181744,-39.92912471655329,1.5306095059281668,1.5306095059281668,15.2221073492981,44.55879139473048,75.11806030969845,-83.60078004535147,0.0095861465190248,-0.0250443756806277,1.694325649316783,0.4421905129193983,23.276770606719847,0.7279985961217864,2.83984375,2.79498861047836,0.0113466355124476,1.183649289099526,0.0,0.0,0.067416800889272,1.898533007334963,0.3847233691164327,2.538964577656676,0.0111478117258464,8.61141463629752,0.0065168363124548,0.00410613682582,-39.777488275143305,-620000000.0,4351900000.0,-14543300000.0,17485400000.0,685600000.0,499650000.0,398800000.0,61.34269199009084,73.24858366726544,49.88116622910046,1.4671674339714078,1.2286926994906622,1.8042882074295687,0.0146726469872396,1.213913496612819,2021-02-17,0.32,bmo,1174303030.0,2025-04-25,2020-12-31,0.0625,23.3871875,3093171.75
2020-09-30,NI,USD,1111711,2020-11-02,2020-11-02 12:34:29,2020,Q3,902500000.0,523000000.0,379500000.0,0.420498615,0,0.0,0.0,600000.0,-35000000.0,250800000.0,773800000.0,1300000.0,95200000.0,180600000.0,38000000.0,0.0421052632,92800000.0,0.1028254848,-330600000.0,-237800000.0,-0.2634903047,-64900000.0,-172900000.0,-0.1915789474,-0.45,-0.45,381020408,383800000,https://www.sec.gov/Archives/edgar/data/1111711/000111171120000047/0001111711-20-000047-index.htm,https://www.sec.gov/Archives/edgar/data/1111711/000111171120000047/nix-20200930.htm,2.368639529670548,-0.4537814677895153,0.3960417784235851,-0.8450990898104335,0.1537975362201596,14.237820038237953,10.338028927836328,14.237820038237953,28.11844136180758,8382448976.0,18942348976.0,-12.120371567379989,9.28803210637119,55.54969500331345,-26.032450236024843,1.545180367564379,1.545180367564379,20.98875232797784,498.4828677894737,125.52915159708417,-58.82717073291926,-0.0206264303540688,-0.0384135949913833,1.9573632693690208,0.4677444221747461,277.8921052631579,0.8183822676105373,0.9747899159663864,-0.8727588201272412,0.0105577737786876,-0.5118565644881434,0.0,0.0,0.0654538246371385,3.133863485752154,0.52398891966759,2.618493909191584,0.0,,0.0032618268045899,-0.0081496634551933,-43.594515283811255,-626000000.0,3939000000.0,-14455800000.0,16938900000.0,554700000.0,406400000.0,354150000.0,54.428808864265925,70.60611854684512,68.23135755258126,1.6535360938072554,1.274677065561784,1.3190416141235812,-0.0318715552360412,1.2411408682340186,2020-11-02,0.02677,bmo,902500000.0,2025-04-25,2020-09-30,2.3619723571161746,23.20890625,3006971.21875
2020-06-30,NI,USD,1111711,2020-08-05,2020-08-05 11:45:31,2020,Q2,962700000.0,541500000.0,421200000.0,0.4375194765,0,0.0,0.0,3100000.0,-80700000.0,245700000.0,787200000.0,1400000.0,97000000.0,177500000.0,356100000.0,0.3698971642,91700000.0,0.0952529345,-90500000.0,1200000.0,0.0012464942,5900000.0,-4700000.0,-0.0048821024,-0.0127,-0.0123,370000000,383500000,https://www.sec.gov/Archives/edgar/data/1111711/000111171120000036/0001111711-20-000036-index.htm,https://www.sec.gov/Archives/edgar/data/1111711/000111171120000036/nix-20200630.htm,2.601891891891892,-0.0127027027027027,0.912972972972973,-0.0794594594594594,0.3843243243243243,15.302162162162162,11.286216216216216,15.302162162162162,27.26027027027027,8413799999.999999,18260900000.0,-447.5425531914893,8.73979432845123,24.907637655417403,-286.1836734693877,1.4860645024550496,1.4860645024550496,18.968422146047576,51.28025835439483,54.058318531675546,-621.1190476190476,-0.0005586060995031,-0.0034942594309348,1.7643328976650534,0.4452254139460254,27.65262566694749,0.8859559438609537,0.945360824742268,-71.87234042553192,0.0118733509234828,-21.25531914893617,0.0,0.0,0.0662269070487821,1.0870337477797514,0.381427235899034,2.0687323943661973,0.0,,-0.0176027805686932,-0.0002243372504844,-43.38891891891892,-368100000.0,4175900000.0,-13915100000.0,16890200000.0,659550000.0,454050000.0,282900000.0,52.68931131193519,66.89750692520775,51.82271468144044,1.7081263307310148,1.3453416149068322,1.7366901860166777,-0.0008301246953265,0.9924324324324324,2020-08-05,0.07,bmo,592430769.0,2025-04-25,2020-06-30,0.857142857142857,24.124285714285712,3233026.777777778
2020-03-31,NI,USD,1111711,2020-05-06,2020-05-06 11:39:09,2020,Q1,1605500000.0,907000000.0,698500000.0,0.4350669573,0,0.0,0.0,2700000.0,-278200000.0,270200000.0,1177200000.0,1700000.0,92900000.0,184300000.0,615300000.0,0.383245095,148200000.0,0.0923076923,-87500000.0,60700000.0,0.0378075366,-14900000.0,75600000.0,0.0470881345,0.16,0.16,383100000,384100000,https://www.sec.gov/Archives/edgar/data/1111711/000111171120000022/0001111711-20-000022-index.htm,https://www.sec.gov/Archives/edgar/data/1111711/000111171120000022/ni-2020331x10q.htm,4.190811798486035,0.1973375097885669,0.9655442443226312,-0.2145653876272513,0.5319759853824066,14.986687548942834,11.10806577916993,14.986687548942834,26.01174628034456,9566007000.0,19234407000.0,31.63362103174603,5.958272812208035,25.861062449310623,-116.3747810218978,1.6661453652419271,1.6661453652419271,11.980322018062909,31.260209653827403,51.99893755068938,-233.9952189781022,0.0079029839723094,-0.008592927017511,1.7194760859720626,0.4369641521376374,15.713310580204778,0.775001201403239,1.5952637244348762,4.892857142857143,0.0092410553327004,1.1693121693121693,0.0,0.0,0.0657690315898498,1.2222222222222223,0.2815945188414824,2.453065653825285,0.0,8.157346444768253,0.0090068649055558,0.0035817840695889,-41.64415296267293,-936400000.0,4255500000.0,-13625900000.0,16136700000.0,830450000.0,585800000.0,339350000.0,42.351292432264096,50.16979051819184,25.203969128996693,2.125082726671079,1.7939082278481011,3.570866141732284,0.0131675201170446,1.1801096319498825,2020-05-06,0.8,bmo,1690000000.0,2025-04-25,2020-03-31,-0.05,27.642258064516128,4077199.0
2019-12-31,NI,USD,1111711,2020-02-28,2020-02-27 19:41:31,2019,Q4,1397200000.0,763500000.0,633700000.0,0.4535499571,0,0.0,0.0,26700000.0,-7600000.0,257100000.0,1020600000.0,2300000.0,85400000.0,182200000.0,138700000.0,0.0992699685,-38000000.0,-0.0271972516,-98800000.0,-136800000.0,-0.0979101059,2500000.0,-139300000.0,-0.0996993988,-0.37,-0.36,377000000,383100000,https://www.sec.gov/Archives/edgar/data/1111711/000111171120000013/0001111711-20-000013-index.htm,https://www.sec.gov/Archives/edgar/data/1111711/000111171120000013/ni-20191231x10k.htm,3.706100795755968,-0.3694960212201592,0.9323607427055703,-0.3737400530503978,0.3694960212201592,15.879840848806364,11.93846153846154,15.879840848806364,25.80424403183024,10495680000.0,19999180000.0,-18.836468054558505,7.511938162038362,29.859687055476527,-74.4902767920511,1.7531661850435132,1.7531661850435132,14.313756083595765,144.19019466474404,56.89667140825035,-141.9388218594748,-0.0132721271989999,-0.0134245708710631,1.61070372659395,0.4255465626351512,68.5183850036049,0.4949276523039137,-0.4449648711943794,-2.5233309404163675,0.0089655934632153,-0.6755204594400575,0.0,0.0,0.0655742769133002,1.4008534850640113,0.3524191239622101,2.7025246981339186,0.0116661895219009,,-0.0018680514654213,-0.0065788541553516,-41.49177718832891,-1891900000.0,4500800000.0,-14819200000.0,16506200000.0,737500000.0,580450000.0,436700000.0,58.32092756942456,78.50687622789783,50.06286836935167,1.543185332449746,1.1463963963963963,1.7977395808806216,-0.023268244608883,1.3061007957559685,2020-02-26,0.42,bmo,1335102222.0,2025-04-25,2019-12-31,0.0714285714285715,27.4128125,3725711.09375
2019-09-30,NI,USD,1111711,2019-10-30,2019-10-30 10:41:55,2019,Q3,931500000.0,590600000.0,340900000.0,0.3659688674,0,0.0,0.0,2800000.0,-2600000.0,250100000.0,840700000.0,2100000.0,95900000.0,182200000.0,270200000.0,0.2900697799,91000000.0,0.0976918948,-94600000.0,-3600000.0,-0.0038647343,-10200000.0,6600000.0,0.0070853462,-0.02,-0.02,360000000,374100000,https://www.sec.gov/Archives/edgar/data/1111711/000111171119000041/0001111711-19-000041-index.htm,https://www.sec.gov/Archives/edgar/data/1111711/000111171119000041/ni-2019930x10q.htm,2.5875,0.0183333333333333,0.8488888888888889,-0.4469444444444444,0.0777777777777777,16.245833333333334,10.959166666666668,16.245833333333334,26.599166666666665,10771200000.0,20223000000.0,408.0,11.56328502415459,35.24607329842932,-66.94344313238037,1.841703000769428,1.841703000769428,21.71014492753623,74.84455958549223,66.17473821989529,-125.68676196395276,0.0006127450980392,-0.0149379827688651,1.6208942463879628,0.4283242139316745,34.98075499629904,0.4127017396772165,0.948905109489051,46.30303030303031,0.007696449792038,12.56060606060606,0.0,0.0,0.0859919664924115,1.5265052356020945,0.500805152979066,2.560373216245884,0.0,2.588707447742985,-0.0081706548604377,0.0003262626612157,-43.34513888888889,-1961400000.0,3945300000.0,-14905500000.0,16422700000.0,740650000.0,523550000.0,383650000.0,55.033816425120776,75.41652556721978,68.37622756518795,1.6353581460674158,1.1933723984643363,1.3162469355917097,0.0011284944857655,1.2958333333333334,2019-10-30,,bmo,2095875000.0,2025-04-25,2019-09-30,,29.33265625,2881788.609375
2019-06-30,NI,USD,1111711,2019-07-31,2019-07-31 15:12:24,2019,Q2,1010400000.0,302700000.0,707700000.0,0.700415677,0,0.0,0.0,3100000.0,-4000000.0,244300000.0,547000000.0,1200000.0,94100000.0,177900000.0,638200000.0,0.6316310372,463500000.0,0.4587292162,-94400000.0,369100000.0,0.3653008709,72200000.0,296900000.0,0.2938440222,0.76,0.75,373900000,375200000,https://www.sec.gov/Archives/edgar/data/1111711/000111171119000034/0001111711-19-000034-index.htm,https://www.sec.gov/Archives/edgar/data/1111711/000111171119000034/ni-2019630x10q.htm,2.7023268253543726,0.7940625835784969,1.4097352233217435,0.0997592939288579,0.0633859320673977,15.983418026210217,10.88606579299278,15.983418026210217,24.860925381117944,10689801000.0,19867501000.0,9.001179690131357,10.579771377672207,20.28040409789413,286.58983914209114,1.7887287908704528,1.7887287908704528,19.66300574030087,31.13052491382012,37.69209068487953,532.6407774798928,0.0277741372360439,0.0034893072378054,1.539674040360095,0.418736518280529,14.38060169225948,0.4137714030993523,4.925611052072264,1.775345234085551,0.0087934284277134,0.3166049174806332,0.0,0.0,0.0867335329613819,0.9292354391955986,0.4847585114806017,2.753232152894885,0.0,16.89870615689027,0.0183913185351795,0.0147944768615179,-40.468641347954,-2235700000.0,4070300000.0,-14420000000.0,15804000000.0,1057950000.0,613700000.0,267150000.0,81.20843230403801,164.18235877106045,94.7274529236868,1.1082592958209938,0.5481709525534226,0.9500941619585688,0.0496803989156989,1.309975929392886,2019-07-31,0.05,bmo,1212480000.0,2025-04-25,2019-06-30,0.0,28.166825396825395,2763917.26984127
2019-03-31,NI,USD,1111711,2019-05-01,2019-05-01 10:18:25,2019,Q1,1869800000.0,1232700000.0,637100000.0,0.3407316291,0,0.0,0.0,2800000.0,-4500000.0,262700000.0,1495400000.0,2100000.0,95600000.0,175100000.0,546700000.0,0.2923842122,374200000.0,0.200128356,-96300000.0,277900000.0,0.1486255214,59000000.0,218900000.0,0.1170713445,0.55,0.55,373400000,374700000,https://www.sec.gov/Archives/edgar/data/1111711/000111171119000022/0001111711-19-000022-index.htm,https://www.sec.gov/Archives/edgar/data/1111711/000111171119000022/ni-2019331x10q.htm,5.007498660953401,0.5862346009641135,1.0688269951794322,0.1215854311730048,0.4193893947509373,15.47830744509909,10.366630958757364,15.47830744509909,25.00562399571505,10522412000.0,19612912000.0,12.01737322978529,5.627560166862766,26.365352042094717,231.7711894273128,1.820612499134888,1.820612499134888,10.489310086640282,35.87509054325956,49.14285141568529,432.0024669603524,0.0208032150803446,0.0043146001125977,1.5989860890026992,0.4221810058520139,16.62794951527346,0.4771368798565451,3.914225941422594,1.823206943809959,0.0079449464628452,0.3819095477386934,0.0,0.0,0.0871954645749866,0.8862440491104986,0.1891646165365279,2.019988577955454,0.0,14.288568376336531,0.0147187565967214,0.0109552979801012,-40.01794322442421,-2099400000.0,3870900000.0,-14194500000.0,15550700000.0,1175550000.0,779500000.0,319100000.0,57.962348914322384,49.29666585543928,15.748357264541252,1.5527321043016111,1.825681279620853,5.714881780250348,0.0378745933974669,0.9472415640064276,2019-05-01,0.77,bmo,1755787804.0,2025-04-25,2019-03-31,0.0649350649350648,26.958524590163936,2978776.8032786883
2018-12-31,NI,USD,1111711,2019-02-20,2019-02-20 11:33:16,2018,Q4,1461700000.0,1306000000.0,155700000.0,0.1065198057,0,0.0,0.0,45800000.0,3500000.0,233300000.0,1539300000.0,2400000.0,99700000.0,161800000.0,84500000.0,0.0578094,-78400000.0,-0.0536361771,-87000000.0,-165400000.0,-0.1131559143,-153700000.0,-11700000.0,-0.0080043785,-0.0316,-0.0313,369700000,373400000,https://www.sec.gov/Archives/edgar/data/1111711/000111171119000008/0001111711-19-000008-index.htm,https://www.sec.gov/Archives/edgar/data/1111711/000111171119000008/ni-20181231x10k.htm,3.9537462807681902,-0.0316472815796591,-1.0470651879902624,-2.45793886935353,0.3051122531782526,15.555585609954017,10.38544766026508,15.555585609954017,24.972410062212603,9371895000.0,18391695000.0,-200.2541666666667,6.411640555517548,-24.21052699560837,-10.31351931330472,1.6296397085673548,1.6296397085673548,12.582400629404118,217.65319526627212,-47.51148282097649,-20.23956751403103,-0.0012484134745427,-0.0969601131894883,1.5880296996991776,0.4188497523390204,106.7431952662722,0.5091656757827983,-0.7863590772316951,33.085470085470085,0.0087922453249849,-7.042735042735043,0.0,0.0,0.0876628141625389,-1.347455437871351,0.3568447697886023,3.223733003708282,0.0103988506533488,,-0.0002801715785799,-0.0005881584106652,-40.21875845279957,-1981400000.0,3839500000.0,-13997700000.0,15472500000.0,842300000.0,658750000.0,444700000.0,70.61708969008689,60.90505359877488,29.115620214395097,1.2744790304298543,1.4777098891151843,3.0911242603550297,-0.0020344641708254,1.4108736813632674,2019-02-20,0.37,bmo,1384768421.0,2025-04-25,2018-12-31,0.027027027027027,25.79460317460317,3414151.698412698
2018-09-30,NI,USD,1111711,2018-11-01,2018-11-01 06:06:33,2018,Q3,895000000.0,1002800000.0,-107800000.0,-0.1204469274,0,0.0,0.0,2400000.0,3000000.0,207400000.0,1210200000.0,1400000.0,83400000.0,148500000.0,-202100000.0,-0.2258100559,-315900000.0,-0.3529608939,-118100000.0,-434000000.0,-0.4849162011,-94500000.0,-339500000.0,-0.3793296089,-0.93,-0.93,363263157,363900000,https://www.sec.gov/Archives/edgar/data/1111711/000111171118000049/0001111711-18-000049-index.htm,https://www.sec.gov/Archives/edgar/data/1111711/000111171118000049/ni-2018930x10q.htm,2.4637786209626538,-0.9345841808009172,0.3240075348461501,-0.9535786751971655,0.173978557368536,13.96700959684717,8.697551455789391,13.96700959684717,24.328093366209444,9005293662.029999,17717593662.03,-6.631291356428571,10.06178062796648,76.51056637238742,-25.99680618368937,1.774896754248379,1.774896754248379,19.796194035787707,-87.66745998035626,150.5318068141886,-51.1477877079388,-0.0377000476321467,-0.038466263622314,1.7253877840629126,0.4229156400668618,-43.10885700148442,0.4013543621013133,-3.787769784172662,-0.3466863033873343,0.0078620423338909,-0.2085419734904271,0.0,0.0,0.0924761104186594,3.943075615972812,0.5185474860335195,3.125252525252525,0.0,,-0.0130419005151334,-0.0180727381129825,-41.0880506662557,-2042100000.0,3159500000.0,-14256600000.0,15046500000.0,576050000.0,444350000.0,401700000.0,54.07039106145252,38.92401276426007,41.90366972477064,1.6644969313743725,2.3121973714549227,2.147783251231527,-0.0669136921773065,1.2775862100433155,2018-11-01,0.06,bmo,738374998.0,2025-04-25,2018-09-30,0.6666666666666669,26.463174603174604,3472430.333333333
2018-06-30,NI,USD,1111711,2018-08-01,2018-08-01 10:15:46,2018,Q2,1007000000.0,678500000.0,328500000.0,0.3262164846,0,0.0,0.0,6100000.0,7800000.0,210100000.0,888600000.0,1100000.0,88700000.0,144600000.0,269100000.0,0.2672293942,118400000.0,0.1175769613,-88400000.0,30000000.0,0.0297914598,5500000.0,24500000.0,0.0243296922,0.07,0.07,354200000,355200000,https://www.sec.gov/Archives/edgar/data/1111711/000111171118000034/0001111711-18-000034-index.htm,https://www.sec.gov/Archives/edgar/data/1111711/000111171118000034/ni-2018630x10q.htm,2.843026538678713,0.0691699604743083,1.18944099378882,-0.1163184641445511,0.1973461321287408,15.423489553924336,10.0115753811406,15.423489553924336,23.65584415584416,9308376000.0,17530376000.0,94.98342857142858,9.243670307845084,22.09441253263708,-225.9314563106796,1.7038945634266889,1.7038945634266889,17.408516385302878,65.14446674098848,41.61019700925706,-425.49456310679614,0.0026320380697986,-0.0044261211622736,1.5175178473366282,0.4082253704223479,30.553697510219248,0.5138650210904546,1.334836527621195,17.195918367346938,0.0070903882696616,2.693877551020408,0.0,0.0,0.094391837659236,1.0977925468787089,0.4592850049652432,3.198478561549101,0.0,4.899382477768928,0.0051038433657777,0.0013321733456582,-39.937747035573125,-1244700000.0,3546100000.0,-13529200000.0,15520100000.0,820900000.0,476150000.0,290900000.0,54.9116186693148,60.35372144436256,44.6352247605011,1.6389973958333333,1.4912087912087912,2.016344725111441,0.0044847153578619,1.305759457933371,2018-08-01,0.09,bmo,1294714285.0,2025-04-25,2018-06-30,-0.2222222222222221,24.51203125,2987998.0625
2018-03-31,NI,USD,1111711,2018-05-02,2018-05-02 06:39:32,2018,Q1,1750800000.0,1126900000.0,623900000.0,0.3563513822,0,0.0,0.0,6200000.0,31300000.0,223600000.0,1350500000.0,1700000.0,93100000.0,144700000.0,551200000.0,0.3148275074,400600000.0,0.228809687,-61800000.0,338800000.0,0.1935115376,62700000.0,276100000.0,0.1576993374,0.82,0.81,338000000,339000000,https://www.sec.gov/Archives/edgar/data/1111711/000111171118000021/0001111711-18-000021-index.htm,https://www.sec.gov/Archives/edgar/data/1111711/000111171118000021/ni-2018331x10q.htm,5.179881656804734,0.8168639053254438,1.1485207100591717,0.0538461538461538,0.1313609467455621,13.331952662721893,7.652662721893491,13.331952662721893,27.248224852071004,8081580000.0,17163380000.0,7.317620427381383,4.615935572309802,20.81808346213292,444.04285714285714,1.7934357107984555,1.7934357107984555,9.803164267763307,31.138207547169813,44.212725399278725,943.0428571428572,0.0341641114732515,0.0022520348743686,2.023168079534863,0.4536059904968032,16.47641509433962,0.506416217221499,4.302900107411386,1.4060123143788483,0.0081295984201109,0.2379572618616443,0.0,0.0,0.0955096151454088,0.95311695002576,0.2113319625314142,2.5570145127850727,0.0,15.653555367644486,0.0174557667780426,0.015187937663995,-43.35710059171598,-1592400000.0,2586600000.0,-13958500000.0,14783800000.0,986050000.0,561450000.0,358200000.0,52.81357093899932,39.7169225308368,19.59091312450084,1.7041074557134517,2.266036597627187,4.593966571545047,0.0612711375438285,1.0946745562130178,2018-05-02,0.76,bmo,1728062337.0,2025-04-25,2018-03-31,0.0131578947368421,23.682950819672133,3954553.016393442
2017-12-31,NI,USD,1111711,2018-02-20,2018-02-20 11:00:43,2017,Q4,1368300000.0,883400000.0,484900000.0,0.3543813491,0,0.0,0.0,50000000.0,-9900000.0,209300000.0,1092700000.0,4600000.0,102700000.0,141800000.0,399200000.0,0.2917488855,270000000.0,0.197325148,-105600000.0,165000000.0,0.1205875904,217400000.0,-52400000.0,-0.0382956954,-0.16,-0.16,337500000,338000000,https://www.sec.gov/Archives/edgar/data/1111711/000111171118000008/0001111711-18-000008-index.htm,https://www.sec.gov/Archives/edgar/data/1111711/000111171118000008/ni-20171231x10k.htm,4.054222222222222,-0.1552592592592592,0.6299259259259259,-0.7905185185185185,0.1274074074074074,12.800296296296295,7.1042962962962966,12.800296296296295,26.977481481481483,8663625000.0,17636825000.0,-41.334088740458014,6.331670686253014,40.750823142050805,-32.472357571214395,2.005422328186848,2.005422328186848,12.88958927135862,44.18042334669339,82.95778457196613,-66.10504122938531,-0.0060482765585998,-0.0307954233937872,2.0837943566121155,0.4509736144717133,22.47795591182365,0.5547759879184495,2.629016553067186,-4.065009560229446,0.0067985398721666,-1.1240458015267176,0.0,0.0,0.0963044229699875,2.254938852304798,0.3503617627713221,3.380818053596615,0.0111817583863187,,-0.0046914146415708,-0.0029047690320577,-43.42081481481482,-1415100000.0,2397700000.0,-13878300000.0,14866800000.0,733800000.0,536500000.0,491300000.0,62.13768910326682,63.73556712700928,47.99524564183835,1.448396316290886,1.412084398976982,1.87518573551263,-0.0121293488576653,1.4204444444444444,2018-02-20,0.32,bmo,1326836363.0,2025-04-25,2017-12-31,0.03125,26.553015873015877,2602455.253968254
2017-09-30,NI,USD,1111711,2017-11-01,2017-11-01 10:32:05,2017,Q3,917000000.0,616900000.0,300100000.0,0.3272628135,0,0.0,0.0,11800000.0,4800000.0,200500000.0,817400000.0,1400000.0,87900000.0,143000000.0,247400000.0,0.2697928026,99600000.0,0.1086150491,-83100000.0,16500000.0,0.0179934569,2500000.0,14000000.0,0.0152671756,0.04,0.04,331100000,332400000,https://www.sec.gov/Archives/edgar/data/1111711/000111171117000060/0001111711-17-000060-index.htm,https://www.sec.gov/Archives/edgar/data/1111711/000111171117000060/ni-2017930x10q.htm,2.7695560253699787,0.0422832980972515,-0.3678646934460888,-1.8302627604953183,0.0582905466626396,13.17728782845062,7.363032316520688,13.17728782845062,26.3953488372093,8472849000.0,17105149000.0,151.300875,9.239748091603053,-69.56362068965517,-13.98159900990099,1.941977767591107,1.941977767591107,18.65337949836423,69.13964834276476,-140.43636288998357,-28.226318481848185,0.001652336775977,-0.0715225775887189,1.9829475131790053,0.448978956381847,34.89207760711398,0.5190899174068879,1.1331058020477816,-8.7,0.0067273711593349,4.071428571428571,0.0,0.0,0.0999039933573782,-3.9753694581280783,0.5280261723009815,3.386013986013986,0.0,3.540696507847348,0.0047381987199319,0.000807176956251,-43.00596496526729,-1234400000.0,2437900000.0,-13574100000.0,14732800000.0,551600000.0,449250000.0,452350000.0,51.320610687022906,65.27151888474631,74.62311557788945,1.7536813922356091,1.3788556101922218,1.206060606060606,0.0032088012835205,1.4623980670492298,2017-11-01,0.07,bmo,917000000.0,2025-04-25,2017-09-30,0.0,26.29952380952381,1941224.53968254
2017-06-30,NI,USD,1111711,2017-08-02,2017-08-02 09:26:06,2017,Q2,990700000.0,667900000.0,322800000.0,0.3258302211,0,0.0,0.0,500000.0,3800000.0,198400000.0,866300000.0,900000.0,87700000.0,142200000.0,266600000.0,0.2691026547,124500000.0,0.1256687191,-195400000.0,-70900000.0,-0.0715655597,-26600000.0,-44400000.0,-0.0448167962,-0.14,-0.14,317142857,325100000,https://www.sec.gov/Archives/edgar/data/1111711/000111171117000052/0001111711-17-000052-index.htm,https://www.sec.gov/Archives/edgar/data/1111711/000111171117000052/ni-2017630x10q.htm,3.123828830235959,-0.140000000063063,0.7577027030440102,-0.5672522525077713,0.0564414414668655,12.999819825675594,6.920855858973359,12.999819825675594,26.25819821002621,8042742853.52,16264742853.52,-45.28571426531531,8.118242508852326,33.46959156687474,-44.70674182056698,1.9507962679538176,1.9507962679538176,16.417424905137782,61.00803771012753,67.68515544535997,-90.40991024747082,-0.0055205047343479,-0.0223679910294862,1.9986174444552247,0.4377639764752134,30.84021005251313,0.4610013317496311,1.419612314709236,-5.412162162162162,0.0070498337485929,-1.277027027027027,0.0,0.0,0.1024242005663374,1.7486475239284227,0.4241445442616331,2.9549929676511955,0.0,,0.004443422311804,-0.0026280275587754,-44.30235362355962,-1497500000.0,2194900000.0,-13419100000.0,14099700000.0,706450000.0,456350000.0,334350000.0,52.71727061673564,60.786045815241806,52.98397963767031,1.7072204032397036,1.4806029705165151,1.6986266531027467,-0.0107693800329872,1.3249549555517814,2017-08-02,0.1,bmo,990700000.0,2025-04-25,2017-06-30,0.0,24.92047619047619,2749737.0
2017-03-31,NI,USD,1111711,2017-05-03,2017-05-03 06:09:07,2017,Q1,1598600000.0,962800000.0,635800000.0,0.3977230076,0,0.0,0.0,1200000.0,1200000.0,219300000.0,1182100000.0,0.0,85200000.0,143300000.0,561000000.0,0.3509320656,416500000.0,0.2605404729,-84000000.0,332500000.0,0.2079944952,121200000.0,211300000.0,0.1321781559,0.65,0.65,323700000,325300000,https://www.sec.gov/Archives/edgar/data/1111711/000111171117000032/0001111711-17-000032-index.htm,https://www.sec.gov/Archives/edgar/data/1111711/000111171117000032/ni-2017331x10q.htm,4.938523324065493,0.652764905776954,1.2700030892801977,0.3061476675934507,0.1399443929564411,12.947482236638864,6.983317886932345,12.947482236638864,24.712388013592832,7700823000.0,15586623000.0,9.111243492664457,4.817229450769423,18.73223789832157,77.70759838546923,1.837422872276968,1.837422872276968,9.750170774427623,27.783641711229947,37.91443201167599,157.28176589303737,0.0274386257157189,0.0128687544175473,1.8883348047052089,0.4246749553281569,14.05668449197861,0.4015174258344477,4.88849765258216,1.9455750118315192,0.0073368781492575,0.2673923331755797,0.0,0.0,0.1035957479917793,0.7589394307954269,0.1951707744276241,2.1772505233775297,0.0,13.789938197852374,0.015303640447496,0.012648680358928,-42.12944084028421,-2192900000.0,2260500000.0,-12973600000.0,13026600000.0,842500000.0,500500000.0,384950000.0,46.87476541974227,43.14914831740756,25.75301204819277,1.9200096084554408,2.08578856152513,3.494736842105264,0.050416358473909,0.963855421686747,2017-05-03,0.67,bmo,1508538028.0,2025-04-25,2017-03-31,0.0597014925373133,22.88016129032258,3018016.5322580645
2016-12-31,NI,USD,1111711,2017-05-08,2017-05-08 16:55:36,2016,Q4,1297000000.0,865400000.0,431600000.0,0.332767926,0,0.0,0.0,52000000.0,-7100000.0,207300000.0,1072700000.0,3400000.0,94400000.0,141100000.0,365600000.0,0.2818812645,224900000.0,0.1734001542,-84600000.0,140300000.0,0.1081727062,51500000.0,88800000.0,0.0684656901,0.27,0.27,323000000,323700000,https://www.sec.gov/Archives/edgar/data/1111711/000111171117000037/0001111711-17-000037-index.htm,https://www.sec.gov/Archives/edgar/data/1111711/000111171117000037/ni-20161231x10ka.htm,4.015479876160991,0.274922600619195,0.839938080495356,-0.3730650154798761,0.1343653250773993,12.604334365325077,6.618575851393189,12.604334365325077,24.77925696594427,7151220000.0,15034120000.0,20.13293918918919,5.513662297609869,26.359085882786584,-59.34622406639004,1.756538612694046,1.756538612694046,11.591457208943716,41.12177242888403,55.41511242167343,-124.76448132780082,0.0124174616359166,-0.0168502717018914,1.942744154057772,0.4231405047105965,21.561542669584245,0.5104281327848907,2.382415254237288,3.05518018018018,0.0074392900791753,0.5990990990990991,0.0,0.0,0.1034351778042895,1.4441577589384444,0.3020817270624518,2.7767540751240256,0.0099460292983808,8.829913284554605,0.0083287985561534,0.0052988035922069,-42.38637770897833,-1690100000.0,2137800000.0,-12858600000.0,13311300000.0,670150000.0,445800000.0,514050000.0,59.14880493446415,56.096602727062624,51.41668592558354,1.521586109807602,1.6043752317389692,1.7504045307443366,0.0218117508351346,1.2130030959752325,2017-02-22,0.34,bmo,1336303030.0,2025-04-25,2016-12-31,-0.0294117647058823,22.2468253968254,2842713.222222222
2016-09-30,NI,USD,1111711,2016-11-01,2016-11-01 11:50:38,2016,Q3,861300000.0,554800000.0,306500000.0,0.3558574248,0,0.0,0.0,0.0,3500000.0,192900000.0,747700000.0,0.0,85000000.0,136300000.0,249900000.0,0.2901428074,113700000.0,0.1320097527,-81500000.0,32200000.0,0.0373853477,8500000.0,27200000.0,0.0315801695,0.08,0.08,322300000,323900000,https://www.sec.gov/Archives/edgar/data/1111711/000111171116000084/0001111711-16-000084-index.htm,https://www.sec.gov/Archives/edgar/data/1111711/000111171116000084/ni-2016930x10q.htm,2.6723549488054608,0.0843934222773813,0.1393112007446478,-1.135587961526528,0.0499534595097735,11.826248836487744,5.819112627986348,11.826248836487744,24.271796462922744,7770653000.0,15492353000.0,71.42144301470589,9.022005108556831,173.0657683741648,-21.231292349726772,2.038685328995697,2.038685328995697,17.987174039243005,61.99420968387355,345.0412694877506,-42.328833333333336,0.0035003493271414,-0.0471002887402126,2.030066113967888,0.4282788699964576,30.899159663865547,0.4734510234922379,1.3376470588235294,1.453074433656958,0.0068205336153859,1.9485294117647056,0.0,0.0,0.1071610432164364,9.151447661469934,0.4770695460350633,3.0146735143066765,0.0137002205967723,4.738807473440945,0.0049821413595551,0.0016861838312328,-42.21757679180888,-1533100000.0,1875500000.0,-12877100000.0,13256800000.0,481000000.0,361700000.0,474200000.0,50.98223615464995,57.13410237923576,86.57714491708724,1.765320762451322,1.5752413401476433,1.0395353194678658,0.0071361108196033,1.2748991622711758,2016-11-01,0.07,bmo,1004850000.0,2025-04-25,2016-09-30,-0.1428571428571429,25.03015625,2930178.25
2016-06-30,NI,USD,1111711,2016-08-02,2016-08-02 09:50:29,2016,Q2,897600000.0,572500000.0,325100000.0,0.362188057,0,0.0,0.0,0.0,-6100000.0,187100000.0,759600000.0,0.0,86000000.0,136900000.0,274900000.0,0.3062611408,138200000.0,0.1539661319,-92100000.0,46100000.0,0.05135918,17400000.0,28600000.0,0.0318627451,0.09,0.09,321700000,323200000,https://www.sec.gov/Archives/edgar/data/1111711/000111171116000078/0001111711-16-000078-index.htm,https://www.sec.gov/Archives/edgar/data/1111711/000111171116000078/ni-2016630x10q.htm,2.790177183711533,0.0889027043829654,0.5725831520049736,-0.5822194591234069,0.0488032328256139,11.84519738887162,5.823748834317687,11.84519738887162,22.865402548958656,8531484000.0,15785584000.0,74.5759090909091,9.504772727272726,46.31641693811075,-45.5498344901228,2.238882065816407,2.238882065816407,17.586434937611408,57.42300472899236,85.69806731813246,-84.27967965830219,0.0033522890038825,-0.0219539765883637,1.907783551146801,0.4126535431283064,26.38814114223354,0.4671760255173948,1.6069767441860463,6.418118466898955,0.0058254812410127,1.7377622377622377,0.0,0.0,0.1099550439343369,2.016829533116178,0.4138814616755793,2.7136596055514977,0.0121434937611408,4.867656195846866,0.0052675309812109,0.001823967959388,-41.11897730805098,-1436600000.0,1873500000.0,-12547000000.0,13056400000.0,561000000.0,381950000.0,366550000.0,47.53676470588235,58.35458515283843,65.19301310043669,1.8932714617169373,1.5422952586206895,1.3805160356884494,0.0075053797302262,1.1548026111283805,2016-08-02,0.07,bmo,785400000.0,2025-04-25,2016-06-30,0.1428571428571427,23.99796875,2977880.125
2016-03-31,NI,USD,1111711,2016-05-03,2016-05-03 09:45:39,2016,Q1,1436600000.0,851200000.0,585400000.0,0.4074899067,0,0.0,0.0,0.0,700000.0,204100000.0,1055300000.0,0.0,90500000.0,132800000.0,514100000.0,0.3578588334,381400000.0,0.2654879577,-89800000.0,291600000.0,0.2029792566,111900000.0,179700000.0,0.125087011,0.58,0.58,320300000,322500000,https://www.sec.gov/Archives/edgar/data/1111711/000111171116000064/0001111711-16-000064-index.htm,https://www.sec.gov/Archives/edgar/data/1111711/000111171116000064/ni-2016331x10q.htm,4.48517015298158,0.5610365282547611,0.9456759288167343,0.005931938807368,0.0739931314392756,12.089603496721825,6.027786450202934,12.089603496721825,22.182641273805807,7546268000.0,14537168000.0,10.498425153032832,5.252866490324377,24.913397160779137,3971.72,1.9487818609095369,1.9487818609095369,10.119147988305722,28.27692666796343,47.9932915153516,7651.141052631579,0.0238130954267725,0.0002517800852023,1.8114815484337472,0.4014904357979326,13.598327173701614,0.5590768860931928,4.214364640883978,1.6855870895937677,0.0065727853821253,0.2760155815247635,0.0,0.0,0.1111301899103678,0.9937273027401784,0.2095224836419323,2.266566265060241,0.0075873590421829,12.353580712084744,0.0146127172534073,0.0115713016265502,-40.369263190758666,-1100500000.0,1930700000.0,-12203700000.0,13108300000.0,653950000.0,413050000.0,444900000.0,40.5895865237366,41.52138157894737,33.66541353383459,2.2173174872665533,2.1675579322638145,2.6733668341708543,0.0464065284198021,0.9397439900093664,2016-05-03,0.59,bmo,1412656666.0,2025-04-25,2016-03-31,0.0169491525423729,21.447704918032787,2832155.393442623
2015-12-31,NI,USD,1111711,2016-02-18,2016-02-18 11:29:02,2015,Q4,1097800000.0,685600000.0,412200000.0,0.3754782292,0,0.0,0.0,47500000.0,5800000.0,192300000.0,877900000.0,800000.0,94300000.0,133400000.0,361500000.0,0.3292949535,219500000.0,0.1999453452,-88500000.0,131000000.0,0.1193295682,66600000.0,59400000.0,0.0541082164,0.19,0.19,318800000,321100000,https://www.sec.gov/Archives/edgar/data/1111711/000111171116000049/0001111711-16-000049-index.htm,https://www.sec.gov/Archives/edgar/data/1111711/000111171116000049/ni-20151231x10kq4.htm,3.443538268506901,0.1863237139272271,0.8246549560853199,-0.5470514429109159,0.0486198243412798,12.056148055207029,5.95702634880803,12.056148055207029,22.09504391468005,6219788000.000001,13153888000.0,26.177558922558923,5.665684095463655,23.658379612019782,-35.66392201834863,1.618261480421491,1.618261480421491,11.982044088176352,36.38696542185339,50.03380753138075,-75.42366972477065,0.0095501647323027,-0.0280395408975354,1.8081436190971767,0.397290267257396,19.18146611341632,0.5934901222953904,2.327677624602333,4.082298136645963,0.0079423928918477,0.8316498316498316,0.0,0.0,0.1111562098042018,1.663370102700647,0.3983421388231007,3.2781109445277363,0.0110220440881763,7.109345351669907,0.0068139800979412,0.0038204024929091,-40.31618569636135,-1080300000.0,1899100000.0,-12071800000.0,12975600000.0,580250000.0,391300000.0,571350000.0,54.10821643286573,56.89323220536756,75.00875145857643,1.663333333333333,1.5819104753114903,1.19985999299965,0.0154546637179653,1.371706398996236,2016-02-18,0.3,bmo,1062387096.0,2025-04-25,2015-12-31,0.0333333333333333,19.23140625,2649387.234375
2015-09-30,NI,USD,1111711,2015-11-03,2015-11-03 10:28:29,2015,Q3,817200000.0,520200000.0,297000000.0,0.3634361233,0,0.0,0.0,0.0,5800000.0,186200000.0,706400000.0,0.0,94900000.0,66100000.0,243300000.0,0.2977239354,109700000.0,0.1342388644,-89100000.0,20600000.0,0.0252080274,5800000.0,-4900000.0,-0.0059960842,-0.0154,-0.0152,318100000,321500000,https://www.sec.gov/Archives/edgar/data/1111711/000111171115000037/0001111711-15-000037-index.htm,https://www.sec.gov/Archives/edgar/data/1111711/000111171115000037/ni-2015930x10q.htm,2.569003458032065,-0.0154039610185476,0.2461490097453631,-0.912920465262496,0.0996541967934611,11.94687205281358,5.8258409305249925,11.94687205281358,21.308393586922357,5900755000.0,12552355000.0,-301.05892857142857,7.220698727361723,75.36085568326948,-20.31940426997245,1.5527076809725548,1.5527076809725548,15.360199461576114,51.59208795725442,160.3110472541507,-43.2243629476584,-0.0008304022112424,-0.0492140412540429,1.7586243191327,0.3918468096084053,27.33908754623921,0.7899483914532388,1.1559536354056903,-0.6886543535620053,0.0083548630641333,-10.06122448979592,0.0,0.0,0.1141599094741409,4.708812260536399,0.4511747430249633,5.577912254160363,0.0063631913852178,,0.0050741412938766,-0.0003243143068939,-39.49347689405848,-435500000.0,1853200000.0,-11617800000.0,13202300000.0,586600000.0,389200000.0,521450000.0,55.12114537444934,60.41522491349481,98.840830449827,1.632767232767233,1.4896907216494846,0.9105548748468404,-0.0012893718916927,1.1590694750078592,2015-11-03,0.02888,bmo,408600000.0,2025-04-25,2015-09-30,1.077562326869806,17.10515625,4425334.0
2015-06-30,NI,USD,1111711,2015-08-03,2015-08-03 11:00:59,2015,Q2,1169000000.0,779600000.0,389400000.0,0.3331052181,0,0.0,0.0,0.0,6500000.0,246500000.0,1026100000.0,0.0,117100000.0,167400000.0,217700000.0,0.1862275449,165100000.0,0.1412318221,-127100000.0,-42700000.0,-0.0365269461,-15300000.0,-36400000.0,-0.0311377246,-0.11,-0.11,317500000,317500000,https://www.sec.gov/Archives/edgar/data/1111711/000111171115000030/0001111711-15-000030-index.htm,https://www.sec.gov/Archives/edgar/data/1111711/000111171115000030/ni-2015630x10q.htm,3.681889763779528,-0.1146456692913385,1.6103937007874016,-0.2277165354330708,1.5640944881889765,23.48314960629921,11.122204724409448,20.491023622047244,30.244409448818896,5689600000.000001,14678500000.0,-39.07692307692308,4.867065868263474,11.127713671034618,-78.69432918395576,0.874529273428734,0.874529273428734,12.556458511548332,67.42535599448783,28.70819479757481,-203.0221300138313,-0.0063976377952755,-0.0127073959505061,1.4579842911818504,0.3704275019623617,41.290307762976575,0.9252862179614152,1.4099060631938514,-18.66058394160584,0.014517716535433,-2.269230769230769,0.0,0.0,0.1532633782300864,1.1414042636416977,0.4992301112061591,3.4862604540023896,0.0119760479041916,,0.0044725963084722,-0.0016787886893918,-53.27267716535433,-188600000.0,3531300000.0,-15815300000.0,20644300000.0,912350000.0,496550000.0,408000000.0,51.79041916167665,49.54848640328374,54.44330425859416,1.7377731529656608,1.8164026095060577,1.6530958439355383,-0.0055949215327625,1.8381102362204724,2015-08-03,0.22,bmo,1032033333.0,2025-04-25,2015-06-30,-0.1818181818181818,17.79714285714286,5652323.253968254
2015-03-31,NI,USD,1111711,2015-04-30,2015-04-30 17:17:46,2015,Q1,2149700000.0,1380100000.0,769600000.0,0.3580034423,0,0.0,0.0,0.0,7100000.0,259900000.0,1640000000.0,0.0,111000000.0,157500000.0,511600000.0,0.2379866958,530100000.0,0.2465925478,-103900000.0,426200000.0,0.1982602224,150900000.0,268400000.0,0.1248546309,0.85,0.85,316600000,317400000,https://www.sec.gov/Archives/edgar/data/1111711/000111171115000022/0001111711-15-000022-index.htm,https://www.sec.gov/Archives/edgar/data/1111711/000111171115000022/ni-2015331x10q.htm,6.789955780164245,0.8477574226152874,1.908717624763108,0.6216045483259633,0.1326595072646873,23.593493367024635,11.186355022109918,20.60486418193304,27.939355653821856,5493010000.0,14185610000.0,5.11644001490313,2.55524491789552,9.08987257984445,27.911636178861787,0.8420341841036254,0.8420341841036254,6.598878913336745,27.727931978107897,23.474449776601027,72.08135162601626,0.0488620992861837,0.0358273514885281,1.3389438185023377,0.3508026459000197,16.991008600469115,0.8196780742459396,4.775675675675676,2.195059934616782,0.0149462680752447,0.305886736214605,0.0,0.0,0.1577619894854793,0.6743339400959788,0.1895613341396474,2.587301587301587,0.0090245150486114,19.824942557919456,0.0149413216574014,0.0127987487363381,-51.64560960202148,-497400000.0,3541600000.0,-15168200000.0,19714100000.0,1036400000.0,587000000.0,496150000.0,48.22998557938317,36.773422215781466,22.459242083906965,1.866059027777777,2.447419755275758,4.00725900116144,0.041143557906032,1.2871130764371446,2015-04-30,0.82,bmo,1786828235.0,2025-04-25,2015-03-31,0.0365853658536585,16.94950819672131,5287929.032786885
2014-12-31,NI,USD,1111711,2015-02-18,2015-02-18 10:36:47,2014,Q4,1691100000.0,1133200000.0,557900000.0,0.329903613,33700000,0.0,0.0,59800000.0,1100000.0,232500000.0,1365700000.0,0.0,90700000.0,154700000.0,501700000.0,0.296670806,351300000.0,0.2077346106,-114700000.0,236600000.0,0.139908935,82300000.0,154200000.0,0.0911832535,0.49,0.49,315700000,316600000,https://www.sec.gov/Archives/edgar/data/1111711/000111171115000008/0001111711-15-000008-index.htm,https://www.sec.gov/Archives/edgar/data/1111711/000111171115000008/ni-20141231x10k.htm,5.356667722521381,0.4884383908774152,1.3718720304086158,-0.4868546088058283,0.080456129236617,19.56065885334178,7.1092809629395,19.56065885334178,31.96103896103896,5262719000.000001,15236719000.0,8.532294098573283,3.1120093430311635,12.151279150311709,-34.240201691607034,0.8522207827959776,0.8522207827959776,9.009945597540062,30.370179390073748,35.18060263218656,-99.13284970722188,0.0293004433639721,-0.0292054354412614,1.6192573640147037,0.402126572911933,19.880406617500498,0.6236567296265392,3.8732083792723264,2.8068697342838624,0.0156003009090928,0.5324254215304799,0.0,0.0199278576074744,0.1580814194311176,1.3548833987531748,0.3469930814262906,3.793148028442146,0.0104665602270711,14.66182036902776,0.0100682595866219,0.007365514869551,-55.91083306936965,-1488400000.0,2244400000.0,-16224500000.0,18459600000.0,780050000.0,518900000.0,685100000.0,49.00478978179883,48.45481821390752,51.4569361101306,1.8365551694178976,1.857400426159646,1.7490353449606422,0.0249704467799135,1.858726639214444,2015-02-18,0.52,bmo,1420619607.0,2025-04-25,2014-12-31,-0.0192307692307692,16.280625,5069926.21875
2014-09-30,NI,USD,1111711,2014-10-30,2014-10-30 10:23:36,2014,Q3,1123900000.0,760000000.0,363900000.0,0.3237832547,0,0.0,0.0,0.0,9200000.0,221000000.0,981000000.0,0.0,109600000.0,153000000.0,200600000.0,0.1784856304,157800000.0,0.1404039505,-89000000.0,57400000.0,0.0510721594,25900000.0,31400000.0,0.0279384287,0.1,0.1,315400000,315400000,https://www.sec.gov/Archives/edgar/data/1111711/000111171114000063/0001111711-14-000063-index.htm,https://www.sec.gov/Archives/edgar/data/1111711/000111171114000063/ni-2014930x10q.htm,3.563411540900444,0.0995561192136968,0.7466708941027267,-1.1201648700063411,0.0561192136968928,19.046607482561825,6.574825618262524,19.046607482561825,31.18833227647432,5077940000.0,14787440000.0,40.42945859872612,4.51814218346828,21.5623779193206,-14.372884234361733,0.8452948912156877,0.8452948912156877,13.157255983628437,73.7160518444666,62.79167728237792,-41.85519388621568,0.0061836098890494,-0.069575457764369,1.6192299369100926,0.4102555451052505,48.402293120638085,0.6598655076267017,1.4397810218978102,7.476190476190476,0.0161482806019763,2.611464968152866,0.0,0.0,0.1659039818473983,2.500212314225053,0.5238900258030074,3.848366013071895,0.0237565619717056,6.531817688506345,0.0039377920903448,0.0015877430283417,-53.40670577045022,-1036900000.0,2073700000.0,-15691200000.0,18483200000.0,731650000.0,443650000.0,633550000.0,51.1940564107127,50.64868421052632,85.53552631578948,1.7580165806350696,1.7769464577975216,1.0521943790668695,0.0052269738484843,1.866835764109068,2014-10-30,0.16,bmo,957942857.0,2025-04-25,2014-09-30,-0.1249999999999999,15.27890625,4961714.96875
2014-06-30,NI,USD,1111711,2014-07-31,2014-07-31 09:47:38,2014,Q2,1335100000.0,904800000.0,430300000.0,0.3222979552,0,0.0,0.0,0.0,7500000.0,222500000.0,1127300000.0,0.0,109100000.0,149100000.0,133400000.0,0.0999176092,219600000.0,0.1644820613,-101600000.0,118000000.0,0.0883828927,39500000.0,78200000.0,0.0585723916,0.25,0.25,315000000,316100000,https://www.sec.gov/Archives/edgar/data/1111711/000111171114000052/0001111711-14-000052-index.htm,https://www.sec.gov/Archives/edgar/data/1111711/000111171114000052/ni-2014630x10q.htm,4.238412698412699,0.2482539682539682,0.8158730158730159,-0.6653968253968254,0.0911111111111111,19.13746031746032,6.640952380952381,19.13746031746032,29.78031746031746,4869900000.0,14123600000.0,15.56873401534527,3.647591940678601,18.949027237354088,-23.23425572519084,0.8078396894646916,0.8078396894646916,10.578683244700771,105.87406296851574,54.9556420233463,-67.38358778625954,0.0160578245959875,-0.0430398981498593,1.538028963389347,0.3986490553706713,69.36806596701649,0.5987352101183191,2.0128322639780016,3.2738853503184715,0.0161604961087496,1.0063938618925832,0.0,0.0,0.1692507459862927,1.8155642023346303,0.3494869298179912,3.129443326626425,0.0104861059096696,10.339070823218512,0.0068083341725958,0.0040473257631434,-51.77904761904762,-1376900000.0,2091900000.0,-15175000000.0,17648300000.0,1130350000.0,587000000.0,442350000.0,55.54640101865029,45.71618037135279,54.190981432360736,1.620266990291262,1.968668407310705,1.6607929515418502,0.0129721480351011,1.4812698412698413,2014-07-31,0.24,bmo,691584000.0,2025-04-25,2014-06-30,0.0416666666666667,14.456507936507936,5087358.968253968
2014-03-31,NI,USD,1111711,2014-04-30,2014-04-30 09:42:01,2014,Q1,2320500000.0,1562500000.0,758000000.0,0.3266537384,0,0.0,0.0,0.0,4500000.0,249800000.0,1812300000.0,0.0,109100000.0,148700000.0,656900000.0,0.2830855419,533700000.0,0.2299935359,-104600000.0,429100000.0,0.1849170437,162700000.0,266200000.0,0.1147166559,0.85,0.85,314200000,315100000,https://www.sec.gov/Archives/edgar/data/1111711/000111171114000036/0001111711-14-000036-index.htm,https://www.sec.gov/Archives/edgar/data/1111711/000111171114000036/ni-2014331x10q.htm,7.38542329726289,0.8472310630171865,1.2539783577339274,0.024506683640993,0.1549968173138128,19.134627625716103,6.597708465945257,19.134627625716103,28.93252705283259,4386232000.0,13329732000.0,4.119301277235162,1.8902098685628097,11.132568527918783,569.6405194805195,0.7295673724655279,0.7295673724655279,5.744336134453781,20.291873953417568,33.83180710659899,1731.134025974026,0.0606899042275921,0.0017554930974923,1.4939039603466342,0.3886866920843196,13.61470543461714,0.694474377394636,4.891842346471128,1.478978978978979,0.0178969101497595,0.2948910593538693,0.0,0.0,0.1704699380715185,0.9804568527918782,0.1664727429433311,2.597848016139879,0.0059900883430295,19.098629409853032,0.0156962158381696,0.0138875846454022,-50.28333863781031,-1020700000.0,2073000000.0,-14775100000.0,17576100000.0,1221250000.0,666700000.0,443350000.0,55.722042663219135,41.14944,19.57824,1.615159741073293,2.187150055991041,4.596940276551927,0.0442773739625089,1.2294716740929343,2014-04-30,0.79,bmo,2235603658.0,2025-04-25,2014-03-31,0.0379746835443036,13.524754098360656,5302571.967213115
2013-12-31,NI,USD,1111711,2014-02-18,2014-02-18 10:20:54,2013,Q4,1596800000.0,1045500000.0,551300000.0,0.345253006,36300000,0.0,0.0,56300000.0,-20000000.0,224800000.0,1270300000.0,0.0,117000000.0,145900000.0,483200000.0,0.3026052104,344100000.0,0.215493487,-108400000.0,235700000.0,0.1476077154,82700000.0,151800000.0,0.0950651303,0.48,0.48,313300000,314200000,https://www.sec.gov/Archives/edgar/data/1111711/000111171114000016/0001111711-14-000016-index.htm,https://www.sec.gov/Archives/edgar/data/1111711/000111171114000016/ni-20131231x10k.htm,5.096712416214491,0.4845196297478455,1.1433131184168528,-0.7162464091924673,0.0855410150015959,18.789020108522184,6.207149696776253,18.789020108522184,28.570060644749443,4047836000.0,12855036000.0,6.666396574440053,2.5349674348697397,11.300491345616974,-18.03848484848485,0.6876356470628207,0.6876356470628207,8.050498496993988,26.60396523178808,35.88787269681742,-57.28625668449198,0.0375015193303286,-0.0554370285752683,1.5006964971290728,0.3899549304976185,18.22682119205298,0.6793355147243896,2.941025641025641,2.3411764705882354,0.0193436690616912,0.5158102766798419,0.0,0.0227329659318637,0.1740053589006749,1.626465661641541,0.3648547094188377,3.993145990404386,0.0068887775551102,14.311956679360264,0.0107821241792449,0.0081124412141941,-50.152409830833065,-1019200000.0,1944700000.0,-14608100000.0,17287800000.0,843750000.0,494300000.0,578850000.0,56.68962925851703,53.285509325681495,47.07030129124821,1.587591966593756,1.6890145395799676,1.912033650329188,0.0257873815105493,1.85955952760932,2014-02-18,0.46,bmo,1562825531.0,2025-04-25,2013-12-31,0.0217391304347825,12.39796875,5355166.359375
2013-09-30,NI,USD,1111711,2013-10-31,2013-10-31 10:01:05,2013,Q3,1076800000.0,711900000.0,364900000.0,0.3388744428,0,0.0,0.0,0.0,4700000.0,208800000.0,920700000.0,0.0,103700000.0,144500000.0,300600000.0,0.2791604755,176400000.0,0.1638187221,-99000000.0,77400000.0,0.0718796434,27900000.0,48100000.0,0.0446693908,0.16,0.16,312800000,313800000,https://www.sec.gov/Archives/edgar/data/1111711/000111171113000050/0001111711-13-000050-index.htm,https://www.sec.gov/Archives/edgar/data/1111711/000111171113000050/ni-2013930x10q.htm,3.442455242966752,0.153772378516624,0.5885549872122762,-0.995843989769821,0.114769820971867,18.225383631713555,5.614769820971867,18.225383631713555,27.34910485933504,3797392000.0,12233592000.0,19.73696465696466,3.526552748885587,20.62678978815861,-12.19066452648475,0.6661039484993597,0.6661039484993597,11.361062407132245,40.69724550898203,66.45079847908745,-39.273168539325845,0.0126665880161963,-0.0820299826828518,1.4824150572716588,0.3826780353285848,28.0645375914837,0.5807492680330051,1.7010607521697203,3.6527777777777777,0.0205667468620569,1.6237006237006235,0.0,0.0,0.1786171951766202,2.692015209125475,0.4602526002971768,3.429757785467128,0.0155089153046062,7.940882399620156,0.005519138645746,0.0026516717660354,-49.65017583120205,-1260100000.0,1756300000.0,-14637700000.0,16596900000.0,742850000.0,381300000.0,515600000.0,56.97715453194651,46.72566371681416,77.23135271807838,1.579580460613173,1.9261363636363635,1.1653298412178752,0.008437264291603,1.5843989769820972,2013-10-31,0.16,bmo,957155555.0,2025-04-25,2013-09-30,0.1249999999999999,11.84328125,4668094.078125
2013-06-30,NI,USD,1111711,2013-07-31,2013-07-31 09:47:49,2013,Q2,1212300000.0,812800000.0,399500000.0,0.329538893,0,0.0,0.0,0.0,13300000.0,214200000.0,1027000000.0,0.0,102000000.0,143300000.0,350600000.0,0.2892023427,193500000.0,0.1596139569,-88700000.0,104800000.0,0.086447249,32700000.0,71700000.0,0.0591437763,0.23,0.23,312200000,313200000,https://www.sec.gov/Archives/edgar/data/1111711/000111171113000038/0001111711-13-000038-index.htm,https://www.sec.gov/Archives/edgar/data/1111711/000111171113000038/ni-2013630x10q.htm,3.883087764253683,0.2296604740550928,1.4266495836002562,0.0416399743754003,0.1425368353619474,18.266175528507368,5.622357463164638,18.266175528507368,26.1598334401025,3502884000.0,11523484000.0,12.213682008368204,2.889453105666914,7.864580152671756,269.4526153846154,0.614250092061655,0.614250092061655,9.50547224284418,32.86789503707929,25.87221374045801,886.4218461538461,0.0204688479549993,0.0037112276626916,1.4142599119715222,0.373011248011248,22.87678265830006,0.8257253384912959,1.897058823529412,6.17753120665742,0.0213538330130258,1.0432357043235705,0.0,0.0,0.1825674325674325,0.9708127525819488,0.3566773900849624,3.0174459176552686,0.0102284912975336,9.715344407103494,0.0066555128838261,0.0040567607020402,-48.242312620115314,-360400000.0,1755300000.0,-14211300000.0,17060900000.0,1012950000.0,460200000.0,338950000.0,59.68819599109131,43.51624015748031,46.53912401574803,1.5078358208955225,2.0681933842239184,1.933856768974542,0.0125729917407543,1.3850096092248558,2013-07-31,0.23,bmo,1201500000.0,2025-04-25,2013-06-30,0.0,11.5709375,5387869.90625
2013-03-31,NI,USD,1111711,2013-04-30,2013-04-30 11:59:14,2013,Q1,1794300000.0,1143100000.0,651200000.0,0.3629270468,0,0.0,0.0,0.0,4100000.0,230400000.0,1373500000.0,0.0,98600000.0,143600000.0,576600000.0,0.3213509447,428100000.0,0.2385888647,-94500000.0,333600000.0,0.1859220866,118200000.0,260500000.0,0.1451819651,0.84,0.83,311100000,312100000,https://www.sec.gov/Archives/edgar/data/1111711/000111171113000021/0001111711-13-000021-index.htm,https://www.sec.gov/Archives/edgar/data/1111711/000111171113000021/ni-2013331x10q.htm,5.767598842815815,0.8373513339762134,1.4435872709739634,0.2565091610414657,0.3265830922532947,18.29218900675024,5.594985535197686,18.29218900675024,26.11057537769206,3565206000.0000005,11488206000.0,3.421502879078695,1.986962046480522,7.938557114228457,44.67676691729323,0.6264969160208762,0.6264969160208762,6.402611603410801,19.92404786680541,25.580507682030728,143.9624812030075,0.073067306629687,0.0223829983456776,1.4100901470820812,0.3708750069327614,13.74089490114464,0.6830957504034427,4.341784989858012,2.084958217270195,0.020952505970202,0.2867562380038387,0.0,0.0,0.1825673402229576,0.822311289245157,0.2058184250125397,2.5717270194986077,0.0059075962770997,18.564273470521684,0.0139025316902268,0.0147289144705223,-47.56951141112182,-942600000.0,1740600000.0,-13913900000.0,16126400000.0,1064600000.0,533150000.0,399150000.0,61.28908209329544,41.52392616568979,20.28169014084507,1.4684507733857108,2.1674251042851727,4.4375,0.0457764422654506,1.1870781099324976,2013-04-30,0.71,bmo,1833857971.0,2025-04-25,2013-03-31,-0.028169014084507,10.6675,5453954.7
2012-12-31,NI,USD,1111711,2013-02-19,2013-02-19 11:56:41,2012,Q4,1380300000.0,2099200000.0,-718900000.0,-0.5208288053,30600000,0.0,0.0,50900000.0,-1008400000.0,-1008400000.0,1090800000.0,0.0,0.0,141800000.0,456300000.0,0.3305803086,297500000.0,0.2155328552,-107500000.0,190000000.0,0.1376512352,63400000.0,134000000.0,0.0970803449,0.43,0.43,309900000,311100000,https://www.sec.gov/Archives/edgar/data/1111711/000111171113000007/0001111711-13-000007-index.htm,https://www.sec.gov/Archives/edgar/data/1111711/000111171113000007/ni-20121231x10k.htm,4.454017424975799,0.4323975475959987,1.0767989674088416,-0.4543401097128106,0.1171345595353339,17.922878347854148,5.131978057437883,17.922878347854148,26.147789609551467,3030822000.0,11097722000.0,5.654518656716418,2.195770484677244,9.082475277195083,-21.525724431818183,0.5456712817096663,0.5456712817096663,8.0400796928204,24.32110891957046,33.256583757866345,-78.81904829545455,0.0442124281795499,-0.0464560439379151,1.4589057126910685,0.3709458129431853,17.67893929432391,0.7125030288345044,0.0,2.596887159533074,0.0245477959444665,0.5552238805970149,0.0,0.0221690936752879,0.181458202676164,1.4219358705424034,0.3437658480040571,3.346262341325811,0.0086937622256031,13.204949620432297,0.0099978286075906,0.0074940718536083,-49.38133268796386,-949200000.0,1590400000.0,-13938000000.0,15930600000.0,760200000.0,419500000.0,556950000.0,59.1588785046729,23.10451600609756,23.181688262195124,1.5213270142180095,3.895342364074968,3.882374699463658,0.0241254523522316,1.5311390771216522,2013-02-19,0.43,bmo,1361927272.0,2025-04-25,2012-12-31,0.0232558139534883,9.72483870967742,6055941.467741936
2012-09-30,NI,USD,1111711,2012-11-02,2012-11-02 06:32:15,2012,Q3,973500000.0,233700000.0,739800000.0,0.7599383667,0,0.0,0.0,0.0,611300000.0,611300000.0,845000000.0,0.0,107900000.0,126000000.0,259000000.0,0.2660503338,137200000.0,0.1409347714,-105700000.0,31500000.0,0.032357473,11500000.0,19300000.0,0.0198253724,0.06,0.06,290300000,300000000,https://www.sec.gov/Archives/edgar/data/1111711/000111171112000011/0001111711-12-000011-index.htm,https://www.sec.gov/Archives/edgar/data/1111711/000111171112000011/ni-2012930x10q.htm,3.3534274888046847,0.0664829486737857,0.5856011023079573,-0.8088184636582846,0.0423699621081639,18.63864967275233,4.974509128487771,18.63864967275233,27.47571477781605,2900097000.0,10756097000.0,37.56602331606218,2.9790416024653315,17.05939411764706,-12.351350085178876,0.5359830339321358,0.5359830339321358,11.048892655367233,41.52933204633205,63.27115882352941,-45.80961243611584,0.0066549498171957,-0.0809628091750034,1.454184224144304,0.3775829470309905,30.33204633204633,0.6742327014044223,1.2715477293790547,8.808290155440414,0.0235854180049839,3.5440414507772022,0.0,0.0,0.1903534786405996,2.381176470588235,0.415819209039548,3.212698412698413,0.0136620441705187,5.280239460924191,0.0045464852015966,0.0011439138449137,-50.53074405787117,-888400000.0,1444100000.0,-13589100000.0,15621000000.0,604900000.0,296100000.0,501600000.0,56.68104776579353,115.57124518613608,220.74454428754817,1.5878323275159028,0.7787404198600466,0.4077110956036287,0.0035669401936867,1.3944195659662415,2012-11-02,0.04,bmo,764959999.0,2025-04-25,2012-09-30,0.25,9.846666666666668,6357405.555555556
2012-06-30,NI,USD,1111711,2012-07-31,2012-07-31 12:01:06,2012,Q2,1048700000.0,241100000.0,807600000.0,0.7700963097,0,0.0,0.0,0.0,609000000.0,609000000.0,850100000.0,0.0,103200000.0,148000000.0,355100000.0,0.3386097073,208600000.0,0.1989129398,-100400000.0,108200000.0,0.10317536,37700000.0,69400000.0,0.0661771717,0.25,0.23,284400000,295800000,https://www.sec.gov/Archives/edgar/data/1111711/000119312512324979/0001193125-12-324979-index.htm,https://www.sec.gov/Archives/edgar/data/1111711/000119312512324979/d365886d10q.htm,3.687412095639944,0.2440225035161744,1.0260196905766523,-0.1234177215189873,0.1856540084388185,17.95112517580872,3.9940225035161743,17.95112517580872,28.14556962025317,2767212000.0,10615812000.0,9.968342939481268,2.638706970534948,9.483248800548322,-78.83794871794872,0.5420273049575931,0.5420273049575931,10.122830170687518,29.89527457054351,36.38043865661412,-302.4447863247863,0.0250793939893293,-0.0126842468159288,1.5476857383503415,0.3871451390045763,22.102506336243312,0.6579273560455245,2.0213178294573644,4.204610951008646,0.0235977583213718,0.9409221902017292,0.0,0.0,0.1944888139778729,1.1202878684030158,0.311719271478974,2.208783783783784,0.0102984647659006,9.9277775152596,0.0072137050418659,0.0042214111922141,-51.296677215189874,-910700000.0,1135900000.0,-13552500000.0,15207700000.0,702050000.0,336400000.0,399600000.0,51.209116048440926,109.03774367482372,160.5143094151804,1.7574995810289928,0.8254022595001712,0.5606976744186046,0.0135937163340058,1.14943741209564,2012-07-31,0.2,bmo,897565217.0,2025-04-25,2012-06-30,0.15,9.709047619047618,6338440.301587301
2012-03-31,NI,USD,1111711,2012-05-01,2012-05-01 12:26:05,2012,Q1,1658700000.0,630300000.0,1028400000.0,0.6200036173,0,0.0,0.0,0.0,638300000.0,638300000.0,1268600000.0,0.0,103300000.0,146100000.0,543400000.0,0.3276059565,399400000.0,0.2407909809,-102800000.0,296400000.0,0.1786941581,102900000.0,193400000.0,0.1165973353,0.68,0.66,282900000,293100000,https://www.sec.gov/Archives/edgar/data/1111711/000119312512199491/0001193125-12-199491-index.htm,https://www.sec.gov/Archives/edgar/data/1111711/000119312512199491/d323834d10q.htm,5.863202545068929,0.6836337928596677,1.696712619300106,0.6624248851184164,0.136090491339696,17.95864262990456,3.917638741604807,17.95864262990456,28.11134676564157,2707353000.0,10518253000.0,3.4996807135470527,1.632213781877374,5.64031875,14.446921024546423,0.5328910540301152,0.5328910540301152,6.341263037318382,19.356372837688628,21.913027083333333,56.127283884738524,0.0714350880731105,0.0692189012662922,1.5450054128530657,0.3839107107048357,14.374125874125872,0.5298784423407917,3.866408518877057,2.481902792140642,0.0240456268539787,0.3366080661840744,0.0,0.0,0.1942785595155997,0.6095833333333334,0.1764032073310424,2.002737850787132,0.0053656477964671,16.620335043346504,0.0139117995376288,0.0117399248499122,-51.38476493460587,-1748100000.0,1108300000.0,-13395100000.0,14126100000.0,861900000.0,407750000.0,478000000.0,43.80900705371677,54.359828653022376,52.71775345073775,2.054372058459252,1.6556343577620174,1.707204767063922,0.0380671193780139,1.0342877341816896,2012-05-01,0.71,bmo,1540419736.0,2025-04-25,2012-03-31,0.0704225352112676,9.206129032258064,8203119.225806451
2011-12-31,NI,USD,1111711,2012-02-24,2012-02-24 14:26:10,2011,Q4,1489900000.0,599900000.0,890000000.0,0.5973555272,0,0.0,0.0,0.0,685000000.0,685000000.0,1284900000.0,0.0,0.0,129900000.0,357900000.0,0.2402174643,195100000.0,0.1309483858,-163600000.0,31500000.0,0.0211423585,8300000.0,20300000.0,0.0136250755,0.0718,0.0718,281300000,282900000,https://www.sec.gov/Archives/edgar/data/1111711/000119312512077712/0001193125-12-077712-index.htm,https://www.sec.gov/Archives/edgar/data/1111711/000119312512077712/d260054d10k.htm,5.296480625666548,0.0721649484536082,0.2705296836118023,-0.9772484891574832,0.0408816210451475,17.76501955207963,3.634553857092072,17.76501955207963,28.27515108425169,2632968000.0,10575268000.0,32.425714285714285,1.76721122222968,34.59879106438896,-9.57791196798836,0.5268781141816581,0.5268781141816581,7.097971675951406,29.54810841017044,138.96541392904075,-38.46950891233176,0.0077099303903427,-0.1044068898672524,1.5916194745162389,0.384087539778736,22.191394244202293,0.616553312856516,0.0,3.748768472906404,0.0244970694668526,3.1773399014778323,0.0,0.0,0.1919471902570466,4.612352168199737,0.2355862809584535,2.7020785219399537,0.0079199946305121,5.370778687089638,0.007664182840996,0.0012131425771212,-52.324209029505866,-1398200000.0,1022400000.0,-13462800000.0,14376800000.0,761400000.0,339600000.0,619900000.0,55.35673535136586,65.23087181196865,88.03467244540757,1.625818419903972,1.3797148114075437,1.0223244717109747,0.0040621935845356,1.2477781727692854,2012-02-01,0.36,bmo,1663987500.0,2025-04-25,2011-12-31,-0.111111111111111,8.737142857142858,8425932.507936507
2011-09-30,NI,USD,1111711,2011-10-28,2011-10-28 12:07:59,2011,Q3,1068700000.0,323100000.0,745600000.0,0.6976700664,0,0.0,0.0,0.0,601200000.0,601200000.0,924300000.0,0.0,0.0,134900000.0,279200000.0,0.2612519884,147500000.0,0.1380181529,-94100000.0,53400000.0,0.0499672499,17100000.0,34700000.0,0.0324693553,0.12,0.12,280800000,289000000,https://www.sec.gov/Archives/edgar/data/1111711/000119312511285590/0001193125-11-285590-index.htm,https://www.sec.gov/Archives/edgar/data/1111711/000119312511285590/d230358d10q.htm,3.805911680911681,0.1235754985754985,0.2069088319088319,-0.9654558404558404,0.0872507122507122,17.770655270655272,3.60505698005698,17.770655270655272,26.99252136752137,2358720000.0,9916020000.0,16.993659942363113,2.2070927294844203,40.59759036144578,-8.70055330136481,0.472689378757515,0.472689378757515,9.278581454103117,35.51583094555874,170.67160068846815,-36.5769826632239,0.0147113688780355,-0.1149352191018857,1.518937875751503,0.3839257221876092,27.06769340974212,0.6443959545580493,0.0,1.6743515850144093,0.027387735721069,1.861671469740634,0.0,0.0,0.2014831248955278,5.666092943201377,0.3080378029381491,2.440326167531505,0.0095443061663703,7.029252852501615,0.0055404928929267,0.0022011621121006,-49.666310541310544,-1026700000.0,1012300000.0,-12891600000.0,14499700000.0,682050000.0,280300000.0,543800000.0,51.067652287826334,68.07799442896936,181.8941504178273,1.762368073878628,1.322013093289689,0.4947932618683001,0.0069539078156312,1.1723646723646723,2011-10-28,0.1,bmo,941545454.0,2025-04-25,2011-09-30,0.0999999999999999,8.1428125,9836452.171875
2011-06-30,NI,USD,1111711,2011-08-02,2011-08-02 11:01:36,2011,Q2,1228300000.0,462500000.0,765800000.0,0.6234633233,0,0.0,0.0,0.0,604800000.0,604800000.0,1067300000.0,0.0,0.0,134500000.0,297700000.0,0.2423674998,163300000.0,0.1329479769,-96000000.0,69500000.0,0.0565822682,30000000.0,38900000.0,0.0316697875,0.14,0.14,280200000,287100000,https://www.sec.gov/Archives/edgar/data/1111711/000095012311071412/0000950123-11-071412-index.htm,https://www.sec.gov/Archives/edgar/data/1111711/000095012311071412/c65179e10vq.htm,4.383654532476802,0.1388294075660242,1.1202712348322628,0.2794432548179871,0.2137758743754461,17.856531049250535,3.650963597430407,17.856531049250535,25.8401142041399,2230392000.0,9410892000.0,14.33413881748072,1.8158365220223072,7.105422108951895,28.48521072796935,0.4457752728144861,0.4457752728144861,7.661721077912562,31.61199865636547,29.9805415737496,120.19019157088124,0.0174408803474904,0.035105936534923,1.4470959747371788,0.3742524410352367,24.11991938192812,0.6821859974199601,0.0,8.069408740359897,0.0289186833525227,1.6580976863753214,0.0,0.0,0.205744767733365,0.750557502389296,0.1918098184482618,1.7516728624535316,0.0076528535374094,7.468451084523136,0.0052469269115083,0.0025315796666644,-48.17068165596003,-813000000.0,1023000000.0,-12597800000.0,14462400000.0,953400000.0,372900000.0,338450000.0,55.51819588048522,61.53081081081081,84.57081081081081,1.6210901412168404,1.4626818469323213,1.0641969627243442,0.0077747131950273,0.8408279800142755,2011-08-02,0.16,bmo,1156047058.0,2025-04-25,2011-06-30,0.0625,7.702539682539682,6416554.777777778
2011-03-31,NI,USD,1111711,2011-05-03,2011-05-03 12:21:50,2011,Q1,2232200000.0,1170900000.0,1061300000.0,0.4754502285,0,0.0,0.0,0.0,664400000.0,664400000.0,1835300000.0,0.0,0.0,138900000.0,538400000.0,0.2411970254,399200000.0,0.1788370218,-79300000.0,312700000.0,0.1400860138,107900000.0,205200000.0,0.0919272467,0.75,0.73,279300000,285000000,https://www.sec.gov/Archives/edgar/data/1111711/000095012311043546/0000950123-11-043546-index.htm,https://www.sec.gov/Archives/edgar/data/1111711/000095012311043546/c63930e10vq.htm,7.992123165055496,0.7346938775510204,1.5112781954887218,0.761546723952739,0.2237737200143215,17.953097028284997,3.691729323308271,17.953097028284997,25.875402792696026,2105922000.0,9270422000.0,2.5656944444444445,0.943428904220052,4.989154228855721,9.900902679830748,0.4199832479109746,0.4199832479109746,4.1530427381059045,17.218465824665675,21.962620232172476,43.58449459332393,0.0974395063065013,0.1010008917709203,1.4412779450770796,0.3710187485882087,13.307020802377414,0.6411937598914764,0.0,2.057017543859649,0.0304854595754258,0.3128654970760234,0.0,0.0,0.2044889828942234,0.496090973702914,0.0938087984947585,1.50755939524838,0.00349431054565,17.227178688619016,0.014786274394739,0.0132424688298613,-48.04520229144289,-1110900000.0,1031100000.0,-12479300000.0,14012900000.0,1195050000.0,505700000.0,403000000.0,46.33052593853597,33.02075326671791,18.62413528055342,1.942563745539988,2.725558659217877,4.832439125051589,0.0409229603334463,0.7497314715359829,2011-05-03,0.72,bmo,2263030985.0,2025-04-25,2011-03-31,-0.0138888888888889,7.351612903225806,6425226.5
2010-12-31,NI,USD,1111711,2011-02-28,2011-02-28 14:19:33,2010,Q4,1754100000.0,828700000.0,925400000.0,0.5275639929,0,0.0,0.0,0.0,672900000.0,672900000.0,1501600000.0,6600000.0,97800000.0,141800000.0,404600000.0,0.2306595975,255400000.0,0.1456017331,-197700000.0,57700000.0,0.0328943618,21900000.0,33400000.0,0.0190411037,0.12,0.12,278700000,279300000,https://www.sec.gov/Archives/edgar/data/1111711/000095012311019598/0000950123-11-019598-index.htm,https://www.sec.gov/Archives/edgar/data/1111711/000095012311019598/c62032e10vk.htm,6.293864370290635,0.1198421241478292,1.4097595981341944,0.5123789020452099,0.033010405453893,17.664872622892,3.363114459992824,17.664872622892,26.73340509508432,1928604000.0,9272204000.0,14.435658682634733,1.099483495809817,4.908638330363961,13.50563025210084,0.3917378940526487,0.3917378940526487,5.28601790091785,22.916964903608505,23.59939933825401,64.93140056022409,0.0173182260329232,0.074043193937169,1.4935001624959376,0.3687684314000842,18.150271873455264,0.671041815092892,2.6114519427402865,11.763473053892216,0.0332883266860381,1.9221556886227544,0.0,0.0,0.1999067145465123,0.6365487401374396,0.1425802405792144,1.7637517630465445,0.0043897155236303,6.90162349041041,0.0089323790985502,0.0020936632211071,-49.49336203803373,-1200500000.0,937300000.0,-12566700000.0,13882400000.0,770100000.0,412350000.0,635150000.0,63.67367880964597,63.18571256184385,61.21998310606975,1.4134568896051571,1.4243726366448952,1.4701082135887884,0.0067842053948651,0.8973806960889845,2011-02-01,0.34,bmo,1799630303.0,2025-04-25,2010-12-31,-0.0294117647058823,6.83140625,6124043.484375
2010-09-30,NI,USD,1111711,2010-10-29,2010-10-29 12:00:51,2010,Q3,1138100000.0,420000000.0,718100000.0,0.6309638872,0,0.0,0.0,0.0,597200000.0,597200000.0,1017200000.0,0.0,97600000.0,153100000.0,274000000.0,0.2407521307,123300000.0,0.1083384588,-95500000.0,27800000.0,0.024426676,-5600000.0,33200000.0,0.0291714261,0.12,0.12,278100000,279900000,https://www.sec.gov/Archives/edgar/data/1111711/000095012310097945/0000950123-10-097945-index.htm,https://www.sec.gov/Archives/edgar/data/1111711/000095012310097945/c60368e10vq.htm,4.092412801150665,0.1193815174397698,-0.2517080186983099,-1.0312837108953614,0.0391945343401654,17.5400934915498,3.197411003236246,17.5400934915498,27.01690039554117,1902204000.0,9307104000.0,14.32382530120482,1.6713856427378966,-27.174342857142857,-6.632510460251046,0.3899637138932738,0.3899637138932738,8.177755908971092,33.96753284671533,-132.95862857142856,-32.451548117154815,0.0174534382221885,-0.150772472353123,1.5202853687037454,0.3798027185102482,27.025182481751823,0.675289124015748,1.2633196721311477,-2.108433734939759,0.0335400409209527,1.9216867469879515,0.0,0.0,0.2042826267323588,-3.097142857142857,0.1904929268078376,1.4160679294578706,0.0151129074773745,6.863976033158518,0.0083572107207017,0.0021368759131604,-50.55339805825243,-1055700000.0,889200000.0,-12452000000.0,13854500000.0,272150000.0,260900000.0,599900000.0,23.66048677620596,52.05,151.4142857142857,3.803810160427808,1.7291066282420748,0.5943956977073309,0.0068062075893314,0.7795756921970515,2010-10-29,0.06,bmo,1707150000.0,2025-04-25,2010-09-30,-0.3333333333333333,6.55203125,8411616.5
2010-06-30,NI,USD,1111711,2010-08-03,2010-08-03 13:32:06,2010,Q2,1171100000.0,439100000.0,732000000.0,0.6250533686,0,0.0,0.0,0.0,593200000.0,593200000.0,1032300000.0,0.0,98400000.0,151600000.0,290400000.0,0.2479719921,139200000.0,0.1188626078,-95800000.0,43400000.0,0.0370591751,15400000.0,28100000.0,0.0239945351,0.1,0.1,277600000,278400000,https://www.sec.gov/Archives/edgar/data/1111711/000095012310071671/0000950123-10-071671-index.htm,https://www.sec.gov/Archives/edgar/data/1111711/000095012310071671/c58911e10vq.htm,4.218659942363113,0.1012247838616714,1.1498559077809798,0.4362391930835735,0.0266570605187319,17.63292507204611,3.2546829971181555,17.63292507204611,25.24243515850144,1582320000.0,8483820000.0,14.077580071174378,1.3511399538895057,4.957142857142857,13.066226259289843,0.3232589021226174,0.3232589021226174,7.244317308513364,29.21425619834711,26.578383458646616,70.0563170933113,0.0177587340108195,0.0765331917690479,1.4114486506363766,0.3627080916206865,23.7654958677686,0.696768970339295,1.4146341463414631,11.359430604982206,0.0403837403306537,2.274021352313168,0.0,0.0,0.2095432090339719,0.6206140350877193,0.1691572026300059,1.3067282321899736,0.0032448125693792,6.33719205630582,0.0052024615267318,0.0018662787994713,-49.4069704610951,-824000000.0,903500000.0,-12259800000.0,13967400000.0,634600000.0,343000000.0,418750000.0,18.83613696524635,57.16465497608745,101.08859029833752,4.7780497756017954,1.5743994263176766,0.8903081914030819,0.0057406688594251,0.7136167146974063,2010-08-03,0.09,bmo,810761538.0,2025-04-25,2010-06-30,0.4444444444444445,6.124920634920635,7203755.142857143
2010-03-31,NI,USD,1111711,2010-05-04,2010-05-04 13:28:22,2010,Q1,2358300000.0,1286300000.0,1072000000.0,0.4545647288,0,0.0,0.0,0.0,676100000.0,676100000.0,1962400000.0,-100000.0,98700000.0,149800000.0,545900000.0,0.2314803036,403200000.0,0.1709706144,-96200000.0,307100000.0,0.1302209219,109800000.0,197300000.0,0.0836619599,0.71,0.71,276900000,277500000,https://www.sec.gov/Archives/edgar/data/1111711/000095012310043358/0000950123-10-043358-index.htm,https://www.sec.gov/Archives/edgar/data/1111711/000095012310043358/c57871e10vq.htm,8.516793066088841,0.7125315998555435,0.3008306247742867,-0.2004333694474539,0.3994221740700614,17.799927771758757,3.375586854460094,17.799927771758757,25.844709281329,1719549000.0,8666649000.0,2.178850734921439,0.7291476911334436,20.642845138055225,-30.982864864864865,0.3488778201590651,0.3488778201590651,3.674956112453886,15.875891188862427,104.04140456182472,-156.15583783783785,0.114739388060474,-0.0322759049029716,1.431930693069307,0.364708861282788,12.72595713500641,0.7330842119311357,4.085106382978723,0.4221996958945768,0.0370445971589062,0.3228585909782058,0.0,0.0,0.2063963703259679,1.666266506602641,0.0588559555612093,0.9265687583444592,0.0009328753763304,16.892831254168104,0.0148462634027133,0.0128471430896955,-48.29171180931744,-800000000.0,934700000.0,-12225600000.0,13891300000.0,965050000.0,454700000.0,465750000.0,39.08281389136243,28.48402394464744,24.0900256549794,2.302802460697197,3.159665929746991,3.7359860586697646,0.0400300275929232,0.5012639942217407,2010-05-04,0.68,bmo,2227661111.0,2025-04-25,2010-03-31,0.0588235294117645,5.977540983606557,6849360.049180328
2009-12-31,NI,USD,1111711,2010-02-26,2010-02-26 14:24:41,2009,Q4,2317900000.0,1377600000.0,940300000.0,0.4056689245,0,0.0,0.0,0.0,664000000.0,664000000.0,2041600000.0,6800000.0,98600000.0,148900000.0,392700000.0,0.1694205962,249900000.0,0.1078131067,-104700000.0,145200000.0,0.0626429095,55300000.0,89500000.0,0.0386125372,0.32,0.32,276000000,276900000,https://www.sec.gov/Archives/edgar/data/1111711/000095012310017958/0000950123-10-017958-index.htm,https://www.sec.gov/Archives/edgar/data/1111711/000095012310017958/c55429e10vk.htm,8.398188405797102,0.3242753623188406,1.9782608695652173,1.2844202898550725,0.0594202898550724,17.58731884057971,3.105797101449276,17.58731884057971,24.94927536231884,1667040000.0,8438040000.0,4.656536312849162,0.7192027266059795,3.053186813186813,4.702510578279266,0.3434292659813354,0.3434292659813354,3.640381379697139,21.48724216959511,15.454285714285714,23.80265162200282,0.0536879738938477,0.2126523658700451,1.3982818648153108,0.3521951877623666,17.24216959511077,0.705994411988824,2.534482758620689,6.100558659217877,0.0382114406372972,0.711731843575419,0.0,0.0,0.207397375426143,0.3507326007326007,0.0826178868803658,1.2860980523841503,0.0005608524957936,11.327864726330112,0.0091310954851552,0.0058593238536674,-48.652536231884056,-926000000.0,857200000.0,-12194000000.0,13754800000.0,861500000.0,358150000.0,645100000.0,35.17839423616204,32.815766550522646,38.362369337979096,2.5583885209713024,2.742584113079833,2.346049046321526,0.0184380214663892,0.6938405797101449,2010-02-01,0.36,bmo,1732834285.0,2025-04-25,2009-12-31,-0.0277777777777778,5.6021875,7005361.359375
2009-09-30,NI,USD,1111711,2009-10-30,2009-10-30 10:16:26,2009,Q3,884800000.0,227300000.0,657500000.0,0.7431057866,0,0.0,0.0,0.0,559300000.0,559300000.0,786600000.0,0.0,104800000.0,148200000.0,244800000.0,0.2766726944,99600000.0,0.1125678119,-102500000.0,-2900000.0,-0.0032775769,6800000.0,-15400000.0,-0.0174050633,-0.0559,-0.0559,275400000,275400000,https://www.sec.gov/Archives/edgar/data/1111711/000095012309055295/0000950123-09-055295-index.htm,https://www.sec.gov/Archives/edgar/data/1111711/000095012309055295/c54332e10vq.htm,3.2127814088598403,-0.055918663761801,-0.4357298474945534,-1.1623093681917211,0.3042846768336964,17.21060275962237,2.687363834422658,17.21060275962237,26.504357298474947,1503684000.0,8614384000.0,-24.410454545454545,1.6994620253164556,-12.5307,-4.697544517338332,0.3172462973121228,0.3172462973121228,9.735967450271248,35.18947712418301,-71.78653333333334,-26.911540143705093,-0.0102415135094873,-0.2128771736614874,1.517891050255285,0.3710207260031664,29.046977124183005,0.8809155583049799,0.950381679389313,7.792207792207792,0.0421631140585389,-4.116883116883117,0.0,0.0,0.206264729695582,-1.6675,0.2261528028933092,1.3502024291497976,0.0038426763110307,,0.0194648515697278,-0.0010005587535896,-49.39451706608569,-346500000.0,740100000.0,-12088100000.0,14235300000.0,762700000.0,227450000.0,565700000.0,83.10352622061482,84.73383194016718,278.3545974483062,1.0829865361077111,1.0621495327102803,0.3233285917496444,-0.0032490822397569,0.7265795206971678,2009-10-30,0.0094,bmo,139342857.0,2025-04-25,2009-09-30,6.446808510638299,5.111875,7049966.984375
2009-06-30,NI,USD,1111711,2009-08-04,2009-08-04 14:53:29,2009,Q2,1009200000.0,338200000.0,671000000.0,0.6648830757,0,0.0,0.0,0.0,564500000.0,564500000.0,902700000.0,0.0,105300000.0,148200000.0,258700000.0,0.2563416568,103900000.0,0.1029528339,-98700000.0,-2600000.0,-0.0025762981,6100000.0,-4800000.0,-0.0047562426,-0.0175,-0.0175,274700000,274700000,https://www.sec.gov/Archives/edgar/data/1111711/000095012309029492/0000950123-09-029492-index.htm,https://www.sec.gov/Archives/edgar/data/1111711/000095012309029492/c52764e10vq.htm,3.6738259919912633,-0.0174736075718966,0.6636330542409902,0.0131052056789224,0.9060793593010557,17.445941026574445,2.875864579541318,17.445941026574445,25.82344375682563,1258126000.0,7997626000.0,-65.52739583333333,1.2466567578279826,6.901404278661547,349.4794444444444,0.2625252483098239,0.2625252483098239,7.924718588981372,30.91467336683417,43.870685682940206,2221.5627777777777,-0.0038151981598027,0.002861398619852,1.458225523745931,0.3635379981584847,26.05141090065713,0.8281334964654704,0.98670465337132,-37.97916666666666,0.050153959142407,-13.145833333333334,0.0,0.0,0.2082056670810943,0.9802523313219969,0.1770709472849782,1.2066171505739365,0.003269916765755,,0.0208121799361495,-0.0003153558593775,-48.91336002912268,-505700000.0,790000000.0,-11994200000.0,14039800000.0,938250000.0,386250000.0,344100000.0,63.17479191438763,64.1070372560615,114.00354819633353,1.4246188594014682,1.4039020340390205,0.7894491129785247,-0.0010015858442534,0.6505278485620677,2009-08-04,0.00667,bmo,634300000.0,2025-04-25,2009-06-30,1.998500749625188,4.280317460317461,7991240.666666667
2009-03-31,NI,USD,1111711,2009-05-01,2009-05-01 15:13:03,2009,Q1,2720200000.0,1654800000.0,1065400000.0,0.3916623778,0,0.0,0.0,0.0,725500000.0,725500000.0,2380300000.0,0.0,90500000.0,143800000.0,491100000.0,0.1805381957,348300000.0,0.1280420557,-91400000.0,256800000.0,0.0944048232,97500000.0,148400000.0,0.0545548121,0.54,0.54,274200000,276700000,https://www.sec.gov/Archives/edgar/data/1111711/000095013709003509/0000950137-09-003509-index.htm,https://www.sec.gov/Archives/edgar/data/1111711/000095013709003509/c50035e10vq.htm,9.920495988329684,0.5412107950401167,3.8581327498176514,3.103574033552152,0.4930707512764405,17.278264040846096,2.6717724288840263,17.278264040846096,25.45003646973012,1055670000.0,7808370000.0,1.7784198113207548,0.388085434894493,0.9978920502883072,1.2405052878965923,0.2228233108892501,0.2228233108892501,2.870513197559003,15.89975565058033,7.381009547216183,9.175522914218568,0.1405742324779524,0.8061231255979615,1.4538489140300146,0.3559638242894057,13.750152718387294,0.8030506406345332,3.8486187845303865,7.128706199460916,0.0597724667746549,0.4252021563342318,0.0,0.0,0.2069819121447028,0.1955761414122317,0.0760605837806043,1.4388038942976356,0.0005881920447025,14.50522726176105,0.0130881954147408,0.0096709655976904,-49.12882932166302,-645600000.0,732600000.0,-11979900000.0,13836200000.0,1352550000.0,612750000.0,555350000.0,38.64752591721197,28.91225525743292,14.129804205946336,2.328738977827241,3.1128668171557563,6.369515011547344,0.0313232159064525,0.7545587162654996,2009-05-01,0.62,bmo,2721900000.0,2025-04-25,2009-03-31,0.0,3.870655737704918,11271278.016393442
2008-12-31,NI,USD,1111711,2009-02-27,2009-02-27 16:14:07,2008,Q4,2385500000.0,0.0,2385500000.0,1.0,0,0.0,0.0,0.0,2092100000.0,2092100000.0,2092100000.0,0.0,0.0,142900000.0,436300000.0,0.1828966674,293400000.0,0.1229930832,-98400000.0,195000000.0,0.0817438692,68000000.0,-489600000.0,-0.2052399916,-1.79,-1.79,274000000,274200000,https://www.sec.gov/Archives/edgar/data/1111711/000095015209001944/0000950152-09-001944-index.htm,https://www.sec.gov/Archives/edgar/data/1111711/000095015209001944/c48955e10vk.htm,8.706204379562044,-1.7868613138686131,1.119343065693431,-1.1441605839416058,0.0751824817518248,17.25839416058394,2.631021897810219,17.25839416058394,27.6521897810219,1180940000.0,8737040000.0,-0.6030126633986927,0.4950492559211905,3.8504727746984018,-3.766953748006379,0.2497335476230756,0.2497335476230756,3.6625613079019073,20.02530369012148,28.487251385718945,-27.86934609250399,-0.4145849916168476,-0.2654664927938761,1.6022458128912198,0.3782260560497599,17.318588127435252,0.7441637212549636,0.0,1.89320987654321,0.0535166900943316,-0.1290849673202614,0.0,0.0,0.2000728826589191,2.0221715030974896,0.2599874240201216,0.0,0.0,,0.0111866659941781,-0.0305535967249739,-50.01678832116788,-1172600000.0,720900000.0,-11892600000.0,13223400000.0,1061900000.0,595950000.0,976750000.0,57.987843219450845,0.0,0.0,1.552049446974626,0.0,0.0,-0.1035357807477584,2.2635036496350365,2009-02-04,0.43,bmo,2231232608.0,2025-04-25,2008-12-31,0.0697674418604651,4.7625,8912661.1875
2008-09-30,NI,USD,1111711,2008-11-04,2008-11-04 13:24:56,2008,Q3,1409100000.0,313100000.0,1096000000.0,0.7778014335,0,0.0,0.0,0.0,1304600000.0,1304600000.0,1304600000.0,0.0,100200000.0,137300000.0,267000000.0,0.1894826485,104500000.0,0.0741608119,-81900000.0,28500000.0,0.020225676,-4100000.0,20000000.0,0.0141934568,0.08,0.07,274000000,275500000,https://www.sec.gov/Archives/edgar/data/1111711/000095013708013400/0000950137-08-013400-index.htm,https://www.sec.gov/Archives/edgar/data/1111711/000095013708013400/c47397e10vq.htm,5.142700729927007,0.072992700729927,-1.320802919708029,-2.2572992700729926,0.9817518248175182,17.046715328467155,2.4091240875912407,17.046715328467155,28.12554744525547,1589200000.0,8926400000.0,19.865,1.1278120786317507,-4.391268306161924,-2.569442198868229,0.3402415003853729,0.3402415003853729,6.334823646299056,33.43220973782771,-24.665377176015475,-14.432336297493936,0.0125849484017115,-0.3891895293229298,1.6284576517941252,0.3982762412424467,27.480149812734084,0.7777667197452229,1.0429141716566863,-18.095,0.0397055122073999,3.155,0.0,0.0,0.2100084826524521,-0.7090356452058579,0.1821020509545099,0.0,0.0,5.291165304919031,0.0073057686234962,0.0013256358080744,-48.05328467153284,-893200000.0,660100000.0,-11301000000.0,13379300000.0,661900000.0,581600000.0,923800000.0,37.479242069406006,143.14915362503993,316.94027467262856,2.4013292433537834,0.628714859437751,0.2839651732269181,0.0042819217264708,0.9364963503649636,2008-11-04,0.03125,bmo,1956100000.0,2025-04-25,2008-09-30,-0.04,6.5340625,6207789.984375
2008-06-30,NI,USD,1111711,2008-08-04,2008-08-04 17:04:56,2008,Q2,1792100000.0,345200000.0,1446900000.0,0.8073768205,0,0.0,0.0,0.0,1677100000.0,1677100000.0,1677100000.0,0.0,87400000.0,149600000.0,263300000.0,0.1469226048,115000000.0,0.0641705262,-88300000.0,30500000.0,0.0170191396,9500000.0,-202300000.0,-0.1128843257,-0.74,-0.73,274000000,275400000,https://www.sec.gov/Archives/edgar/data/1111711/000095013708010113/0000950137-08-010113-index.htm,https://www.sec.gov/Archives/edgar/data/1111711/000095013708010113/c34232e10vq.htm,6.540510948905109,-0.7383211678832117,-0.7514598540145986,-1.5985401459854014,0.1722627737226277,17.55802919708029,2.910583941605839,17.55802919708029,24.43941605839416,1928960000.0,8490760000.0,-2.383786455758774,1.076368506221751,-9.368431277319086,-4.404018264840182,0.4009561620486811,0.4009561620486811,4.737882930640032,32.24747436384352,-41.23729966002914,-19.385296803652967,-0.1048751658925016,-0.2270653616456536,1.3737554303768529,0.3550133754471911,24.92138245347512,0.734597675948257,1.3157894736842106,1.0177953534354918,0.0326600862641008,-0.3114186851211072,0.0,0.0,0.2155864247268508,-1.127246236036911,0.1295128620054684,0.9838914794404408,0.0,,0.0051029760492928,-0.0138535075464979,-46.83521897810219,-968400000.0,797500000.0,-11124900000.0,13171100000.0,911600000.0,710550000.0,601800000.0,37.01244350203671,173.42989571263035,194.2352259559676,2.431614654002713,0.5189416716776909,0.4633557046979866,-0.0420503440104762,0.8470802919708029,2008-08-04,0.1,bmo,1946500000.0,2025-04-25,2008-06-30,-0.2,7.00828125,6123150.984375
2008-03-31,NI,USD,1111711,2008-05-02,2008-05-02 15:44:21,2008,Q1,3289700000.0,0.0,3289700000.0,1.0,0,0.0,0.0,0.0,2896900000.0,2896900000.0,2896900000.0,0.0,91800000.0,137400000.0,529000000.0,0.1608049366,392800000.0,0.1194029851,-91200000.0,301500000.0,0.0916496945,112100000.0,99300000.0,0.0301851233,0.36,0.36,273900000,275400000,https://www.sec.gov/Archives/edgar/data/1111711/000095013708006593/0000950137-08-006593-index.htm,https://www.sec.gov/Archives/edgar/data/1111711/000095013708006593/c26228e10vq.htm,12.010587805768528,0.3625410733844468,3.086162833150785,2.389923329682366,0.2964585615188025,18.489229645856152,3.8265790434465137,18.489229645856152,22.59510770354144,1854303000.0,7870103000.0,4.668436555891239,0.5636693315499893,2.1936626049923102,2.832726856095326,0.3661591169385095,0.3661591169385095,2.392346718545764,14.877321361058602,9.31042588430143,12.02276657500764,0.0535511186683082,0.3530167399826242,1.2039413925200426,0.3352449867210654,11.37202268431002,0.6718088082487411,4.278867102396514,8.512588116817724,0.0340289585898313,0.6354481369587109,0.0,0.0,0.2208262081631082,0.2256003785638235,0.0579688117457518,0.0,0.0,12.280873997474895,0.0162901860065591,0.0070074661623361,-43.80193501277839,-1231800000.0,1048100000.0,-10601000000.0,12460300000.0,1011100000.0,734450000.0,612650000.0,29.716387512539136,0.0,0.0,3.028631927821764,0.0,0.0,0.019608230322657,0.6962395034684191,2008-05-02,0.76,bmo,3280997101.0,2025-04-25,2008-03-31,-0.0921052631578948,7.124426229508196,5864111.622950819
2007-12-31,NI,USD,1111711,2008-03-05,2008-03-05 17:01:53,2007,Q4,2228000000.0,0.0,2228000000.0,1.0,0,0.0,0.0,0.0,2029100000.0,2029100000.0,2029100000.0,0.0,0.0,141600000.0,340500000.0,0.1528276481,198900000.0,0.0892728905,-106300000.0,92600000.0,0.041561939,27700000.0,67000000.0,0.0300718133,0.24,0.24,273800000,273900000,https://www.sec.gov/Archives/edgar/data/1111711/000095013708003307/0000950137-08-003307-index.htm,https://www.sec.gov/Archives/edgar/data/1111711/000095013708003307/c23373e10vk.htm,8.137326515704894,0.2447041636230825,1.308619430241052,0.3279766252739226,0.3484295105916727,18.54127100073046,3.5693937180423667,18.54127100073046,24.43133674214755,2031596000.0,8625496000.0,7.580582089552239,0.9118473967684022,5.670097683505443,22.623563474387527,0.4001883150139857,0.4001883150139857,3.8714075403949737,25.33185315712188,24.0733910131175,96.05229398663695,0.0329789977928682,0.0442017015193965,1.3176732458732223,0.3715287034568559,19.365345080763586,0.7236043152744208,0.0,5.347761194029851,0.0310101024022492,0.9402985074626866,0.0,0.0,0.2276781747089665,0.7493720346078705,0.1205116696588868,0.0,0.0,10.103729004021728,0.0088750842519072,0.0048182373880838,-42.905222790357925,-937700000.0,977300000.0,-10473300000.0,13193400000.0,753750000.0,581350000.0,846950000.0,37.809694793536806,0.0,0.0,2.3803418803418803,0.0,0.0,0.0131978095575779,0.9806428049671292,2008-01-30,0.39,bmo,1999487179.0,2025-04-25,2007-12-31,0.1025641025641025,7.4753125,4938767.890625
2007-09-30,NI,USD,1111711,2007-11-02,2007-11-02 15:01:28,2007,Q3,1241000000.0,320600000.0,920400000.0,0.7416599517,0,0.0,0.0,0.0,1130700000.0,1130700000.0,1130700000.0,0.0,0.0,144100000.0,250400000.0,0.2017727639,110300000.0,0.0888799355,-93400000.0,13500000.0,0.0108783239,3700000.0,11000000.0,0.0088638195,0.04,0.04,273900000,274700000,https://www.sec.gov/Archives/edgar/data/1111711/000095013707016481/0000950137-07-016481-index.htm,https://www.sec.gov/Archives/edgar/data/1111711/000095013707016481/c19269e10vq.htm,4.530850675428988,0.0401606425702811,-0.6900328587075575,-1.3767798466593648,0.4151150054764512,18.2701715954728,3.2909821102592187,18.2701715954728,24.30558598028477,2103552000.0,8647152000.0,47.808,1.6950459307010477,-11.12990476190476,-5.578233890214797,0.4203572998681107,0.4203572998681107,6.967890410958904,34.53335463258786,-45.75212698412698,-22.93066030230708,0.005229250334672,-0.1792682092004381,1.3303425122896766,0.3771542200618648,26.13258785942492,0.8383711477348311,0.0,-17.181818181818183,0.0299968814652549,5.736363636363636,0.0,0.0,0.2324348210340256,-0.9952380952380953,0.1515713134568896,1.07057484348321,0.0,4.063150403409703,0.0051067745999215,0.0008118920036018,-42.501916757940855,-437400000.0,901400000.0,-10378400000.0,13536500000.0,819300000.0,748250000.0,745000000.0,41.446414182111205,126.2414223331254,260.28696194635063,2.1714785651793527,0.7129197242606182,0.345772217428818,0.0021981535510171,0.6867469879518072,2007-11-02,0.1,bmo,1562000000.0,2025-04-25,2007-09-30,-0.2,7.706984126984127,5880468.523809524
2007-06-30,NI,USD,1111711,2007-08-03,2007-08-03 06:02:01,2007,Q2,1577100000.0,342900000.0,1234200000.0,0.7825756135,0,0.0,0.0,0.0,1437500000.0,1437500000.0,1437500000.0,0.0,98100000.0,140000000.0,284900000.0,0.1806480249,139600000.0,0.0885168981,-94800000.0,44800000.0,0.028406569,16600000.0,26700000.0,0.0169298079,0.1,0.1,273800000,274900000,https://www.sec.gov/Archives/edgar/data/1111711/000095013407016678/0000950134-07-016678-index.htm,https://www.sec.gov/Archives/edgar/data/1111711/000095013407016678/c17341e10vq.htm,5.760043827611395,0.0975164353542731,-0.7016070124178232,-1.3575602629656685,0.3283418553688824,18.533601168736304,3.5365230094959825,18.533601168736304,23.01168736303871,2228732000.0,8341332000.0,20.86827715355805,1.413183691585822,-11.601936491410726,-5.99605057842346,0.4392022859395014,0.4392022859395014,5.289031767167586,29.2781045981046,-43.42182196772514,-22.441033091202584,0.0119799060631785,-0.1667764450817774,1.22228791013893,0.3543354318293477,21.455247455247456,0.6621284460187895,1.4230377166156982,-7.194756554307116,0.0282671940816571,2.359550561797753,0.0,0.0,0.234578339407927,-0.9349297241020302,0.1138799061568702,0.0,0.0,6.3769068681996215,0.0057297532185542,0.001992775256747,-41.11933893352812,-1096900000.0,968300000.0,-10280500000.0,12814200000.0,1010550000.0,853150000.0,503450000.0,60.89594825946358,274.750656167979,147.71653543307087,1.477930840596008,0.3275697363393198,0.6092750533049041,0.0052616021282885,0.6559532505478451,2007-08-02,0.11,bmo,1435316666.0,2025-04-25,2007-06-30,0.0909090909090908,9.247301587301587,5061499.238095238
2007-03-31,NI,USD,1111711,2007-05-04,2007-05-04 12:56:42,2007,Q1,2893700000.0,0.0,2893700000.0,1.0,0,0.0,0.0,0.0,2460600000.0,2460600000.0,2460600000.0,0.0,0.0,140800000.0,565000000.0,0.1952517538,433100000.0,0.1496699727,-100500000.0,333200000.0,0.115146698,124100000.0,216700000.0,0.0748868231,0.79,0.79,273600000,274800000,https://www.sec.gov/Archives/edgar/data/1111711/000095013707006784/0000950137-07-006784-index.htm,https://www.sec.gov/Archives/edgar/data/1111711/000095013707006784/c14819e10vq.htm,10.57638888888889,0.79203216374269,2.8508771929824563,2.294956140350877,0.5972222222222222,18.74013157894737,3.7196637426900585,18.74013157894737,21.42982456140351,2626560000.0,8326360000.0,3.030179972311952,0.9076822061720288,3.367384615384615,4.183086478738653,0.5122696155871511,0.5122696155871511,2.8774095448733457,14.7369203539823,10.674820512820514,13.260646599777036,0.0825033503898635,0.2390579312865497,1.1435258323094026,0.3339865111192125,10.088141592920357,0.7017440417080437,0.0,3.599446239040148,0.023985745614035,0.2907245039224734,0.0,0.0,0.2340958804228946,0.195,0.0525624632823029,0.0,0.0,18.27464655401491,0.0180678158426085,0.0161167965728565,-41.39967105263158,-961100000.0,1017700000.0,-10166600000.0,12889400000.0,910150000.0,686300000.0,573750000.0,29.671355012613606,0.0,0.0,3.0332285115303983,0.0,0.0,0.0422639595888674,0.555921052631579,2007-05-03,0.77,bmo,2882130263.0,2025-04-25,2007-03-31,-0.0129870129870129,9.41,3566920.606557377
2006-12-31,NI,USD,1111711,2007-03-01,2007-03-01 11:39:57,2006,Q4,2049200000.0,0.0,2049200000.0,1.0,0,0.0,0.0,0.0,1792500000.0,1792500000.0,1792500000.0,0.0,102500000.0,139700000.0,396400000.0,0.193441343,256700000.0,0.1252683974,-114400000.0,142300000.0,0.0694417334,49100000.0,62500000.0,0.0304997072,0.23,0.23,273200000,273600000,https://www.sec.gov/Archives/edgar/data/1111711/000095013707003072/0000950137-07-003072-index.htm,https://www.sec.gov/Archives/edgar/data/1111711/000095013707003072/c12445e10vk.htm,7.500732064421669,0.2287701317715959,1.064787701317716,0.1896046852122986,0.6427525622254758,18.351390922401173,3.2964860907759883,18.351390922401173,23.92020497803807,2587204000.0,8844104000.0,10.348816,1.2625434315830568,8.89379168099003,49.94602316602317,0.5160371788734641,0.5160371788734641,4.315881319539333,22.3110595358224,30.402557579924373,170.73559845559845,0.0241573528797883,0.0200216140667686,1.283010212222754,0.3542808360642194,15.7843087790111,0.72827907463624,2.504390243902439,4.6544,0.0242346564090036,1.0032,0.0,0.0,0.2265304436427725,0.8219319353729804,0.1166796798750732,0.0,0.0,9.719085743472489,0.0107624554732062,0.0044504575070317,-43.79895680819912,-1038300000.0,900600000.0,-10360000000.0,12769200000.0,672300000.0,587050000.0,762350000.0,38.04753074370486,0.0,0.0,2.3654623109777213,0.0,0.0,0.0124660922291367,0.8751830161054173,2007-01-30,0.43,bmo,2049200000.0,2025-04-25,2006-12-31,0.0,9.242698412698411,2730028.73015873
2006-09-30,NI,USD,1111711,2006-11-02,2006-11-02 12:45:59,2006,Q3,1156500000.0,309800000.0,846700000.0,0.7321227843,0,0.0,0.0,0.0,1020100000.0,1020100000.0,1020100000.0,0.0,0.0,138400000.0,274000000.0,0.2369217466,136400000.0,0.1179420666,-96100000.0,39400000.0,0.0340683096,13500000.0,25800000.0,0.02230869,0.1,0.1,272500000,273300000,https://www.sec.gov/Archives/edgar/data/1111711/000095013706011743/0000950137-06-011743-index.htm,https://www.sec.gov/Archives/edgar/data/1111711/000095013706011743/c09579e10vq.htm,4.244036697247706,0.0946788990825688,-0.5702752293577982,-1.049908256880734,0.8286238532110092,17.634495412844036,2.38605504587156,17.634495412844036,23.839266055045872,2327150000.0,8597550000.0,22.54990310077519,2.0122351923908344,-14.975225225225223,-8.134044040545264,0.4842781037998918,0.4842781037998918,7.434111543450065,31.3779197080292,-55.32528957528957,-30.05085634393569,0.011086522140816,-0.1229400769181187,1.3518541640654265,0.375140760075534,22.88467153284672,0.7030431390034556,0.0,-6.023255813953488,0.0269857980791955,2.434108527131783,0.0,0.0,0.2399533398395768,-0.8410553410553411,0.1130134025075659,72.61111111111111,0.0,6.129137684879119,0.0059573027480292,0.0019602628879686,-42.26100917431193,-1065600000.0,650200000.0,-9988500000.0,12641200000.0,475200000.0,395400000.0,639900000.0,37.221789883268485,133.92511297611364,238.5958683021304,2.4179385323019025,0.6720173535791757,0.3772068671618166,0.0053689599200898,0.4796330275229358,2006-11-02,0.07,bmo,809480000.0,2025-04-25,2006-09-30,0.4285714285714285,8.550793650793652,2789965.3492063493
2006-06-30,NI,USD,1111711,2006-08-03,2006-08-03 10:03:55,2006,Q2,1311900000.0,307000000.0,1004900000.0,0.7659882613,0,0.0,0.0,0.0,1181000000.0,1181000000.0,1181000000.0,0.0,0.0,139900000.0,271700000.0,0.2071042,130900000.0,0.0997789466,-96000000.0,34900000.0,0.0266026374,13400000.0,21000000.0,0.0160073176,0.08,0.08,272400000,273200000,https://www.sec.gov/Archives/edgar/data/1111711/000095013706008555/0000950137-06-008555-index.htm,https://www.sec.gov/Archives/edgar/data/1111711/000095013706008555/c07365e10vq.htm,4.816079295154185,0.0770925110132158,1.080763582966226,0.5447870778267254,0.4757709251101321,17.884361233480178,2.5881057268722465,17.884361233480178,22.119309838472837,2337192000.0,8232892000.0,27.823714285714285,1.7815321289732449,7.938831521739131,15.749272237196765,0.4797487530020321,0.4797487530020321,6.275548441192164,30.301405962458595,27.96498641304348,55.47770889487871,0.0089851411437314,0.0634949974157022,1.2367961902415994,0.3525897230333495,21.6993006993007,0.7070488663742509,0.0,14.01904761904762,0.0272549281359854,3.033333333333333,0.0,0.0,0.2438277926348991,0.4959239130434782,0.111288970195899,5.104895104895105,0.0,5.5697290863666815,0.0054808572731872,0.0016251354279523,-42.232287077826726,-948400000.0,705000000.0,-9928000000.0,12720300000.0,816950000.0,434250000.0,371000000.0,32.387377086668195,96.68403908794788,134.41368078175896,2.778860410929888,0.93086719223772,0.6695747001090513,0.0043106102592524,0.5359765051395007,2006-08-02,0.14,bmo,1836100000.0,2025-04-25,2006-06-30,-0.2857142857142857,8.354920634920635,3352264.333333333
2006-03-31,NI,USD,1111711,2006-05-05,2006-05-05 11:40:40,2006,Q1,2972800000.0,0.0,2972800000.0,1.0,0,0.0,0.0,0.0,2604300000.0,2604300000.0,2604300000.0,0.0,0.0,138900000.0,506700000.0,0.1704453714,368500000.0,0.1239572121,-100000000.0,269300000.0,0.0905879978,96500000.0,173900000.0,0.0584970398,0.63,0.63,272300000,273100000,https://www.sec.gov/Archives/edgar/data/1111711/000095013706005428/0000950137-06-005428-index.htm,https://www.sec.gov/Archives/edgar/data/1111711/000095013706005428/c04870e10vq.htm,10.9173705471906,0.6386338597135512,2.667278736687477,2.2207124495042234,0.5189129636430407,18.38266617701065,3.0686742563349245,18.38266617701065,22.223650385604117,2164785000.0,8074985000.0,3.1121118458884416,0.7281973223896663,2.9805658818669976,3.579932197784025,0.4324726306536679,0.4324726306536679,2.716289356835307,15.93642194592461,11.11797466611593,13.353704316189846,0.0803313031086228,0.2793348993087073,1.208945980501838,0.3445870535714285,11.664101045983816,0.7817995268903013,0.0,4.200694042799306,0.0289636153243855,0.3605520414031052,0.0,0.0,0.2374498906705539,0.1674239295057139,0.0409041980624327,0.0,0.0,16.25254883641721,0.0158962155030419,0.0129857522626123,-41.87146529562982,-765600000.0,835600000.0,-9812900000.0,12901600000.0,1208200000.0,702700000.0,453650000.0,35.17290096878364,0.0,0.0,2.558788087450508,0.0,0.0,0.0347410899792232,0.4465662871832537,2006-05-03,0.71,bmo,3246884615.0,2025-04-25,2006-03-31,-0.084507042253521,8.119354838709677,3689126.903225807
2005-12-31,NI,USD,1111711,2006-03-10,2006-03-10 06:01:46,2005,Q4,2698600000.0,0.0,2698600000.0,1.0,0,0.0,0.0,0.0,2373900000.0,2373900000.0,2373900000.0,0.0,112400000.0,133900000.0,462300000.0,0.1713110502,324700000.0,0.1203216483,-232400000.0,92300000.0,0.03420292,19500000.0,68000000.0,0.0251982509,0.25,0.25,271900000,272300000,https://www.sec.gov/Archives/edgar/data/1111711/000095013406004660/0000950134-06-004660-index.htm,https://www.sec.gov/Archives/edgar/data/1111711/000095013406004660/c03079e10vk.htm,9.924972416329531,0.2500919455682236,-0.1640308937109231,-0.8389113644722325,0.2552408973887458,18.44097094520044,3.093048915042295,18.44097094520044,24.72342773078337,2229580000.0,8770080000.0,8.196985294117646,0.8261987697324539,-49.99058295964125,-9.774572555896537,0.4446620530105103,0.4446620530105103,3.2498628918698587,18.97053861129137,-196.63856502242152,-38.44839982463832,0.0304990177522223,-0.1023062639600283,1.318262499750703,0.3680652615752986,14.147739563054294,0.7963936303080766,2.8887900355871885,-0.6558823529411765,0.0281218884274168,0.9220588235294118,0.0,0.0,0.2323746415346493,-4.114349775784754,0.0679982212999333,0.0,0.0,10.186687969682584,0.0165718524945453,0.004932754943636,-42.74420742920192,-782500000.0,841000000.0,-9883700000.0,12944900000.0,846600000.0,700950000.0,831250000.0,41.84169569406359,0.0,0.0,2.150964450820979,0.0,0.0,0.0135617558485072,0.6748804707613093,2006-01-31,0.44,bmo,2637268181.0,2025-04-25,2005-12-31,0.0227272727272727,8.693015873015872,2752199.4603174604
2005-09-30,NI,USD,1111711,2005-11-04,2005-11-04 06:01:40,2005,Q3,1163800000.0,326500000.0,837300000.0,0.7194535143,0,0.0,0.0,0.0,1070600000.0,1070600000.0,1070600000.0,0.0,0.0,142900000.0,235400000.0,0.202268431,93200000.0,0.0800824884,-104200000.0,-11600000.0,-0.0099673483,-5800000.0,-6800000.0,-0.0058429283,-0.025,-0.0248,271700000,273700000,https://www.sec.gov/Archives/edgar/data/1111711/000095013405020465/0000950134-05-020465-index.htm,https://www.sec.gov/Archives/edgar/data/1111711/000095013405020465/c99435e10vq.htm,4.283400809716599,-0.0250276039749723,-0.6654398233345602,-1.2683106367316894,3.4320942215679056,18.35701140964299,2.9878542510121457,18.35701140964299,25.73316157526684,2589301000.0,8648501000.0,-95.19488970588236,2.2248676748582232,-14.321355088495574,-7.51393209518282,0.5191476862619295,0.5191476862619295,7.43126052586355,36.739596431605776,-47.83462942477876,-25.097217063261752,-0.0026261913929666,-0.1330861108847523,1.401816504932232,0.388814432129729,25.74001699235344,0.7379481408327783,0.0,26.58823529411765,0.0242150294616191,-9.220588235294118,0.0,0.0,0.2322198185973829,-0.9059734513274336,0.1407458326172881,5.808510638297872,0.0,,0.0029417520469165,-0.0004925287730963,-41.27235921972764,-1141000000.0,811800000.0,-9781400000.0,12460600000.0,456450000.0,463050000.0,722200000.0,33.918199003265165,147.5283307810107,286.31852986217456,2.6534427724578205,0.6100523168908819,0.3143352267257148,-0.0013633811853396,0.6028708133971292,2005-11-04,0.06,bmo,1163700000.0,2025-04-25,2005-09-30,0.0,9.460625,2493038.90625
2005-06-30,NI,USD,1111711,2005-08-04,2005-08-04 16:17:33,2005,Q2,1355200000.0,317900000.0,1037300000.0,0.7654220779,0,0.0,0.0,0.0,1235800000.0,1235800000.0,1235800000.0,0.0,101700000.0,144500000.0,264300000.0,0.1950265643,119400000.0,0.0881050767,-97900000.0,20200000.0,0.014905549,12300000.0,39000000.0,0.0287780401,0.15,0.14,271200000,273100000,https://www.sec.gov/Archives/edgar/data/1111711/000095013705009622/0000950137-05-009622-index.htm,https://www.sec.gov/Archives/edgar/data/1111711/000095013705009622/c97202e10vq.htm,4.997050147492625,0.1438053097345132,-0.3093657817109144,-0.8219026548672567,0.9520648967551624,18.348082595870206,2.89712389380531,18.348082595870206,22.747418879056045,2636064000.0,8445264000.0,16.897846153846153,1.9451475796930344,-31.41911799761621,-11.826218034993271,0.5297556270096463,0.5297556270096463,6.231747343565526,31.953325766174803,-100.65868891537544,-37.888129205921935,0.0147947849521104,-0.0845578863032157,1.2193327974276529,0.3686394595021539,21.97956867196368,0.5762187000532765,1.1740412979351031,-2.151282051282051,0.0237475266154387,1.6051282051282052,0.0,0.0,0.2545917406388033,-1.6567342073897495,0.1025678866587957,4.727891156462585,0.0,7.70502519570863,0.0023918352927537,0.0031788468121872,-39.32936946902655,-1272700000.0,785700000.0,-9752400000.0,12291700000.0,542150000.0,446600000.0,289750000.0,31.49867178276269,110.66687637621894,114.85687323057566,2.8572633354417034,0.8132514709644411,0.7835839290115849,0.0078376205787781,0.5125368731563422,2005-07-28,0.12,bmo,1161942857.0,2025-04-25,2005-06-30,0.1666666666666668,9.30578125,2434336.578125
2005-03-31,NI,USD,1111711,2005-05-05,2005-05-05 16:08:30,2005,Q1,2681500000.0,0.0,2681500000.0,1.0,0,0.0,0.0,0.0,2244300000.0,2244300000.0,2244300000.0,0.0,0.0,141400000.0,578600000.0,0.2157747529,437200000.0,0.1630430729,-104000000.0,332100000.0,0.1238485922,123400000.0,206300000.0,0.0769345516,0.76,0.76,270300000,272100000,https://www.sec.gov/Archives/edgar/data/1111711/000095013705005438/0000950137-05-005438-index.htm,https://www.sec.gov/Archives/edgar/data/1111711/000095013705005438/c94895e10vq.htm,9.92045874953755,0.7632260451350351,3.7795042545320015,3.394376618571957,2.1753607103218644,18.587125416204216,3.036256011838698,18.587125416204216,22.60192378838328,2421888000.0,7943188000.0,2.934910324769753,0.9031840387842626,2.3706812842599847,2.639659945504087,0.4820540992416553,0.4820540992416553,2.9622181614767853,13.72828897338403,7.775242756460454,8.657425613079019,0.085181478251678,0.3788366761799059,1.2159988853725046,0.3571917187509135,9.542516418942274,0.6781654584943446,0.0,4.952011633543384,0.0257237328893821,0.301987396994668,0.0,0.0,0.2457596894239258,0.1018989819890368,0.0388215550997576,0.0,0.0,17.865861579878114,0.0184915524092797,0.0159918761579188,-40.50018497965224,-1141000000.0,820700000.0,-9675300000.0,12419900000.0,749550000.0,575350000.0,136900000.0,20.473615513705017,0.0,0.0,4.395901639344262,0.0,0.0,0.0410620807706852,0.3851276359600444,2005-04-29,0.78,bmo,2717337662.0,2025-04-25,2005-03-31,-0.0128205128205128,8.905409836065575,2797601.393442623
2004-12-31,NI,USD,1111711,2005-03-09,2005-03-09 16:02:27,2004,Q4,1968200000.0,0.0,1968200000.0,1.0,0,0.0,0.0,0.0,1628100000.0,1628100000.0,1628100000.0,0.0,0.0,131600000.0,471700000.0,0.2396606036,340100000.0,0.1727974799,-96700000.0,243400000.0,0.1236662941,86500000.0,159400000.0,0.0809877045,0.59,0.59,267300000,270300000,https://www.sec.gov/Archives/edgar/data/1111711/000095013705002819/0000950137-05-002819-index.htm,https://www.sec.gov/Archives/edgar/data/1111711/000095013705002819/c92732e10vk.htm,7.363262252151141,0.5963337074448185,0.7796483352038908,0.2757201646090535,0.1126075570520015,18.21249532360644,2.471754582865694,18.21249532360644,24.105499438832773,2392335000.0,8805635000.0,3.752093789209536,1.2154938522507874,11.479534548944336,32.46044776119403,0.4914208537036275,0.4914208537036275,4.4739533583985365,18.667871528513885,42.25352687140115,119.47944369063772,0.0666294645189741,0.0308067223026875,1.32356928638922,0.3792912644219449,13.596141615433538,0.6345011381933263,0.0,1.3074027603513174,0.0253309005636752,0.3801756587202007,0.0,0.0,0.2476748292912644,0.6463531669865643,0.0684381668529621,0.0,0.0,15.632220229651386,0.0146221680468933,0.012472125503697,-42.54723157500936,-1316600000.0,660700000.0,-9834200000.0,12275600000.0,642000000.0,471750000.0,376750000.0,40.65592927548013,0.0,0.0,2.2136992464289733,0.0,0.0,0.0327431083357298,0.5039281705948373,2005-01-31,0.56,bmo,1897907142.0,2025-04-25,2004-12-31,0.0357142857142855,8.4565625,3090205.515625
2004-09-30,NI,USD,1111711,2004-11-02,2004-11-02 10:57:28,2004,Q3,979800000.0,0.0,979800000.0,1.0,0,0.0,0.0,0.0,852100000.0,852100000.0,852100000.0,0.0,0.0,132900000.0,260700000.0,0.2660747091,127700000.0,0.130332721,-99600000.0,28200000.0,0.028781384,6700000.0,28800000.0,0.0293937538,0.11,0.11,262700000,264600000,https://www.sec.gov/Archives/edgar/data/1111711/000095013704009316/0000950137-04-009316-index.htm,https://www.sec.gov/Archives/edgar/data/1111711/000095013704009316/c89238e10vq.txt,3.72972972972973,0.1096307575180814,-1.0605253140464408,-1.610963075751808,0.1537875904073087,17.451084887704607,1.3863722877807385,17.451084887704607,25.259231062047963,2169902000.0,8765102000.0,18.835954861111112,2.21463768115942,-7.788592964824121,-5.127367674858223,0.4733230084634848,0.4733230084634848,8.9458073076138,33.621411584196395,-31.46124192390524,-20.711488657844992,0.0132724888036418,-0.1950318493646256,1.4474304161940494,0.4030663070680564,25.29804372842348,0.6813926499032882,0.0,-9.67361111111111,0.0279736135548978,2.107638888888889,0.0,0.0,0.2563476443861311,-0.5190236898779612,0.1475811390079608,0.0,0.0,6.560979519432025,0.0065236280053881,0.0023524414748501,-42.691568328892274,-823600000.0,364200000.0,-10117000000.0,12775500000.0,413400000.0,388950000.0,493300000.0,36.27372933251685,0.0,0.0,2.4811344644213724,0.0,0.0,0.0062821743303376,0.5504377617053673,2004-10-27,0.06,bmo,733650000.0,2025-04-25,2004-09-30,0.3333333333333334,8.2246875,2256912.96875
2004-06-30,NI,USD,1111711,2004-08-06,2004-08-06 09:31:58,2004,Q2,1245000000.0,0.0,1245000000.0,1.0,0,0.0,0.0,0.0,1087200000.0,1087200000.0,1087200000.0,0.0,0.0,141400000.0,291600000.0,0.2342168675,157800000.0,0.126746988,-100100000.0,57400000.0,0.0461044177,22100000.0,34600000.0,0.0277911647,0.13,0.13,262500000,264500000,https://www.sec.gov/Archives/edgar/data/1111711/000095013704006309/0000950137-04-006309-index.htm,https://www.sec.gov/Archives/edgar/data/1111711/000095013704006309/c87285e10vq.txt,4.742857142857143,0.1318095238095238,1.2213333333333334,0.736,0.0624761904761904,17.454857142857144,1.3622857142857143,17.454857142857144,23.17219047619048,2126250000.0,8192550000.0,15.36307803468208,1.7078313253012047,6.632096069868995,11.005434782608695,0.4640542133176193,0.4640542133176193,6.580361445783132,28.09516460905349,25.553805364940736,42.40450310559006,0.0162727807172251,0.0908641975308642,1.3275497064536546,0.3800927314537092,20.80349794238683,0.6087718529553521,0.0,9.265895953757225,0.0285008818342151,1.7514450867052025,0.0,0.0,0.2639659568086382,0.3973799126637554,0.1023293172690763,0.0,0.0,7.194867558452587,0.0068194547535982,0.002937455959385,-41.57876190476191,-892900000.0,357600000.0,-10031900000.0,12689100000.0,696700000.0,454500000.0,217550000.0,31.22168674698795,0.0,0.0,2.882611715674925,0.0,0.0,0.007551452454222,0.4853333333333333,2004-07-29,0.17,bmo,1626638461.0,2025-04-25,2004-06-30,-0.2352941176470588,8.097096774193549,2629333.806451613
2004-03-31,NI,USD,1111711,2004-05-07,2004-05-07 15:31:31,2004,Q1,2473200000.0,0.0,2473200000.0,1.0,0,0.0,0.0,0.0,2029900000.0,2029900000.0,2029900000.0,0.0,102700000.0,125400000.0,575900000.0,0.2328562187,443300000.0,0.1792414685,-101200000.0,342100000.0,0.1383228206,125600000.0,213500000.0,0.0863254084,0.81,0.81,262300000,264300000,https://www.sec.gov/Archives/edgar/data/1111711/000095013704003737/0000950137-04-003737-index.htm,https://www.sec.gov/Archives/edgar/data/1111711/000095013704003737/c85235e10vq.txt,9.428898208158596,0.813953488372093,2.944719786504003,2.52420892108273,0.1696530690049561,17.56576439191765,1.4479603507434236,17.56576439191765,24.351887152115896,2190205000.0,8430505000.0,2.564642857142857,0.8855753679443635,2.8355838943552563,3.307967074460052,0.4753564839934889,0.4753564839934889,3.408743732815785,14.63883486716444,10.91468798549974,12.732978402054073,0.0974794596852806,0.3023004695907461,1.364036896364623,0.3814657003775326,10.835735370724084,0.7803610969170499,4.316455696202532,3.617798594847775,0.0279425898488954,0.2866510538641686,0.0,0.0,0.2566068198647681,0.1428016571724495,0.0445980915413229,0.0,0.0,17.93595807480834,0.0193924679489565,0.0174318443462854,-42.132195958825776,-515800000.0,379800000.0,-10035300000.0,13068900000.0,951000000.0,461400000.0,101250000.0,34.98908296943232,0.0,0.0,2.5722308892355694,0.0,0.0,0.04633749321758,0.4205108654212733,2004-04-30,0.85,bmo,2562750000.0,2025-04-25,2004-03-31,-0.0352941176470588,8.442419354838709,2883956.6129032257
2003-12-31,NI,USD,1111711,2004-03-12,2004-03-12 15:52:07,2003,Q4,1682600000.0,0.0,1682600000.0,1.0,0,0.0,0.0,0.0,1388200000.0,1388200000.0,1388200000.0,0.0,117700000.0,135900000.0,430300000.0,0.2557351718,294400000.0,0.1749673125,-86500000.0,207900000.0,0.1235587781,67300000.0,140300000.0,0.0833828599,0.53,0.53,256027273,262300000,https://www.sec.gov/Archives/edgar/data/1111711/000095013704001796/0000950137-04-001796-index.htm,https://www.sec.gov/Archives/edgar/data/1111711/000095013704001796/c83669e10vk.txt,6.571956105629418,0.5479884949600662,0.5811880830367631,-0.2339594500934281,0.1066292652345674,17.564535009518302,1.0381706483277662,17.564535009518302,27.008450775476565,2206955093.26,8976855093.26,3.932564314433357,1.311633836479258,14.8316874547043,-36.84399154023371,0.4907616395952857,0.4907616395952857,5.335109409996434,20.86185241287474,60.32832723965054,-149.86402492921536,0.0635717511554601,-0.0271414675282399,1.5114965532577274,0.408883648744571,15.732976992795724,0.7906860866232273,2.5012744265080715,1.0643776824034334,0.0272320901243275,0.428367783321454,0.0,0.0,0.2545266425245732,1.4025537634408602,0.1240342327350528,0.0,0.0,14.716187340888768,0.0134357360006206,0.0113212723722221,-44.30729143453401,-546100000.0,265800000.0,-10063900000.0,12990000000.0,718850000.0,447050000.0,381100000.0,50.30607393319862,0.0,0.0,1.7890483785220628,0.0,0.0,0.0311985768289971,0.8151475331301912,2004-01-30,0.55,bmo,1743785454.0,2025-04-25,2003-12-31,-0.0363636363636363,8.15453125,2082119.484375
2003-09-30,NI,USD,1111711,2003-11-10,2003-11-10 14:47:37,2003,Q3,898300000.0,0.0,898300000.0,1.0,0,0.0,0.0,0.0,749400000.0,749400000.0,749400000.0,0.0,113600000.0,127700000.0,281300000.0,0.3131470555,148900000.0,0.165757542,-112300000.0,36600000.0,0.0407436269,13100000.0,15400000.0,0.0171434933,0.06,0.06,261400000,263400000,https://www.sec.gov/Archives/edgar/data/1111711/000095013703005772/0000950137-03-005772-index.htm,https://www.sec.gov/Archives/edgar/data/1111711/000095013703005772/c80815e10vq.txt,3.436495791889824,0.0589135424636572,-0.4299923488905891,-0.9200459066564652,0.2716143840856924,16.583014537107882,2.321729150726856,16.583014537107882,26.565416985462893,2051990000.0,8811590000.0,33.311525974025976,2.284303684737838,-18.256138790035585,-8.532182952182952,0.4733759342991602,0.4733759342991602,9.809184014249135,31.32452897262709,-78.39492882562277,-36.638627858627856,0.0075049098679818,-0.1172033002110146,1.5757589738857618,0.4349564763342057,24.029861357980803,0.6042579232156661,1.3107394366197185,-7.298701298701299,0.0370372175302998,4.935064935064935,0.0,0.0,0.237383867907107,-1.1396797153024911,0.142602693977513,0.0,0.0,4.688463815570659,0.0068698670118297,0.0012858836692774,-40.53003060443764,-1228700000.0,606900000.0,-9493200000.0,11230900000.0,582300000.0,442050000.0,494750000.0,49.81409328732049,0.0,0.0,1.8067176186645213,0.0,0.0,0.0035526437205868,0.490053557765876,2003-10-30,0.02,bmo,359320000.0,2025-04-25,2003-09-30,1.5,7.62625,3080557.265625
2003-06-30,NI,USD,1111711,2003-08-08,2003-08-08 17:17:04,2003,Q2,1143200000.0,0.0,1143200000.0,1.0,0,0.0,0.0,0.0,967200000.0,967200000.0,967200000.0,0.0,0.0,104000000.0,313200000.0,0.2739678097,176000000.0,0.1539538139,-110300000.0,65700000.0,0.0574702589,26400000.0,-324900000.0,-0.2842022393,-1.24,-1.23,261300000,263100000,https://www.sec.gov/Archives/edgar/data/1111711/000095013703004186/0000950137-03-004186-index.htm,https://www.sec.gov/Archives/edgar/data/1111711/000095013703004186/c78820e10vq.txt,4.375047837734405,-1.243398392652124,-0.6161500191350937,-1.125526215078454,0.1327975507079984,16.61768082663605,2.2648296976655184,16.61768082663605,26.130501339456565,1951911000.0,8745111000.0,-1.501932132963989,1.7074099020293911,-12.123670807453417,-6.636895613736824,0.4495212104463175,0.4495212104463175,7.64967722183345,27.921810344827588,-54.31745962732919,-29.73516150969058,-0.1664522613992133,-0.1506728534241571,1.5724517525678228,0.413258605140993,21.689655172413797,0.4424575637877656,0.0,0.4955370883348722,0.0388849696528171,-0.2336103416435826,0.0,0.0,0.226992936733224,-0.8267080745341615,0.1164275717284814,0.0,0.0,,0.0072299240334296,-0.0254390566643438,-43.93704554152316,-2089000000.0,591800000.0,-10522100000.0,10368200000.0,1091950000.0,601250000.0,330850000.0,52.54198740377887,0.0,0.0,1.7129157926281091,0.0,0.0,-0.0748238220257012,0.5093761959433601,2003-07-30,0.07,bmo,909456427.0,2025-04-25,2003-06-30,1.1428571428571426,7.578730158730158,3475845.873015873
2003-03-31,NI,USD,1111711,2003-05-09,2003-05-09 15:59:30,2003,Q1,2579300000.0,0.0,2579300000.0,1.0,0,0.0,0.0,0.0,2096600000.0,2096600000.0,2096600000.0,0.0,0.0,148300000.0,598000000.0,0.2318458496,482700000.0,0.1871437987,-123700000.0,423100000.0,0.1640367542,157000000.0,254900000.0,0.0988252627,1.0,0.99,253800000,256200000,https://www.sec.gov/Archives/edgar/data/1111711/000095013703002776/0000950137-03-002776-index.htm,https://www.sec.gov/Archives/edgar/data/1111711/000095013703002776/c76911e10vq.txt,10.162726556343578,1.004334121355398,2.354215918045705,1.941686367218282,0.2742316784869976,18.594956658786447,3.766745468873129,18.594956658786447,26.282505910165483,1814670000.0,8415570000.0,1.779786190663005,0.7035513511417827,3.0371046025104604,3.682366071428571,0.3845128618044666,0.3845128618044666,3.262734075136665,14.072859531772576,14.0846359832636,17.077049512987013,0.1404663106790766,0.2715645268836758,1.4134211976098656,0.3866418585240314,11.038294314381272,0.5516247251404838,0.0,2.344056492742252,0.0396766354213162,0.2824637112593174,0.0,0.0,0.2181377663397556,0.1752301255230125,0.0405924087930833,0.0,0.0,20.49877710486017,0.0208855629031613,0.0188968789383942,-43.9679866036249,-1835200000.0,956000000.0,-10275200000.0,11977500000.0,1183600000.0,602650000.0,422000000.0,52.91551971465126,0.0,0.0,1.7008242664029014,0.0,0.0,0.054011103106327,0.4125295508274231,2003-04-29,0.94,bmo,2696625000.0,2025-04-25,2003-03-31,-0.0638297872340424,7.222131147540984,3228399.6885245903
2002-12-31,NI,USD,1111711,2003-03-03,2003-02-28 19:47:05,2002,Q4,1844200000.0,0.0,1844200000.0,1.0,0,0.0,0.0,0.0,1504400000.0,1504400000.0,1504400000.0,0.0,0.0,152600000.0,492400000.0,0.2669992409,339800000.0,0.1842533348,-138300000.0,201500000.0,0.1092614684,61700000.0,82100000.0,0.0445179482,0.32,0.32,253800000,253800000,https://www.sec.gov/Archives/edgar/data/1111711/000089322003000230/0000893220-03-000230-index.htm,https://www.sec.gov/Archives/edgar/data/1111711/000089322003000230/w83926e10vk.txt,7.26635145784082,0.3234830575256107,1.0713159968479118,0.0933806146572104,0.2139479905437352,16.78408195429472,1.4893617021276595,16.78408195429472,28.225768321513,1994868000.0,9104268000.0,6.074506699147381,1.081698297364711,7.336770871643987,84.17164556962025,0.4683008591952674,0.4683008591952674,4.9367031775295525,18.4895775792039,33.48388378080177,384.146329113924,0.0411556052831565,0.0118804853253448,1.681698671299122,0.4239653427551799,14.438261575954508,0.4472877866615598,0.0,3.3118148599269186,0.0305283357094304,0.7417783191230207,0.0,0.0,0.2297344483307589,0.9128356013240162,0.1345841015074287,0.0,0.0,11.052634904743432,0.0158675456539357,0.0063080575639065,-46.0588061465721,-2308900000.0,378000000.0,-10768600000.0,11640900000.0,664700000.0,410650000.0,595850000.0,41.51556230343781,0.0,0.0,2.167861760902786,0.0,0.0,0.0192732053148035,0.9779353821907012,2003-01-30,0.6,bmo,1874936666.0,2025-04-25,2002-12-31,-0.0166666666666666,7.0846875,3606600.03125
2002-09-30,NI,USD,1111711,2002-11-14,2002-11-14 11:56:00,2002,Q3,1066100000.0,0.0,1066100000.0,1.0,0,0.0,0.0,0.0,887700000.0,887700000.0,887700000.0,0.0,0.0,145000000.0,305500000.0,0.2865584842,178400000.0,0.1673388988,-140600000.0,37400000.0,0.0350811369,14200000.0,23200000.0,0.0217615608,0.11,0.11,205700000,208100000,https://www.sec.gov/Archives/edgar/data/1111711/000089322002001364/0000893220-02-001364-index.htm,https://www.sec.gov/Archives/edgar/data/1111711/000089322002001364/w65465e10vq.txt,5.182790471560525,0.1127856101118133,0.1186193485658726,-0.4837141468157511,0.3155080213903743,16.66747690811862,-1.4409333981526495,16.66747690811862,38.00777831793874,1392589000.0,9145889000.0,15.00634698275862,1.3062461307569646,57.07331967213115,-13.995869346733668,0.4061802537552865,0.4061802537552865,8.578828440108808,29.937443535188216,374.8315163934426,-91.9184824120603,0.0166596174463535,-0.0714496524100075,2.280355840746682,0.4702082744435289,25.379050736497543,0.4078167587707234,0.0,1.0517241379310345,0.0433006436213412,2.5991379310344827,0.0,0.0,0.22402583733784,5.077868852459017,0.1162179908076165,0.0,0.0,6.503588234382706,0.0075522401535293,0.0017981429523647,-60.44664560038892,-2368200000.0,-296400000.0,-11567700000.0,11442500000.0,517600000.0,361650000.0,488650000.0,40.41178125879373,0.0,0.0,2.2270733235847087,0.0,0.0,0.0067668076418258,0.6023334953816237,2002-10-28,0.09,bmo,743236363.0,2025-04-25,2002-09-30,0.2222222222222222,7.57890625,2186335.46875
2002-06-30,NI,USD,1111711,2002-08-14,2002-08-14 12:03:36,2002,Q2,1375600000.0,0.0,1375600000.0,1.0,0,0.0,0.0,0.0,1213300000.0,1213300000.0,1213300000.0,0.0,123700000.0,126600000.0,271500000.0,0.1973684211,162300000.0,0.1179848793,-127700000.0,34800000.0,0.0252980518,14100000.0,25000000.0,0.0181738878,0.12,0.12,205600000,208200000,https://www.sec.gov/Archives/edgar/data/1111711/000089322002001000/0000893220-02-001000-index.htm,https://www.sec.gov/Archives/edgar/data/1111711/000089322002001000/w62840e10vq.txt,6.690661478599222,0.1215953307392996,0.3696498054474708,-0.4061284046692607,0.2665369649805447,17.829766536964982,-0.2962062256809338,17.829766536964982,37.68336575875487,1755823999.9999998,9325024000.0,17.558239999999998,1.276405931956964,23.10294736842105,-21.02783233532934,0.4789743030170766,0.4789743030170766,6.778877580692062,34.346313075506444,122.69768421052632,-111.67693413173652,0.0142383291263816,-0.0475560192821148,2.0797643079273285,0.454968610507722,27.87918968692449,0.4379596350566768,1.3120452708164916,3.04,0.0342289432198215,2.404,0.0,0.0,0.2223939560308404,2.098684210526316,0.1159494038964815,0.0,0.0,6.98429438662217,0.0065081886003747,0.0019185756494378,-60.65843871595331,-2032900000.0,-60900000.0,-11507300000.0,11767400000.0,796250000.0,422000000.0,248950000.0,36.40956673451585,0.0,0.0,2.471877807726864,0.0,0.0,0.0068197937694364,0.7757782101167315,2002-07-30,0.1,bmo,954300000.0,2025-04-25,2002-06-30,0.0,9.01171875,1810818.390625
2002-03-31,NI,USD,1111711,2002-05-10,2002-05-09 18:36:57,2002,Q1,2206400000.0,0.0,2206400000.0,1.0,0,0.0,0.0,0.0,1711400000.0,1711400000.0,1711400000.0,0.0,0.0,149800000.0,647200000.0,0.2933284989,495000000.0,0.2243473532,-109100000.0,385900000.0,0.1749002901,143900000.0,242200000.0,0.1097715736,1.18,1.16,205500000,208200000,https://www.sec.gov/Archives/edgar/data/1111711/000089322002000609/0000893220-02-000609-index.htm,https://www.sec.gov/Archives/edgar/data/1111711/000089322002000609/w60313e10-q.txt,10.736739659367396,1.178588807785888,3.8934306569343065,3.454014598540146,0.3401459854014598,17.85839416058394,-0.2992700729927007,17.85839416058394,33.41167883211679,1839225000.0,8635425000.0,1.8984568538398017,0.8335863850616387,2.298743907011624,2.5911876584953504,0.5011648818768903,0.5011648818768903,3.913807559825961,13.3427456736712,10.792932133483314,12.165997464074389,0.1316859003112724,0.3859234188313012,1.870922913430884,0.4118613872076492,10.500927070457356,0.4986673500768837,0.0,3.303468208092485,0.0327311775340156,0.2485549132947976,0.0,0.0,0.2238271479044322,0.1128608923884514,0.0409263959390862,0.0,0.0,21.76174001224614,0.022355171617577,0.0187178793616445,-58.65206812652068,-1956200000.0,-61500000.0,-11055200000.0,11241800000.0,1085300000.0,549600000.0,217050000.0,42.25888324873096,0.0,0.0,2.1297297297297297,0.0,0.0,0.0659963486743508,0.4394160583941606,2002-04-23,0.92,bmo,1364693103.0,2025-04-25,2002-03-31,0.2608695652173912,8.585333333333333,2108408.2
2001-12-31,NI,USD,1111711,2002-02-22,2002-02-22 00:00:00,2001,Q4,2029400000.0,0.0,2029400000.0,1.0,0,0.0,0.0,0.0,1787200000.0,1787200000.0,1787200000.0,0.0,0.0,176000000.0,418200000.0,0.2060707598,242200000.0,0.1193456194,-136600000.0,105600000.0,0.0520350843,51700000.0,55500000.0,0.0273479846,0.27,0.27,205500000,205500000,https://www.sec.gov/Archives/edgar/data/1111711/000089322002000181/0000893220-02-000181-index.htm,https://www.sec.gov/Archives/edgar/data/1111711/000089322002000181/w57495e10-k.txt,9.875425790754258,0.2700729927007299,1.6987834549878345,0.345985401459854,0.6223844282238443,17.313868613138688,-0.8754257907542579,17.313868613138688,39.09148418491484,1861830000.0,9767230000.0,8.386621621621622,0.9174287966886764,5.33322830134632,26.186075949367087,0.5232799325463744,0.5232799325463744,4.8128658716862125,23.35540411286465,27.97831566886279,137.3731364275668,0.0298093810927957,0.0381882341567167,2.257813378302417,0.4623721516510207,18.90339550454328,0.5428033667470287,0.0,6.29009009009009,0.0355564149251005,1.1927927927927928,0.0,0.0,0.2151420793019494,0.7963334288169579,0.136986301369863,0.0,0.0,10.257201714429527,0.0082979538640533,0.004070048840586,-61.904136253041365,-2161900000.0,-179900000.0,-11249400000.0,11130700000.0,960650000.0,589150000.0,417400000.0,50.31733517295753,0.0,0.0,1.788647981667548,0.0,0.0,0.0155986509274873,1.3527980535279804,2002-01-30,0.59,bmo,2029400000.0,2025-04-25,2001-12-31,0.0,8.7059375,2523982.40625
2001-09-30,NI,USD,1111711,2001-11-07,2001-11-07 00:00:00,2001,Q3,1756400000.0,0.0,1756400000.0,1.0,0,0.0,0.0,0.0,1610000000.0,1610000000.0,1610000000.0,0.0,0.0,179600000.0,318000000.0,0.1810521521,146400000.0,0.0833523115,-161800000.0,-15400000.0,-0.0087679344,4300000.0,-20100000.0,-0.0114438624,-0.0979,-0.0979,205400000,205400000,https://www.sec.gov/Archives/edgar/data/1111711/000089322001500838/0000893220-01-500838-index.htm,https://www.sec.gov/Archives/edgar/data/1111711/000089322001500838/w54591e10-q.txt,8.55111976630964,-0.0978578383641674,0.7852969814995131,-0.1621226874391431,0.5730282375851996,17.25462512171373,-0.7770204479065238,17.25462512171373,39.25900681596884,1871194000.0,9817294000.0,-23.273557213930346,1.065357549533136,11.600706757594544,-56.192012012012015,0.5279743799554188,0.5279743799554188,5.589440901844682,30.871993710691825,60.86357098574086,-294.81363363363363,-0.0107418044307538,-0.017796123758413,2.2752743997065545,0.4655236115921949,24.987735849056605,0.6067669346108667,0.0,-8.024875621890548,0.0281103936844602,-2.616915422885572,0.0,0.0,0.2138148019859138,1.2064476131432114,0.11079480756092,0.0,0.0,,0.0125426400968383,-0.0014759551485868,-62.16516553067186,-1707300000.0,-159600000.0,-11143500000.0,11445100000.0,1138150000.0,511850000.0,446900000.0,40.3114324755181,0.0,0.0,2.2326172619804248,0.0,0.0,-0.0056713975339296,0.9474196689386564,2001-11-01,-0.02297,bmo,702560000.0,2025-04-25,2001-09-30,3.3535045711797995,10.01406779661017,2448842.8474576278
2001-06-30,NI,USD,1111711,2001-08-07,2001-08-07 00:00:00,2001,Q2,1874800000.0,0.0,1874800000.0,1.0,0,0.0,0.0,0.0,1726800000.0,1726800000.0,1726800000.0,0.0,0.0,155000000.0,303100000.0,0.1616705782,148000000.0,0.0789417538,-147600000.0,-1500000.0,-0.0008000853,4800000.0,-8000000.0,-0.0042671218,-0.039,-0.039,205300000,205300000,https://www.sec.gov/Archives/edgar/data/1111711/000089322001500533/0000893220-01-500533-index.htm,https://www.sec.gov/Archives/edgar/data/1111711/000089322001500533/w52065e10-q.txt,9.132001948368242,-0.0389673648319532,0.5869459327812957,0.2294203604481247,0.6950803701899659,17.69118363370677,-0.2001948368241597,17.69118363370677,39.7486604968339,2204922000.0,10222622000.0,-68.9038125,1.1760838489438874,18.298107883817423,46.81363057324841,0.6070820484581497,0.6070820484581497,5.45264668231278,33.726895414054766,84.83503734439834,217.0408067940552,-0.0036282462599584,0.021361299855505,2.246806167400881,0.461164609611646,26.452325965028045,0.6330247971660382,0.0,-15.0625,0.0276200246539333,-7.6125,0.0,0.0,0.2075760658257606,0.6091286307053941,0.0391508427565607,0.0,0.0,,0.0404837732752388,-0.0005705279523038,-61.65538236726741,-1605700000.0,-41100000.0,-11293400000.0,11452500000.0,1991200000.0,616900000.0,251500000.0,71.508427565607,0.0,0.0,1.25859291084855,0.0,0.0,-0.0022026431718061,0.3575255723331709,2001-07-31,0.07,bmo,13109600000.0,2025-04-25,2001-06-30,-1.5567142857142855,11.725555555555555,2157537.0
2001-03-31,NI,USD,1111711,2001-05-09,2001-05-09 00:00:00,2001,Q1,3798100000.0,0.0,3798100000.0,1.0,0,0.0,0.0,0.0,3325900000.0,3325900000.0,3325900000.0,0.0,0.0,161100000.0,633400000.0,0.1667675943,472200000.0,0.1243253206,-165700000.0,306500000.0,0.0806982439,122300000.0,188800000.0,0.0497090651,0.92,0.9,205000000,209400000,https://www.sec.gov/Archives/edgar/data/1111711/000089322001500163/0000893220-01-500163-index.htm,https://www.sec.gov/Archives/edgar/data/1111711/000089322001500163/w48673e10-q.txt,18.52731707317073,0.9209756097560976,2.0082926829268293,1.4126829268292682,0.5453658536585366,17.81170731707317,0.1497560975609756,17.81170731707317,39.34585365853658,2507150000.0,10461250000.0,3.3198490466101696,0.6601063689739607,6.089749817828516,8.65728591160221,0.6866270471599935,0.6866270471599935,2.754337695163372,16.516024628986422,25.409885839203305,36.123100828729285,0.0753046287617414,0.1155096424226711,2.2089883332420444,0.4361053889366488,12.557783391221976,0.6748427672955974,0.0,2.180614406779661,0.0236523542667969,0.3140889830508475,0.0,0.0,0.1957632479602926,0.2965751760991013,0.0321476527737553,0.0,0.0,19.21180184575665,0.0184804559821459,0.0126927782931978,-62.22658536585366,-1757800000.0,30700000.0,-11195700000.0,11376700000.0,2003250000.0,929450000.0,507500000.0,59.06953476738369,0.0,0.0,1.523628048780488,0.0,0.0,0.051706194884154,0.595609756097561,2001-04-27,0.91,bmo,3929648863.0,2025-04-25,2001-03-31,-0.0329670329670329,11.12016129032258,2371586.6612903224
2000-12-31,NI,USD,1111711,2001-03-30,2001-03-30 00:00:00,2000,Q4,3034634000.0,-1712564000.0,4747198000.0,1.5643395546,0,0.0,0.0,0.0,4554973000.0,4554973000.0,2842409000.0,0.0,158196000.0,121031000.0,313256000.0,0.103226946,192225000.0,0.0633437179,-182846000.0,9379000.0,0.0030906528,17308000.0,1871000.0,0.0006165488,0.0155,0.0155,120559039,120559039,https://www.sec.gov/Archives/edgar/data/1111711/000089322001000397/0000893220-01-000397-index.htm,https://www.sec.gov/Archives/edgar/data/1111711/000089322001000397/w47075e10-k405.txt,25.171351938198512,0.0155193672371592,-1.961263145105196,-3.333163596302389,1.6008754018020996,29.42873491219518,-0.4620142998983261,29.42873491219518,70.69064311303941,1456353191.12,9627553191.12,194.5955626830572,0.4799106551630279,-6.15929587528759,-3.624184547497406,0.4104831565489444,0.4104831565489444,3.1725582693398944,30.7338189567638,-40.71742282074706,-23.95849421570116,0.0012847158308906,-0.275924138766754,2.357507257814482,0.424647658502904,26.084735807135377,0.7133780137522848,1.2151065766517484,-126.37520042757885,0.0227080904561117,17.675574559059328,0.0,0.0,0.1829535762154258,-0.6994984097983489,0.0545024540026902,0.0,0.0,3.205634921449372,-0.0105765009685266,0.0001162602838465,-119.602603998859,-1975800000.0,-55700000.0,-11231300000.0,11174500000.0,969458000.0,742560000.0,542050500.0,44.89272841469515,-58.70671110685499,-42.19462747085657,2.004779018299531,-1.5330444901978335,-2.132972972972973,0.0005273542095323,1.371900451197193,2001-01-30,0.75,bmo,2994172213.0,2025-04-25,2000-12-31,0.0133333333333333,10.173015873015872,4370864.634920635
2000-09-30,NI,USD,1111711,2000-09-30,2000-09-29 20:00:00,2000,Q3,1005546000.0,598225000.0,407321000.0,0.4050744571,0,0.0,0.0,0.0,300001000.0,300001000.0,898226000.0,0.0,0.0,84100000.0,181500000.0,0.1804989528,107320000.0,0.106728086,-2600000.0,104005000.0,0.1034313696,52005000.0,52000000.0,0.0517131986,0.43,0.42,120559000,123412500,,,8.34069625660465,0.4313240819847543,-0.0080043795983709,-0.6298492854121218,0.4232699342230775,12.341475957829775,11.71785598752478,12.341475957829775,21.36148275947876,1154955220.0,3679245220.0,5.552669326923077,1.148585166665672,-1196.8447875647666,-15.20998788421524,0.7762442703558631,0.7762442703558631,3.658952668500496,20.2713235261708,-3812.689347150259,-48.45319909395001,0.0450233906038365,-0.065746271963687,1.7308693735230625,0.363531661520684,13.90793388429752,0.6834401145776474,0.0,-0.0185576923076923,0.0283344318752029,0.6293269230769231,0.0,0.0,0.0106128215215705,-77.68808290155441,0.0745555151131822,0.0,0.0,10.94401458453782,0.0090110555006491,0.0074190496083312,-42.18473527484469,-622855000.0,1412693000.0,-4251572000.0,4353838000.0,452333000.0,358940000.0,237333500.0,38.05836828946661,55.36679343056542,42.30530318859961,2.364788719145093,1.6255230693984022,2.127392861334064,0.0349491489882221,0.621844905813751,2000-10-30,0.29,bmo,1178916000.0,2025-04-25,2000-09-30,-0.1724137931034482,8.650158730158731,1614217.0
2000-06-30,NI,USD,1111711,2000-06-30,2000-06-29 20:00:00,2000,Q2,922971000.0,529701000.0,393270000.0,0.426091394,0,0.0,0.0,0.0,303923000.0,303923000.0,833624000.0,0.0,0.0,84590000.0,178316000.0,0.1931978361,89347000.0,0.0968036916,-53031000.0,36316000.0,0.0393468484,12903000.0,23413000.0,0.0253669942,0.19,0.18,120570000,120570000,,,7.655063448619059,0.1941859500704984,-0.0408559343120179,-0.6525835614166045,0.4222028697022476,12.164468773326698,11.051538525337978,12.164468773326698,23.724782284150287,882572400.0,3692164400.0,9.423956776150003,0.956229827372691,-179.1661388550548,-11.216954322462572,0.6017525414714967,0.6017525414714967,4.000303801527892,20.70573812781803,-749.5258627689809,-46.92514679342162,0.0265281352555325,-0.0891507597563667,1.9503344310581112,0.3976405661918282,15.7562529442114,0.5882044265899784,0.0,-0.2103959338828855,0.0370496516773014,1.3966172639132106,0.0,0.0,0.0186533308774722,-14.972797401542834,0.079911503178323,0.0,0.0,7.290322409307802,0.009222231283123,0.0033165290008951,-43.29252301567554,-779256000.0,1332484000.0,-4613924000.0,4573394000.0,470940000.0,308957000.0,169077000.0,46.7517397621377,59.44372391216932,32.8712613342244,1.9250620502659297,1.514037043388784,2.737953955733824,0.0159633728105163,0.6117276271045865,2000-07-28,0.22,bmo,1090783909.0,2025-04-25,2000-06-30,-0.1818181818181818,7.033015873015873,1331463.492063492
2000-03-31,NI,USD,1111711,2000-03-31,2000-03-30 19:00:00,2000,Q1,1067549000.0,584638000.0,482911000.0,0.4523548802,0,0.0,0.0,0.0,304003000.0,304003000.0,888641000.0,0.0,0.0,84479000.0,254800000.0,0.2386775689,178908000.0,0.1675876236,-53308000.0,127500000.0,0.119432457,47884000.0,79616000.0,0.0745783098,0.64,0.62,124304000,124304000,,,8.588211159737417,0.6404942721070923,1.8940581155875915,1.479912150855966,0.6287086497618741,12.096730595958295,10.996251126271078,12.096730595958295,22.04651499549492,824135520.0,3486454520.0,2.587845156752412,0.771988470786821,3.5004205760303093,4.479995651204888,0.5480819753244058,0.5480819753244058,3.265849642498845,13.68310251177394,14.808313490967937,18.95234546828369,0.0966054709060471,0.2232145023915484,1.822518474773754,0.3939966360758224,10.44866169544741,0.5679554507269229,0.0,2.957181973472669,0.040412042912554,0.4183204381028939,0.0,0.0,0.0196668366504125,0.2186553629602572,0.04822261085908,0.6093822133311237,0.0,13.20331207703252,0.0181444169748469,0.0116760009462112,-39.85855241987386,-696248000.0,1366878000.0,-4536624000.0,4648044000.0,430015000.0,261927000.0,152494000.0,38.98528311112651,41.26461160581419,22.27347521030108,2.308563458253141,2.1810456102128675,4.040680636956762,0.0529477173213307,0.4141459647316257,2000-04-25,0.63,bmo,1084494222.0,2025-04-25,2000-03-31,-0.0158730158730158,6.622222222222222,1466740.3174603174
1999-12-31,NI,USD,1111711,1999-12-31,1999-12-30 19:00:00,1999,Q4,884300000.0,573700000.0,310600000.0,0.3512382676,0,0.0,0.0,0.0,188100000.0,188100000.0,761800000.0,0.0,0.0,107100000.0,229600000.0,0.2596403935,122500000.0,0.138527649,-69600000.0,52900000.0,0.0598213276,20000000.0,32900000.0,0.0372045686,0.26,0.26,122487870,127272727,,,7.219490387088942,0.2685980252575214,0.7600752629627734,-6.185918654639027,0.3551372066474827,12.189778465410493,11.13987858552851,12.189778465410493,23.0896332836876,859864847.4,3644564847.4,6.533927411854103,0.9723678021033586,9.235927469387754,-1.13483548554837,0.575892336347197,0.575892336347197,4.12141224403483,15.873540276132404,39.14677601933405,-4.810036752540584,0.0382618269597608,-0.8811849935383229,1.8941798941798944,0.4137698970037453,12.128484320557492,0.5235801044988804,0.0,2.8297872340425534,0.0370988534959383,0.9696048632218844,0.0,0.0,0.018814372659176,9.138560687432868,0.9621169286441252,0.0,0.0,8.583028867658443,0.0123153096969225,0.0049056153639698,-40.16928370131671,-702100000.0,1364500000.0,-4570500000.0,4656900000.0,380450000.0,260550000.0,184200000.0,40.46590523577971,40.128987275579576,25.14728952414153,2.2240945674044266,2.2427677873338547,3.578914535246413,0.0220346929207688,6.9459939176018,2000-01-28,0.56,bmo,1136957142.0,2025-04-25,1999-12-31,-0.4285714285714286,7.713125,883337.96875
1999-09-30,NI,USD,1111711,1999-09-30,1999-09-29 20:00:00,1999,Q3,688000000.0,308300000.0,379700000.0,0.5518895349,0,0.0,0.0,0.0,278200000.0,278200000.0,586500000.0,0.0,0.0,87900000.0,189400000.0,0.2752906977,101500000.0,0.1475290698,-64289000.0,41800000.0,0.060755814,13800000.0,28000000.0,0.0406976744,0.22,0.22,127068182,127068182,,,5.414416018008348,0.2203541402677815,0.3832588082514629,-0.3431228755598313,0.1865140401552294,14.5583258600489,13.600572328956432,11.843248060320876,20.313503816399923,1104222501.58,3661722501.58,9.859129478392855,1.60497456625,22.67397333839836,-25.3262041646789,0.7337514131038606,0.7337514131038606,5.3222710778779065,19.33327614350581,75.18937374907597,-83.98446104541284,0.0253572083162004,-0.0394847958066549,1.7151970230580105,0.396662210133235,13.503167898627243,0.5302947384879994,0.0,1.7392857142857143,0.028889105188814,1.1392857142857142,0.0,0.0,0.0187020730564135,1.895277207392197,0.134156976744186,0.0,0.0,7.662796274662192,0.0113944076792374,0.0043848659483838,-33.503076324803324,-600800000.0,1728200000.0,-3979100000.0,4420500000.0,354350000.0,254400000.0,190150000.0,47.52470930232558,77.4472915990918,60.74927019137204,1.893751720341316,1.1620806633999246,1.4814992791926958,0.018605887434381,0.7263816838112943,1999-10-28,0.33,bmo,729696969.0,2025-04-25,1999-09-30,-0.0606060606060606,9.76078125,588658.6875
1999-06-30,NI,USD,1111711,1999-06-30,1999-06-29 20:00:00,1999,Q2,680600000.0,309100000.0,371500000.0,0.5458419042,0,0.0,0.0,0.0,289900000.0,289900000.0,599000000.0,0.0,0.0,76700000.0,162570000.0,0.2388627681,81600000.0,0.119894211,-50377000.0,34600000.0,0.0508374963,11700000.0,22900000.0,0.0336467823,0.18,0.18,127466667,127466667,,,5.339435132480556,0.1796548112456725,0.188284518336076,-0.4236401662561711,0.3906903755473578,14.55203971089948,13.583943479121489,11.845449759818385,19.627091998883127,1292512003.38,3744512003.38,14.11039305,1.8990772897149577,53.8546668075,-23.93540747,0.8560249045499703,0.8560249045499703,5.501780786629444,23.033228783785447,156.02133347416668,-69.3428148774074,0.0177174370064765,-0.0417791090982417,1.656930922577654,0.3907902341492369,15.082733591683583,0.524005840419136,0.0,1.0480349344978166,0.0246032531356312,1.388646288209607,0.0,0.0,0.0192755275777503,3.25,0.1146047605054363,0.0,0.0,6.919687197858445,0.0091614820044418,0.0036473680019112,-32.573613931554355,-554200000.0,1731500000.0,-3936900000.0,4454500000.0,378800000.0,249250000.0,155200000.0,45.67440493682045,70.8993853121967,50.13911355548366,1.9704690214244351,1.269404517453799,1.7950058072009292,0.0151665673223392,0.6119246845922471,1999-07-29,0.23,bmo,828556521.0,2025-04-25,1999-06-30,-0.2173913043478261,10.748571428571427,832356.6666666666
1999-03-31,NI,USD,1111711,1999-03-31,1999-03-30 19:00:00,1999,Q1,891500000.0,460000000.0,431500000.0,0.4840157039,0,0.0,0.0,0.0,275600000.0,275600000.0,735600000.0,0.0,0.0,65800000.0,221700000.0,0.2486819966,155900000.0,0.1748738082,-34475000.0,121500000.0,0.1362871565,44900000.0,76600000.0,0.0859226024,0.62,0.62,123548387,123548387,,,7.21579635029958,0.6200000004856396,2.3245953020819283,1.854334205107833,0.522062663594305,15.04349870630039,14.39112272667712,12.25107050567969,18.264099231016267,1310848386.07,3502848386.07,4.278225803100522,1.4703851778687604,4.564235327541783,5.721730187996508,0.8660467666952959,0.8660467666952959,3.9291625194279294,15.799947614208389,12.19654730525766,15.289604478699257,0.0584354383115588,0.1747723096237355,1.4908165961945032,0.3624084543235256,9.8872350022553,0.7330822903976077,0.0,3.74934725848564,0.0228859418974773,0.391644908616188,0.0,0.0,0.0129448798663754,0.2022980501392757,0.065171060011217,0.0,0.0,13.07296575716841,0.0175119502577167,0.012463796413811,-31.769334228539947,-241000000.0,1778000000.0,-3705900000.0,4682400000.0,353000000.0,253200000.0,151500000.0,41.61301177790241,49.891304347826086,27.03913043478261,2.1627850557981563,1.803921568627451,3.3285094066570187,0.0506078224101479,0.4702610969740948,1999-04-14,0.56,bmo,795982142.0,2025-04-25,1999-03-31,0.107142857142857,10.872459016393442,1149589.245901639
1998-12-31,NI,USD,1111711,1998-12-31,1998-12-30 19:00:00,1998,Q4,753300000.0,219500000.0,533800000.0,0.7086154255,0,0.0,0.0,0.0,406300000.0,406300000.0,625800000.0,0.0,0.0,65000000.0,192500000.0,0.2555422806,127500000.0,0.1692552768,-35300000.0,92200000.0,0.1223947962,31600000.0,60600000.0,0.0804460374,0.51,0.51,117869266,119722222,,,6.390978968173094,0.5141289333217702,0.912027398219312,0.3215426827210411,0.5158257284812481,10.958751537487304,10.407293110657022,10.958751537487304,17.69587671819387,1409716421.36,3434716421.36,5.815661804290429,1.871387788875614,13.113641128930231,37.1956839408971,1.0913651942091818,1.0913651942091818,4.559559831886367,17.842682708363636,31.950850431255816,90.62576309656993,0.0429873690068369,0.0268848396923947,1.6147712317101497,0.4182893813295898,10.51948051948052,0.6849114095474551,0.0,1.773927392739274,0.0200040232012013,0.4653465346534653,0.0,0.0,0.0130351950265717,0.6474418604651163,0.0923934687375547,0.0,0.0,11.259207470617094,0.0185475451370408,0.0123133191100274,-28.26224437505193,-279200000.0,1226700000.0,-3087900000.0,3534500000.0,262800000.0,220650000.0,158000000.0,35.101553166069294,103.07972665148064,67.57175398633257,2.563989108236896,0.8731105807478122,1.331917475728155,0.0469149183246883,0.5904847154982708,1999-01-28,0.55,bmo,808085454.0,2025-04-25,1998-12-31,-0.0727272727272727,11.95296875,831686.4375
1998-09-30,NI,USD,1111711,1998-09-30,1998-09-29 20:00:00,1998,Q3,747800000.0,295400000.0,452400000.0,0.6049745921,0,0.0,0.0,0.0,356600000.0,356600000.0,652000000.0,0.0,34000000.0,61500000.0,157300000.0,0.2103503611,95800000.0,0.1281091201,-31200000.0,64600000.0,0.0863867344,21500000.0,43100000.0,0.0576357315,0.36,0.35,119722222,123142857,,,6.246125301616938,0.3600000006682134,0.7124825999303621,0.1787471000997626,0.2714617174412282,10.66886312885172,10.119257559386092,10.66886312885172,17.437865461601607,1546811108.24,3568011108.24,8.972222205568444,2.0684823592404387,18.133776181008205,72.28089290841122,1.211000632772254,1.211000632772254,4.771344086975127,22.68284239186268,41.82896961594373,166.72949103925234,0.0278637771415025,0.0138349148684026,1.6078446723557505,0.4245637972380716,12.849332485696122,0.606007289179339,2.8176470588235296,1.9791183294663568,0.0186835999858335,0.6705336426914154,0.0,0.0,0.0136029107748284,0.7491207502930832,0.0854506552554158,0.0,0.0,9.29611701217789,0.0144433369649984,0.0090329882214863,-27.37962882112228,-313500000.0,1211500000.0,-3077700000.0,3484000000.0,248050000.0,195500000.0,132950000.0,27.89783364535972,57.85714285714286,46.06635071090048,3.226056945642795,1.5555555555555556,1.9537037037037035,0.0337430517497847,0.5337354998305995,1998-10-29,0.36,bmo,768572222.0,2025-04-25,1998-09-30,-0.0277777777777778,11.274375,681149.5625
1998-06-30,NI,USD,1111711,1998-06-30,1998-06-29 20:00:00,1998,Q2,652400000.0,222000000.0,430400000.0,0.6597179644,0,0.0,0.0,0.0,352500000.0,352500000.0,574500000.0,0.0,0.0,64500000.0,142400000.0,0.2182709994,77900000.0,0.1194052728,-33100000.0,44800000.0,0.0686695279,15400000.0,29400000.0,0.0450643777,0.24,0.24,122500000,122500000,,,5.325714285714286,0.24,0.830204081632653,0.3069387755102041,0.2995918367346938,10.996734693877553,10.456326530612245,10.996734693877553,15.873469387755105,1347500000.0,3255300000.0,11.458333333333334,2.065450643776824,13.24975417895772,35.837765957446805,1.000296934154851,1.000296934154851,4.98973022685469,22.860252808988765,32.008849557522126,86.57712765957447,0.0218181818181818,0.0279035250463821,1.4434711602702102,0.4039260490236809,13.39747191011236,0.6896952104499274,0.0,3.447457627118644,0.0218923933209647,1.0034013605442176,0.0,0.0,0.0137515579559617,0.6302851524090463,0.0982526057633353,0.0,0.0,7.705995545478778,0.0116223059609875,0.0061923417161632,-25.91530612244898,-213800000.0,1280900000.0,-2991700000.0,3586200000.0,318050000.0,202500000.0,109500000.0,36.46076026977315,81.52702702702703,46.5,2.46840711312902,1.1039283938339135,1.935483870967742,0.0218246603815603,0.5232653061224489,1998-07-30,0.26,bmo,702584615.0,2025-04-25,1998-06-30,-0.0769230769230769,10.638253968253968,666095.4126984127
1998-03-31,NI,USD,1111711,1998-03-31,1998-03-30 19:00:00,1998,Q1,779300000.0,284400000.0,494900000.0,0.6350571025,0,0.0,0.0,0.0,378800000.0,378800000.0,663200000.0,0.0,0.0,54900000.0,171000000.0,0.2194276915,116100000.0,0.1489798537,-23100000.0,93000000.0,0.1193378673,32300000.0,60700000.0,0.0778904145,0.49,0.48,123877551,126458333,,,6.290889622123705,0.4900000000807248,1.5305436575832856,1.141449753071079,0.3261285008774511,11.470197695464613,10.926112028159162,11.470197695464613,15.0899011556985,1362653061.0,3191553061.0,5.612244897034596,1.7485603246503272,7.186988718354431,9.636867475247524,0.9590070103455556,0.9590070103455556,4.095410061593738,18.664052988304093,16.833085764767933,22.57109661244696,0.0445454545527931,0.103768159370098,1.3155746357942149,0.3814508723599633,10.6953216374269,0.8356553881148706,0.0,3.1235584843492585,0.0218691028941225,0.4909390444810543,0.0,0.0,0.0137536986021834,0.2542194092827004,0.0618503785448479,0.0,0.0,11.245395929594066,0.0172393067554357,0.0125592269971653,-25.090906099685487,-115600000.0,1353500000.0,-2891800000.0,3675000000.0,355300000.0,215350000.0,122300000.0,42.938534582317466,64.5253164556962,33.00632911392405,2.0960193652501347,1.3948013732221678,2.726749760306807,0.042719403195158,0.3890939045122066,1998-04-29,0.54,bmo,865888888.0,2025-04-25,1998-03-31,-0.1111111111111112,10.27311475409836,732083.9344262296
1997-12-31,NI,USD,1111711,1997-12-31,1997-12-30 19:00:00,1997,Q4,807000000.0,229900000.0,577100000.0,0.71511772,0,0.0,0.0,0.0,457700000.0,457700000.0,687600000.0,0.0,0.0,61900000.0,181300000.0,0.2246592317,119400000.0,0.1479553903,-31700000.0,87700000.0,0.1086741016,31800000.0,55900000.0,0.0692688971,0.45,0.45,123793103,123793103,,,6.518941527784468,0.4515598902145623,0.5800000021002786,0.3295821738954229,0.2488022293132114,11.384317589971069,10.833398367920385,11.384317589971069,15.632534875549569,1202031030.13,3106431030.13,5.375809615966011,1.48950561354399,16.74137924972145,29.461544856127453,0.8529277159795644,0.8529277159795644,3.849356914659232,17.134203144677333,43.26505612994429,76.13801544436275,0.046504623091098,0.0339425513795492,1.3731639821187824,0.3919789345756532,10.504136789851076,0.8405970944955351,0.0,1.2844364937388193,0.0235434853931677,0.5062611806797853,0.0,0.0,0.0138140571197083,0.4317548746518105,0.0384138785625774,0.0,0.0,10.754802509792476,0.0170870200334958,0.0114812684850476,-25.62864911787533,-119600000.0,1341100000.0,-2897000000.0,3700800000.0,295850000.0,203000000.0,145650000.0,37.78438661710037,88.78642888212266,54.92387994780339,2.3819362455726094,1.013668430335097,1.638631503920171,0.0396650819555807,0.2504178282048556,1998-01-29,0.47,bmo,858510638.0,2025-04-25,1997-12-31,-0.0638297872340424,8.881875,1062573.1875
1997-09-30,NI,USD,1111711,1997-09-30,1997-09-29 20:00:00,1997,Q3,596400000.0,132000000.0,464400000.0,0.7786720322,0,0.0,0.0,0.0,378700000.0,378700000.0,510700000.0,0.0,0.0,61400000.0,147100000.0,0.2466465459,85700000.0,0.1436955064,-29600000.0,56100000.0,0.0940643863,20200000.0,35900000.0,0.0601945003,0.29,0.29,123793103,123793103,,,4.817715894883094,0.2900000010501393,1.0493314801229274,0.5242618403385526,0.2286072431676585,11.403704776670796,10.71384404993871,11.403704776670796,15.24721453989242,1025006892.84,2884206892.84,7.137931008635097,1.718656761971831,7.89073820508083,15.793634712480738,0.726079827753772,0.726079827753772,4.836027653990611,19.607116878586,22.203286319014627,44.44078417318953,0.0350241547162004,0.0633166473838831,1.3370404476871858,0.3935653370587377,12.639021074099253,0.7289550577431474,0.0,3.628491620111732,0.0275120101113329,0.7855153203342619,0.0,0.0,0.0178068767071873,0.5003849114703618,0.1089872568745808,0.0,0.0,8.626075233686825,0.0125899654460665,0.0076212716272157,-24.96685942188556,-194800000.0,1326300000.0,-2860300000.0,3593200000.0,269750000.0,178550000.0,138700000.0,38.16398390342052,122.18181818181816,102.95454545454544,2.358244365361803,0.7366071428571429,0.8741721854304636,0.0254303322235602,0.5250696397843747,1997-10-30,0.29,bmo,616965517.0,2025-04-25,1997-09-30,-0.0344827586206894,8.1815625,513485.171875
1997-06-30,NI,USD,1111711,1997-06-30,1997-06-29 20:00:00,1997,Q2,523400000.0,127100000.0,396300000.0,0.7571646924,0,0.0,0.0,0.0,323000000.0,323000000.0,450100000.0,0.0,0.0,60500000.0,133800000.0,0.2556362247,73300000.0,0.140045854,-27900000.0,45200000.0,0.0863584257,17000000.0,28200000.0,0.0538784868,0.22,0.22,128181818,128181818,,,4.083262417139379,0.2200000003120567,-0.6108510646962426,-1.206099292490921,0.2293617024529953,10.953191504898143,10.282269518130878,10.953191504898143,15.370354631731,1040836362.1599998,2981636362.16,9.227272714184396,1.988605965150936,-13.292929274074073,-6.732447361966364,0.7413364402849003,0.7413364402849003,5.696668632327092,22.284277744095665,-38.07964702630907,-19.28613429598965,0.0270935960975439,-0.1485343956269607,1.4032763532763532,0.4056998126145419,14.505231689088191,0.660367913903141,0.0,-2.76678445229682,0.0271896726794501,1.00354609929078,0.0,0.0,0.0177089553775508,-0.9744572158365262,0.1457776079480321,0.0,0.0,7.363307546622727,0.0103485813693293,0.0059115778881831,-24.53351067309718,-271400000.0,1318000000.0,-2924600000.0,3575700000.0,274600000.0,238850000.0,115450000.0,49.28162017577378,125.97167584579071,89.50432730133753,1.826238660153524,0.7144463181562676,1.0055379746835442,0.02008547008547,0.5952482277946783,1997-07-30,0.2,bmo,471060000.0,2025-04-25,1997-06-30,0.0999999999999999,7.93671875,745565.703125
1997-03-31,NI,USD,1111711,1997-03-31,1997-03-30 19:00:00,1997,Q1,579200000.0,282200000.0,297000000.0,0.5127762431,0,0.0,0.0,0.0,169200000.0,169200000.0,451400000.0,0.0,0.0,46800000.0,174600000.0,0.3014502762,127800000.0,0.2206491713,-17700000.0,109100000.0,0.1883632597,38300000.0,70800000.0,0.1222375691,0.59,0.59,120000000,120000000,,,4.826666666666667,0.59,2.5425,2.154166666666667,0.7691666666666667,12.0325,11.361666666666666,12.0325,15.019166666666669,925200000.0,2635200000.0,3.266949152542373,1.5973756906077348,3.032448377581121,3.579110251450677,0.6407645958861417,0.6407645958861417,4.5497237569060776,15.09278350515464,8.63716814159292,10.194197292069632,0.0765239948119325,0.2793990488543018,1.2482166355010735,0.3670223597931006,9.793814432989691,0.5624881291547958,0.0,4.309322033898305,0.028966709900562,0.3785310734463277,0.0,0.0,0.0163931087850771,0.1527368076040642,0.0804558011049723,0.0,0.0,12.63849031728078,0.0193421541876812,0.0146580816132171,-26.043333333333333,-460700000.0,1363400000.0,-2874400000.0,3511500000.0,214000000.0,275750000.0,128000000.0,40.80455801104972,95.61304039688164,33.32742735648476,2.205635948210205,0.9412941961307538,2.700478468899522,0.0490338666112611,0.3883333333333333,1997-04-29,0.54,bmo,525570370.0,2025-04-25,1997-03-31,0.0925925925925924,7.726885245901639,649509.0327868853
1996-12-31,NI,USD,1111711,1996-12-31,1996-12-30 19:00:00,1996,Q4,524400000.0,246800000.0,277600000.0,0.5293668955,0,0.0,0.0,0.0,159100000.0,159100000.0,405900000.0,0.0,0.0,55300000.0,173800000.0,0.3314263921,118500000.0,0.22597254,-31600000.0,86900000.0,0.165713196,35500000.0,51400000.0,0.0980167811,0.42,0.42,118674367,122857143,,,4.418814384744096,0.4331179621965036,0.8864593311881748,0.2258280425460369,0.2216148327970437,10.472354152097562,10.472354152097562,10.472354152097562,14.333339566074956,924473318.93,2599173318.93,4.496465558998055,1.7629163213768115,8.78776919134981,34.49527309440298,0.7438633077969102,0.7438633077969102,4.956470859897025,14.95496731260069,24.70697071226235,96.98407906455223,0.0555992249289478,0.0289894791458327,1.3686836176375925,0.3979598998666448,9.63578826237054,0.5,0.0,2.046692607003891,0.0283404609560006,0.5097276264591439,0.0,0.0,0.0,0.7452471482889734,0.1495041952707856,0.0,0.0,10.102212902108294,0.0183196312312883,0.0120253608778045,-23.63947725965119,-511100000.0,1242800000.0,-2520400000.0,2933800000.0,112500000.0,198900000.0,162550000.0,28.386727688787182,91.78687196110212,55.24716369529984,3.17049576783555,0.9805323798172428,1.629042904290429,0.0413582233665915,0.6606312886421378,1997-01-30,0.42,bmo,511914285.0,2025-04-25,1996-12-31,0.0238095238095238,7.511875,720091.84375
1996-09-30,NI,USD,1111711,1996-09-30,1996-09-29 20:00:00,1996,Q3,356300000.0,120500000.0,235800000.0,0.6618018524,0,0.0,0.0,0.0,162000000.0,162000000.0,282500000.0,0.0,28400000.0,48300000.0,122100000.0,0.3426887454,73800000.0,0.207128824,-20500000.0,52400000.0,0.1470670783,18000000.0,34400000.0,0.0965478529,0.28,0.28,122857143,122857143,,,2.900116275697539,0.2799999996744186,0.4647674413200378,0.10255813941563,0.5119767435907248,10.22162789509113,10.22162789509113,10.22162789509113,13.947906960525687,862457143.8599999,2484757143.86,6.267857150145348,2.4205926013471792,15.10432826374781,68.44897967142856,0.6867790602484471,0.6867790602484471,6.973778119169238,20.35018135839476,43.51588693274956,197.2029479253968,0.0398860398396607,0.014609421569178,1.3419334288899507,0.409834869525037,13.286650286650287,0.5212083071113908,2.5985915492957745,1.6598837209302326,0.029798582089514,0.747093023255814,0.0,0.0,0.0,0.7793345008756567,0.1248947516138085,0.0,0.0,8.024727762621904,0.0127098966294582,0.0083659622072521,-21.66499997480814,-380400000.0,1255800000.0,-2442000000.0,3031700000.0,69700000.0,151250000.0,148000000.0,15.054729160819534,109.12033195020746,129.6597510373444,5.978187919463087,0.8247775496235455,0.6941244239631337,0.0273928969581143,0.3622093019044078,1996-10-24,0.26,bmo,,2025-04-25,1996-09-30,0.0769230769230769,7.39375,779747.609375
1996-06-30,NI,USD,1111711,1996-06-30,1996-06-29 20:00:00,1996,Q2,364900000.0,134900000.0,230000000.0,0.6303096739,0,0.0,0.0,0.0,164600000.0,164600000.0,299500000.0,0.0,0.0,52700000.0,118100000.0,0.3236503152,65400000.0,0.1792271855,-24700000.0,39500000.0,0.1082488353,16100000.0,23400000.0,0.0641271581,0.19,0.19,123157895,123157895,,,2.9628632415323435,0.1899999995940171,0.0316666665990028,-0.3353418796253378,0.2541452986022536,10.22833331147792,10.22833331147792,10.22833331147792,13.105128177125794,959400002.05,2542100002.05,10.25000002190171,2.629213488764045,246.000000525641,-23.230024262711865,0.7616099087481146,0.7616099087481146,6.966566188133736,21.524978848856904,651.8205133461539,-61.55205816101695,0.0243902438503231,-0.043047738077707,1.2812574422481544,0.3979780544938971,13.401354784081288,0.5328134196586227,0.0,0.1666666666666666,0.0268918073221511,1.1025641025641026,0.0,0.0,0.0,11.58974358974359,0.1238695533022746,0.0,0.0,6.612573236882614,0.0103730364495958,0.0057699420540007,-21.4639102105472,-317500000.0,1259700000.0,-2433700000.0,3099300000.0,122600000.0,168500000.0,109300000.0,19.6821046862154,104.34395848776872,81.66048925129725,4.572681704260652,0.862531969309463,1.102124183006536,0.0185758513931888,0.3670085462243407,1996-07-30,0.21,bmo,,2025-04-25,1996-06-30,-0.0952380952380951,7.276031746031745,666054.7777777778
1996-03-31,NI,USD,1111711,1996-03-31,1996-03-30 19:00:00,1996,Q1,576000000.0,268400000.0,307600000.0,0.5340277778,0,0.0,0.0,0.0,172300000.0,172300000.0,440700000.0,0.0,0.0,53000000.0,188300000.0,0.3269097222,135300000.0,0.2348958333,-26300000.0,109000000.0,0.1892361111,41500000.0,67500000.0,0.1171875,0.54,0.54,124814815,124814815,,,4.614836788405286,0.5408011861412445,1.2402373868839207,0.9598219570329052,0.3308902072241985,10.186290786073751,10.186290786073751,10.186290786073751,12.363916895602497,919885186.55,2421785186.55,3.406982172407408,1.5970228933159722,5.942410765826874,7.678507400250418,0.7235214618137485,0.7235214618137485,4.20448817109375,12.861312727296868,15.644607148255815,20.215235280050084,0.0733787226785949,0.130233644102158,1.2137800849457292,0.3782074847437688,7.976101964949549,0.5456611276807272,0.0,2.293333333333333,0.0285905245399562,0.3896296296296296,0.0,0.0,0.0,0.2260981912144702,0.0607638888888888,0.0,0.0,11.13315131211676,0.0228475941447716,0.0165429012572604,-20.794406497337675,-319900000.0,1271400000.0,-2424700000.0,3106500000.0,142900000.0,166150000.0,118200000.0,25.84375,60.55886736214605,32.257824143070046,3.482466747279323,1.486157253599114,2.79002079002079,0.0530910806984426,0.2804154298510157,1996-04-29,0.5,bmo,,2025-04-25,1996-03-31,0.08,7.443968253968253,815514.9523809524
1995-12-31,NI,USD,1111711,1995-12-31,1995-12-30 19:00:00,1995,Q4,469000000.0,195000000.0,274000000.0,0.5842217484,0,0.0,0.0,0.0,165900000.0,165900000.0,360900000.0,0.0,0.0,53500000.0,161600000.0,0.3445628998,108100000.0,0.2304904051,-28900000.0,79200000.0,0.168869936,27300000.0,51900000.0,0.1106609808,0.41,0.41,124006192,127142857,,,3.782069205060341,0.4185274877241614,0.3306286511886439,-0.1096719428333062,0.2298272331433256,10.501088526289074,10.501088526289074,10.501088526289074,12.384865426719982,932526563.84,2439826563.84,4.491939132177264,1.988329560426439,22.744550337560973,-68.56812969411764,0.7161162370142835,0.7161162370142835,5.2021888354797445,15.097936657425745,59.50796497170733,-179.39901204705885,0.0556552510271491,-0.0145840349512375,1.179388726770081,0.3839979997499687,9.327351485148515,0.4731022115959354,0.0,0.789980732177264,0.0249858834091054,0.4489402697495183,0.0,0.0,0.0,1.3317073170731708,0.1164179104477611,0.0,0.0,9.944212863958995,0.0191952789875779,0.0129766220777597,-20.228022161990104,-352600000.0,1302200000.0,-2380700000.0,3084500000.0,87800000.0,133350000.0,149300000.0,23.1044776119403,70.01538461538462,64.70769230769231,3.895348837209302,1.2854317732366514,1.390870185449358,0.0398556289356473,0.4403005940219501,1996-01-30,0.39,bmo,,2025-04-25,1995-12-31,0.0512820512820511,7.204603174603174,551974.1428571428
1995-09-30,NI,USD,1111711,1995-09-30,1995-09-29 20:00:00,1995,Q3,370300000.0,120900000.0,249400000.0,0.6735079665,0,0.0,0.0,0.0,162000000.0,162000000.0,282900000.0,0.0,0.0,51900000.0,139300000.0,0.3761814745,87400000.0,0.2360248447,-26300000.0,61100000.0,0.1650013503,24700000.0,36400000.0,0.0982986767,0.28,0.28,127142857,127142857,,,2.9124719133848,0.2862921351531372,0.4420224724067668,0.1376404495928544,0.1455056181410175,10.2082022586609,10.2082022586609,10.2082022586609,11.342359563306022,870928570.4499999,2294528570.45,5.981652269574176,2.3519540114771806,15.49694965213523,49.76734688285714,0.6710290241544032,0.6710290241544032,6.196404457061841,16.471849034099066,40.82791050622775,131.11591831142857,0.0417944722851295,0.0200934962909276,1.1111025502735188,0.3702439024390244,10.219669777458725,0.4432901907356948,0.0,1.543956043956044,0.0313458542138471,0.75,0.0,0.0,0.0,0.6886120996441281,0.1045098568728058,0.0,0.0,8.109061626717972,0.0145697974386162,0.0093453145057766,-19.33258429138493,-326900000.0,1297900000.0,-2336800000.0,3089700000.0,59800000.0,114900000.0,143150000.0,13.416149068322982,85.60794044665013,117.91563275434244,6.708333333333333,1.051304347826087,0.7632575757575758,0.0280453039525387,0.3043820228139124,1995-10-26,0.25,bmo,,2025-04-25,1995-09-30,0.1200000000000001,6.47047619047619,638625.3333333334
1995-06-30,NI,USD,1111711,1995-06-30,1995-06-29 20:00:00,1995,Q2,360500000.0,132100000.0,228400000.0,0.6335644938,0,0.0,0.0,0.0,157400000.0,157400000.0,289500000.0,0.0,0.0,49800000.0,120800000.0,0.3350901526,71000000.0,0.1969486824,-25300000.0,45700000.0,0.1267683773,18800000.0,26900000.0,0.0746185853,0.21,0.21,124285714,124285714,,,2.900574719311666,0.2164367821067512,0.4143678170445237,0.0394252874469546,0.3918390813605496,10.445287380333994,10.445287380333994,10.445287380333994,11.538735658709736,830228569.52,2215628569.52,7.715878898884759,2.3029918710679613,16.120943097475728,169.43440194285714,0.6395228543521799,0.6395228543521799,6.145987710180305,18.341296105298017,43.02191397126214,452.1690958204082,0.0324007158842441,0.0059019891387656,1.104683407795409,0.3684453921845695,11.468543046357617,0.6238140417457305,0.0,1.9144981412639408,0.0308348820311022,0.9516728624535316,0.0,0.0,0.0,0.9048543689320389,0.1292649098474341,0.0,0.0,7.13209287289112,0.0117350749833749,0.0069110808519384,-19.577069010522,-158600000.0,1298200000.0,-2331100000.0,3259000000.0,90850000.0,130400000.0,122250000.0,16.07766990291262,78.21347464042393,87.13853141559424,5.5978260869565215,1.1506968641114983,1.032838154808444,0.0207209983053458,0.374942529597569,1995-07-27,0.18,bmo,,2025-04-25,1995-06-30,0.1666666666666666,6.498730158730159,639457.5079365079
1995-03-31,NI,USD,1111711,1995-03-31,1995-03-30 19:00:00,1995,Q1,522500000.0,237000000.0,285500000.0,0.5464114833,0,0.0,0.0,0.0,162800000.0,162800000.0,399800000.0,0.0,0.0,49900000.0,172600000.0,0.3303349282,122700000.0,0.2348325359,-24800000.0,97900000.0,0.1873684211,37600000.0,60300000.0,0.1154066986,0.46,0.46,129347826,129347826,,,4.039495801034955,0.4661848742629814,1.877109244959401,1.4913277320950102,0.2798655464066323,10.201949586690386,10.201949586690386,10.201949586690386,10.583092444089472,791608695.12,2124308695.12,3.2819597641791045,1.5150405648229666,3.260332352224053,4.103725739346812,0.5998853403455593,0.5998853403455593,4.065662574392344,12.307698117728853,8.74921208863262,11.012486755417314,0.0761739990625786,0.2436810019763088,1.0373598060018188,0.3500396348479812,7.721320973348783,0.4914077417115084,0.0,4.02653399668325,0.0327181853353364,0.4295190713101161,0.0,0.0,0.0,0.2055189456342669,0.0955023923444976,0.0,0.0,10.344557901111193,0.0214726613120327,0.0154192344081622,-18.62130253352693,-293000000.0,1319600000.0,-2308000000.0,3122800000.0,101800000.0,152350000.0,139550000.0,20.20478468899521,55.44303797468354,44.27848101265823,4.454390451832907,1.6232876712328768,2.032590051457976,0.0456956653531373,0.3857815128643909,1995-04-26,0.48,bmo,,2025-04-25,1995-03-31,-0.0416666666666665,6.042539682539682,876950.4444444445
1994-12-31,NI,USD,1111711,1994-12-31,1994-12-30 19:00:00,1994,Q4,428300000.0,178700000.0,249600000.0,0.5827690871,0,0.0,0.0,0.0,156900000.0,156900000.0,335600000.0,0.0,0.0,44400000.0,137100000.0,0.3201027317,92700000.0,0.2164370768,-18500000.0,74200000.0,0.1732430539,25200000.0,49000000.0,0.1144057903,0.39,0.39,125909091,125909091,,,3.401660647363422,0.3891696748092638,0.4090252704627976,0.0444765342639158,0.3208664257611073,10.287581220008969,10.287581220008969,10.287581220008969,12.080938619436145,736568182.3499999,2217268182.35,3.7580009303571424,1.7197482660518326,14.302294802912622,131.5300325625,0.5686467863429321,0.5686467863429321,5.176904464977819,16.17263444456601,43.05375111359224,395.9407468482143,0.0665247307366262,0.0076028263699001,1.1743225507604416,0.3856255545696539,10.800145878920496,0.5115444617784711,0.0,1.0510204081632653,0.0324477768286809,0.4877551020408163,0.0,0.0,0.0,0.8912621359223301,0.1071678729862246,0.0,0.0,9.491118445905494,0.0167980081585147,0.0124223602484472,-19.56034294616581,-313100000.0,1295300000.0,-2321300000.0,3081900000.0,64750000.0,153450000.0,169450000.0,18.134485173943496,79.92725237828763,81.84107442641299,4.962920046349942,1.1260239445494644,1.0996923076923075,0.0378290743457114,0.3645487361988818,1995-01-30,0.37,bmo,,2025-04-25,1994-12-31,0.027027027027027,5.557142857142858,814133.380952381
1994-09-30,NI,USD,1111711,1994-09-30,1994-09-29 20:00:00,1994,Q3,334600000.0,108200000.0,226400000.0,0.6766288105,0,0.0,0.0,0.0,155200000.0,155200000.0,263400000.0,0.0,0.0,47600000.0,118800000.0,0.3550508069,71200000.0,0.2127913927,-23500000.0,47700000.0,0.1425582785,19200000.0,28500000.0,0.0851763299,0.22,0.22,125909091,125909091,,,2.6574729222689726,0.226353790450286,0.4924187722076398,0.0555956678298948,0.2914801441938771,10.216101075656244,10.216101075656244,10.216101075656244,11.752129955413624,677390909.58,2120390909.58,5.942025522631578,2.0244797058577406,10.925659831935484,96.77012994,0.5266196918137294,0.5266196918137294,6.337091779976091,17.84840832979798,34.19985338032258,302.9129870828571,0.0420731952509825,0.0103337672546272,1.150353727746249,0.3794783679121893,12.146464646464649,0.4634562841530054,0.0,2.175438596491228,0.0355776844052168,0.8456140350877193,0.0,0.0,0.0,0.8870967741935484,0.1643753735803945,0.0,0.0,7.213196035545256,0.0117965948930022,0.0073090041802374,-19.50375449855325,-314200000.0,1286300000.0,-2341600000.0,3064200000.0,60650000.0,150450000.0,156300000.0,11.619844590555887,123.271719038817,146.728280961183,7.74537037037037,0.7300944669365722,0.6133786848072562,0.0221565731166912,0.4368231043777451,1994-10-27,0.21,bmo,,2025-04-25,1994-09-30,0.0476190476190476,5.6096875,731576.15625
1994-06-30,NI,USD,1111711,1994-06-30,1994-06-29 20:00:00,1994,Q2,348000000.0,125700000.0,222300000.0,0.6387931034,0,0.0,0.0,0.0,160200000.0,160200000.0,285900000.0,0.0,0.0,50500000.0,112600000.0,0.3235632184,62100000.0,0.1784482759,-25100000.0,37000000.0,0.1063218391,15500000.0,21500000.0,0.0617816092,0.16,0.16,129375000,129375000,,,2.689855072463768,0.166183574879227,0.0456038647342995,-0.3169082125603865,0.2844444444444444,10.067632850241546,10.067632850241546,10.067632850241546,11.048502415458938,750375000.0,2142975000.0,8.725290697674419,2.15625,127.1822033898305,-18.30182926829268,0.5761036468330134,0.5761036468330134,6.157974137931035,19.031749555950267,363.21610169491527,-52.26768292682927,0.0286523404964184,-0.05463934699317,1.0974280230326297,0.3686681110079439,12.367673179396093,0.3995275358039273,0.0,0.2744186046511628,0.0322505413959686,1.1255813953488372,0.0,0.0,0.0,7.9491525423728815,0.1347701149425287,0.0,0.0,6.135486321112235,0.0101453933690775,0.0055452388321469,-18.637487922705315,-406700000.0,1302500000.0,-2304100000.0,2971600000.0,115000000.0,177400000.0,122650000.0,20.198275862068968,109.33174224343676,97.51789976133652,4.4558258642765685,0.8231827111984283,0.922907488986784,0.0165067178502879,0.362512077294686,1994-07-27,0.16,bmo,,2025-04-25,1994-06-30,0.0,5.98241935483871,899690.3387096775
1994-03-31,NI,USD,1111711,1994-03-31,1994-03-30 19:00:00,1994,Q1,565600000.0,270600000.0,295000000.0,0.5215700141,0,0.0,0.0,0.0,166100000.0,166100000.0,436700000.0,0.0,0.0,48700000.0,177600000.0,0.3140028289,128900000.0,0.2278995757,-26100000.0,102800000.0,0.1817538897,37800000.0,65000000.0,0.1149222065,0.49,0.49,131020408,131020408,,,4.316884740581788,0.4961059196213158,1.656230531658854,1.2532398769510775,0.4113862933475218,10.103769482995352,10.103769482995352,10.103769482995352,10.410591913284229,778261223.5200001,2088361223.52,2.9933123981538463,1.375992262234795,3.5864572512442403,4.73971512496955,0.5878993983381176,0.5878993983381176,3.692293535219236,11.758790672972973,9.623784440184332,12.718399656029233,0.0835195150877635,0.2109831442678581,1.0303671249433448,0.3465447154471545,7.376689189189189,0.5690035647598031,0.0,3.3384615384615386,0.0314804326100032,0.3769230769230769,0.0,0.0,0.0,0.2433179723502304,0.0933521923620933,0.0,0.0,10.619893909431106,0.0233111913416862,0.0165142276422764,-18.24009737475401,-253900000.0,1323800000.0,-2277000000.0,3132300000.0,,,,24.17079207920792,67.21729490022173,36.286031042128606,3.7235023041474657,1.338941118258288,2.480293308890926,0.0491010726695875,0.4029906547077765,1994-04-28,0.46,bmo,,2025-04-25,1994-03-31,0.0652173913043477,6.0719047619047615,915876.8253968254
1993-12-31,NI,USD,1111711,1993-12-31,1993-12-30 19:00:00,1993,Q4,464900000.0,0.0,464900000.0,1.0,0,0.0,0.0,0.0,0.0,0.0,0.0,0.0,0.0,0.0,464900000.0,1.0,464900000.0,1.0,-464900000.0,0.0,0.0,-48600000.0,48600000.0,0.1045386105,0.37,0.37,132500000,132500000,,,3.5086792452830187,0.3667924528301887,,,,,,,,855950000.0,,4.403034979423868,1.8411486341148635,0.0,0.0,0.0,0.0,,,0.0,0.0,0.0567790174659734,,0.0,0.0,,0.0,0.0,0.0,0.0100360681114551,0.1767566358024691,0.0,0.0,0.0,0.0,,0.0,,,0.0,0.0,,,,,,,,,,0.0,0.0,0.0,0.0,0.0,0.0,,1994-01-31,0.36,bmo,,2025-04-25,1993-12-31,0.0,6.3771875,859844.15625
1993-09-30,NI,USD,1111711,1993-09-30,1993-09-29 20:00:00,1993,Q3,342500000.0,0.0,342500000.0,1.0,0,0.0,0.0,0.0,0.0,0.0,0.0,0.0,0.0,0.0,342500000.0,1.0,342500000.0,1.0,-342500000.0,0.0,0.0,-27300000.0,27300000.0,0.0797080292,0.2,0.2,132500000,132500000,,,2.5849056603773586,0.2060377358490566,,,,,,,,885100000.0,,8.105311355311356,2.584233576642336,0.0,0.0,0.0,0.0,,,0.0,0.0,0.0308439724324935,,0.0,0.0,,0.0,0.0,0.0,0.0097055389221556,0.3146656593406593,0.0,0.0,0.0,0.0,,0.0,,,0.0,0.0,,,,,,,,,,0.0,0.0,0.0,0.0,0.0,0.0,,1993-10-29,0.2,bmo,,2025-04-25,1993-09-30,0.0,6.501875,690728.90625
1993-06-30,NI,USD,1111711,1993-06-30,1993-06-29 20:00:00,1993,Q2,348800000.0,0.0,348800000.0,1.0,0,0.0,0.0,0.0,0.0,0.0,0.0,0.0,0.0,0.0,348800000.0,1.0,348800000.0,1.0,-348800000.0,0.0,0.0,-21700000.0,21700000.0,0.0622133028,0.16,0.16,130625000,130625000,,,2.670239234449761,0.1661244019138756,,,,,,,,837306250.0,,9.646385368663594,2.4005339736238533,0.0,0.0,0.0,0.0,,,0.0,0.0,0.0259164433562988,,0.0,0.0,,0.0,0.0,0.0,0.0101143525741029,0.3902677707373272,0.0,0.0,0.0,0.0,,0.0,,,0.0,0.0,,,,,,,,,,0.0,0.0,0.0,0.0,0.0,0.0,,1993-07-30,0.16,bmo,,2025-04-25,1993-06-30,0.0,6.07888888888889,835576.0158730159
1993-03-31,NI,USD,1111711,1993-03-31,1993-03-30 19:00:00,1993,Q1,521600000.0,0.0,521600000.0,1.0,0,0.0,0.0,0.0,0.0,0.0,0.0,0.0,0.0,0.0,521600000.0,1.0,521600000.0,1.0,-521600000.0,0.0,0.0,-58600000.0,58600000.0,0.1123466258,0.44,0.44,131363636,131363636,,,3.9706574504378063,0.446089966632775,,,,,,,,780299997.84,,3.328924905460751,1.4959739222392638,0.0,0.0,0.0,0.0,,,0.0,0.0,0.0750993209819486,,0.0,0.0,,0.0,0.0,0.0,0.0109146464646464,0.145336153801843,0.0,0.0,0.0,0.0,,0.0,,,0.0,0.0,,,,,,,,,,0.0,0.0,0.0,0.0,0.0,0.0,,1993-04-29,0.38,bmo,,2025-04-25,1993-03-31,0.1578947368421052,5.564516129032258,742154.8387096775
1992-12-31,NI,USD,1111711,1992-12-31,1992-12-30 19:00:00,1992,Q4,462600000.0,0.0,462600000.0,1.0,0,0.0,0.0,0.0,0.0,0.0,0.0,0.0,0.0,0.0,462600000.0,1.0,462600000.0,1.0,-462600000.0,0.0,0.0,-49000000.0,49000000.0,0.1059230437,0.37,0.37,133333333,133333333,,,3.46950000867375,0.36750000091875,,,,,,,,694666664.93,,3.544217678214286,1.5016572955685257,0.0,0.0,0.0,0.0,,,0.0,0.0,0.0705374281993762,,0.0,0.0,,0.0,0.0,0.0,0.0116898272552783,0.1657251696537142,0.0,0.0,0.0,0.0,,0.0,,,0.0,0.0,,,,,,,,,,0.0,0.0,0.0,0.0,0.0,0.0,,1992-12-30,,bmo,,2025-04-25,1992-12-31,,5.043125,905073.578125
1992-09-30,NI,USD,1111711,1992-09-30,1992-09-29 20:00:00,1992,Q3,316500000.0,0.0,316500000.0,1.0,0,0.0,0.0,0.0,0.0,0.0,0.0,0.0,0.0,0.0,316500000.0,1.0,316500000.0,1.0,-316500000.0,0.0,0.0,-20800000.0,20800000.0,0.0657187994,0.15,0.15,133333333,133333333,,,2.373750005934375,0.15600000039,,,,,,,,687999998.28,,8.269230748557693,2.173775665971564,0.0,0.0,0.0,0.0,,,0.0,0.0,0.0302325582151162,,0.0,0.0,,0.0,0.0,0.0,0.0118031007751937,0.3904102554342308,0.0,0.0,0.0,0.0,,0.0,,,0.0,0.0,,,,,,,,,,0.0,0.0,0.0,0.0,0.0,0.0,,1993-02-01,0.35,bmo,,2025-04-25,1992-09-30,0.0571428571428572,5.12484375,754155.078125
1992-06-30,NI,USD,1111711,1992-06-30,1992-06-29 20:00:00,1992,Q2,329300000.0,0.0,329300000.0,1.0,0,0.0,0.0,0.0,0.0,0.0,0.0,0.0,0.0,0.0,329300000.0,1.0,329300000.0,1.0,-329300000.0,0.0,0.0,-18600000.0,18600000.0,0.0564834497,0.13,0.13,136923077,136923077,,,2.4049999986488766,0.1358426965528973,,,,,,,,676400000.38,,9.091397854569896,2.054054055208017,0.0,0.0,0.0,0.0,,,0.0,0.0,0.0274985215694124,,0.0,0.0,,0.0,0.0,0.0,0.0123287449392712,0.4483421011617204,0.0,0.0,0.0,0.0,,0.0,,,0.0,0.0,,,,,,,,,,0.0,0.0,0.0,0.0,0.0,0.0,,1992-06-29,,bmo,,2025-04-25,1992-06-30,,4.715714285714285,921063.7777777778
1992-03-31,NI,USD,1111711,1992-03-31,1992-03-30 19:00:00,1992,Q1,474000000.0,0.0,474000000.0,1.0,0,0.0,0.0,0.0,0.0,0.0,0.0,0.0,0.0,0.0,474000000.0,1.0,474000000.0,1.0,-474000000.0,0.0,0.0,-48200000.0,48200000.0,0.1016877637,0.35,0.35,135428571,135428571,,,3.500000011075949,0.3559071741220691,,,,,,,,605365712.37,,3.139863653371369,1.277142853101266,0.0,0.0,0.0,0.0,,,0.0,0.0,0.0796212917499036,,0.0,0.0,,0.0,0.0,0.0,0.0136250559284116,0.1711232715390871,0.0,0.0,0.0,0.0,,0.0,,,0.0,0.0,,,,,,,,,,0.0,0.0,0.0,0.0,0.0,0.0,,1992-03-30,,bmo,,2025-04-25,1992-03-31,,4.628730158730159,1068681.857142857
1991-12-31,NI,USD,1111711,1991-12-31,1991-12-30 19:00:00,1991,Q4,429000000.0,0.0,429000000.0,1.0,0,0.0,0.0,0.0,0.0,0.0,0.0,0.0,0.0,0.0,429000000.0,1.0,429000000.0,1.0,-429000000.0,0.0,0.0,-41700000.0,41700000.0,0.0972027972,0.32,0.32,128947368,128947368,,,3.326938786373677,0.3233877561580008,,,,,,,,652473682.0799999,,3.9117127223021577,1.5209176738461536,0.0,0.0,0.0,0.0,,,0.0,0.0,0.0639106237466404,,0.0,0.0,,0.0,0.0,0.0,0.0112596837944664,0.1761785933916546,0.0,0.0,0.0,0.0,,0.0,,,0.0,0.0,,,,,,,,,,0.0,0.0,0.0,0.0,0.0,0.0,,1991-12-30,,bmo,,2025-04-25,1991-12-31,,4.93984375,917870.15625
1991-09-30,NI,USD,1111711,1991-09-30,1991-09-29 20:00:00,1991,Q3,323400000.0,0.0,323400000.0,1.0,0,0.0,0.0,0.0,0.0,0.0,0.0,0.0,0.0,0.0,323400000.0,1.0,323400000.0,1.0,-323400000.0,0.0,0.0,-25300000.0,25300000.0,0.0782312925,0.19,0.19,128947368,128947368,,,2.508000008189388,0.1962040822733194,,,,,,,,620236840.0799999,,6.128822530434782,1.917862832653061,0.0,0.0,0.0,0.0,,,0.0,0.0,0.0407908694954926,,0.0,0.0,,0.0,0.0,0.0,0.0118449064449064,0.2903813179617391,0.0,0.0,0.0,0.0,,0.0,,,0.0,0.0,,,,,,,,,,0.0,0.0,0.0,0.0,0.0,0.0,,1991-09-29,,bmo,,2025-04-25,1991-09-30,,4.42765625,867590.5
1991-06-30,NI,USD,1111711,1991-06-30,1991-06-29 20:00:00,1991,Q2,320400000.0,0.0,320400000.0,1.0,0,0.0,0.0,0.0,0.0,0.0,0.0,0.0,0.0,0.0,320400000.0,1.0,320400000.0,1.0,-320400000.0,0.0,0.0,-20300000.0,20300000.0,0.0633583021,0.15,0.15,130000000,130000000,,,2.4646153846153847,0.1561538461538461,,,,,,,,523900000.00000006,,6.451970443349754,1.6351435705368291,0.0,0.0,0.0,0.0,,,0.0,0.0,0.0387478526436342,,0.0,0.0,,0.0,0.0,0.0,0.0141374689826302,0.3648581280788177,0.0,0.0,0.0,0.0,,0.0,,,0.0,0.0,,,,,,,,,,0.0,0.0,0.0,0.0,0.0,0.0,,1991-06-29,,bmo,,2025-04-25,1991-06-30,,4.07703125,1250177.484375
1991-03-31,NI,USD,1111711,1991-03-31,1991-03-30 19:00:00,1991,Q1,462300000.0,0.0,462300000.0,1.0,0,0.0,0.0,0.0,0.0,0.0,0.0,0.0,0.0,0.0,462300000.0,1.0,462300000.0,1.0,-462300000.0,0.0,0.0,-46100000.0,46100000.0,0.0997187973,0.33,0.33,137272727,137272727,,,3.367748351061752,0.335827815236744,,,,,,,,536736362.57,,2.9107178013557484,1.1610131139303483,0.0,0.0,0.0,0.0,,,0.0,0.0,0.0858894668124665,,0.0,0.0,,0.0,0.0,0.0,0.0145713554987212,0.1696524153600433,0.0,0.0,0.0,0.0,,0.0,,,0.0,0.0,,,,,,,,,,0.0,0.0,0.0,0.0,0.0,0.0,,1991-03-30,,bmo,,2025-04-25,1991-03-31,,3.800327868852459,1039860.5737704918
1990-12-31,NI,USD,1111711,1990-12-31,1990-12-30 19:00:00,1990,Q4,423700000.0,0.0,423700000.0,1.0,0,0.0,0.0,0.0,0.0,0.0,0.0,0.0,0.0,0.0,423700000.0,1.0,423700000.0,1.0,-423700000.0,0.0,0.0,-30700000.0,30700000.0,0.0724569271,0.22,0.22,137222222,137222222,,,3.087692312692619,0.2237246967185825,,,,,,,,509094443.62,,4.145720224918567,1.2015445919754544,0.0,0.0,0.0,0.0,,,0.0,0.0,0.0603031527543349,,0.0,0.0,,0.0,0.0,0.0,0.0137684636118598,0.2283207922469707,0.0,0.0,0.0,0.0,,0.0,,,0.0,0.0,,,,,,,,,,0.0,0.0,0.0,0.0,0.0,0.0,,1990-12-30,,bmo,,2025-04-25,1990-12-31,,3.57,759086.015625
1990-09-30,NI,USD,1111711,1990-09-30,1990-09-29 20:00:00,1990,Q3,317800000.0,0.0,317800000.0,1.0,0,0.0,0.0,0.0,0.0,0.0,0.0,0.0,0.0,0.0,317800000.0,1.0,317800000.0,1.0,-317800000.0,0.0,0.0,-27900000.0,27900000.0,0.0877910636,0.18,0.18,137222222,137222222,,,2.315951420754577,0.203319838385943,,,,,,,,461066665.92,,4.131421737634408,1.450807633480176,0.0,0.0,0.0,0.0,,,0.0,0.0,0.060511856662483,,0.0,0.0,,0.0,0.0,0.0,0.0152026785714285,0.2512347068810752,0.0,0.0,0.0,0.0,,0.0,,,0.0,0.0,,,,,,,,,,0.0,0.0,0.0,0.0,0.0,0.0,,1990-09-29,,bmo,,2025-04-25,1990-09-30,,3.3342857142857145,410722.6031746032
1990-06-30,NI,USD,1111711,1990-06-30,1990-06-29 20:00:00,1990,Q2,325900000.0,0.0,325900000.0,1.0,0,0.0,0.0,0.0,0.0,0.0,0.0,0.0,0.0,0.0,325900000.0,1.0,325900000.0,1.0,-325900000.0,0.0,0.0,-21100000.0,21100000.0,0.0647437864,0.13,0.13,137692308,137692308,,,2.36687150309079,0.1532402231212509,,,,,,,,476415385.68,,5.644732057819905,1.4618453073949065,0.0,0.0,0.0,0.0,,,0.0,0.0,0.0442890818269511,,0.0,0.0,,0.0,0.0,0.0,0.0147632947976878,0.333339373694218,0.0,0.0,0.0,0.0,,0.0,,,0.0,0.0,,,,,,,,,,0.0,0.0,0.0,0.0,0.0,0.0,,1990-06-29,,bmo,,2025-04-25,1990-06-30,,3.4604761904761903,760381.3650793651
1990-03-31,NI,USD,1111711,1990-03-31,1990-03-30 19:00:00,1990,Q1,453600000.0,0.0,453600000.0,1.0,0,0.0,0.0,0.0,0.0,0.0,0.0,0.0,0.0,0.0,453600000.0,1.0,453600000.0,1.0,-453600000.0,0.0,0.0,-45700000.0,45700000.0,0.1007495591,0.31,0.31,137096774,137096774,,,3.3086117693768635,0.3333411769411875,,,,,,,,481209676.7399999,,2.6324380565645518,1.0608678940476188,0.0,0.0,0.0,0.0,,,0.0,0.0,0.0949689962795406,,0.0,0.0,,0.0,0.0,0.0,0.0145529914529914,0.1532393941508534,0.0,0.0,0.0,0.0,,0.0,,,0.0,0.0,,,,,,,,,,0.0,0.0,0.0,0.0,0.0,0.0,,1990-03-30,,bmo,,2025-04-25,1990-03-31,,3.557301587301587,660593.126984127
1989-12-31,NI,USD,1111711,1989-12-31,1989-12-30 19:00:00,1989,Q4,451700000.0,0.0,451700000.0,1.0,0,0.0,0.0,0.0,0.0,0.0,0.0,0.0,0.0,0.0,451700000.0,1.0,451700000.0,1.0,-451700000.0,0.0,0.0,-40900000.0,40900000.0,0.0905468231,0.29,0.29,142142857,142142857,,,3.177788947917376,0.2877386937565213,,,,,,,,541564285.17,,3.310295141625917,1.1989468345583352,0.0,0.0,0.0,0.0,,,0.0,0.0,0.0755219668652286,,0.0,0.0,,0.0,0.0,0.0,0.0108286089238845,0.1433835660452078,0.0,0.0,0.0,0.0,,0.0,,,0.0,0.0,,,,,,,,,,0.0,0.0,0.0,0.0,0.0,0.0,,1989-12-30,,bmo,,2025-04-25,1989-12-31,,,
1989-09-30,NI,USD,1111711,1989-09-30,1989-09-29 20:00:00,1989,Q3,318500000.0,0.0,318500000.0,1.0,0,0.0,0.0,0.0,0.0,0.0,0.0,0.0,0.0,0.0,318500000.0,1.0,318500000.0,1.0,-318500000.0,0.0,0.0,-23300000.0,23300000.0,0.073155416,0.14,0.14,142142857,142142857,,,2.240703519839903,0.163919598154693,,,,,,,,520242856.62,,5.582004899356224,1.6334155623861852,0.0,0.0,0.0,0.0,,,0.0,0.0,0.0447867754521019,,0.0,0.0,,0.0,0.0,0.0,0.0112724043715847,0.2516904657188412,0.0,0.0,0.0,0.0,,0.0,,,0.0,0.0,,,,,,,,,,0.0,0.0,0.0,0.0,0.0,0.0,,1989-09-29,,bmo,,2025-04-25,1989-09-30,,,
1989-06-30,NI,USD,1111711,1989-06-30,1989-06-29 20:00:00,1989,Q2,322800000.0,0.0,322800000.0,1.0,0,0.0,0.0,0.0,0.0,0.0,0.0,0.0,0.0,0.0,322800000.0,1.0,322800000.0,1.0,-322800000.0,0.0,0.0,-21300000.0,21300000.0,0.0659851301,0.12,0.12,148333333,148333333,,,2.17617978017119,0.143595505940664,,,,,,,,502849998.87,,5.901995291901408,1.5577757090148698,0.0,0.0,0.0,0.0,,,0.0,0.0,0.0423585563246796,,0.0,0.0,,0.0,0.0,0.0,0.0121702064896755,0.2873140056141314,0.0,0.0,0.0,0.0,,0.0,,,0.0,0.0,,,,,,,,,,0.0,0.0,0.0,0.0,0.0,0.0,,1989-06-29,,bmo,,2025-04-25,1989-06-30,,,
1989-03-31,NI,USD,1111711,1989-03-31,1989-03-30 19:00:00,1989,Q1,466700000.0,0.0,466700000.0,1.0,0,0.0,0.0,0.0,0.0,0.0,0.0,0.0,0.0,0.0,466700000.0,1.0,466700000.0,1.0,-466700000.0,0.0,0.0,0.0,0.0,0.0,0.33,0.33,146620000,146620000,,,3.1830582458054835,0.0,,,,,,,,388543000.0,,0.0,0.8325326762374116,0.0,0.0,0.0,0.0,,,0.0,0.0,0.0,,0.0,0.0,,0.0,0.0,0.0,0.015568679245283,0.0,0.0,0.0,0.0,0.0,,0.0,,,0.0,0.0,,,,,,,,,,0.0,0.0,0.0,0.0,0.0,0.0,,1989-03-30,,bmo,,2025-04-25,1989-03-31,,,
1988-12-31,NI,USD,1111711,1988-12-31,1988-12-30 19:00:00,1988,Q4,425500000.0,0.0,425500000.0,1.0,0,0.0,0.0,0.0,0.0,0.0,0.0,0.0,0.0,0.0,425500000.0,1.0,425500000.0,1.0,-425500000.0,0.0,0.0,0.0,0.0,0.0,0.24,0.24,146564000,146564000,,,2.903168581643514,0.0,,,,,,,,400119720.0,,0.0,0.9403518683901292,0.0,0.0,0.0,0.0,,,0.0,0.0,0.0,,0.0,0.0,,0.0,0.0,0.0,0.0107948717948717,0.0,0.0,0.0,0.0,0.0,,0.0,,,0.0,0.0,,,,,,,,,,0.0,0.0,0.0,0.0,0.0,0.0,,1988-12-30,,bmo,,2025-04-25,1988-12-31,,,
1988-09-30,NI,USD,1111711,1988-09-30,1988-09-29 20:00:00,1988,Q3,318000000.0,0.0,318000000.0,1.0,0,0.0,0.0,0.0,0.0,0.0,0.0,0.0,0.0,0.0,318000000.0,1.0,318000000.0,1.0,-318000000.0,0.0,0.0,0.0,0.0,0.0,0.15,0.15,146564000,146564000,,,2.169700608607844,0.0,,,,,,,,345891040.0,,0.0,1.087707672955975,0.0,0.0,0.0,0.0,,,0.0,0.0,0.0,,0.0,0.0,,0.0,0.0,0.0,0.0124872881355932,0.0,0.0,0.0,0.0,0.0,,0.0,,,0.0,0.0,,,,,,,,,,0.0,0.0,0.0,0.0,0.0,0.0,,1988-09-29,,bmo,,2025-04-25,1988-09-30,,,
1988-06-30,NI,USD,1111711,1988-06-30,1988-06-29 20:00:00,1988,Q2,315400000.0,0.0,315400000.0,1.0,0,0.0,0.0,0.0,0.0,0.0,0.0,0.0,0.0,0.0,315400000.0,1.0,315400000.0,1.0,-315400000.0,0.0,0.0,0.0,0.0,0.0,0.09,0.09,146564000,146564000,,,2.1519609180972137,0.0,,,,,,,,326837720.0,,0.0,1.0362641724793913,0.0,0.0,0.0,0.0,,,0.0,0.0,0.0,,0.0,0.0,,0.0,0.0,0.0,0.0132152466367713,0.0,0.0,0.0,0.0,0.0,,0.0,,,0.0,0.0,,,,,,,,,,0.0,0.0,0.0,0.0,0.0,0.0,,1988-06-29,,bmo,,2025-04-25,1988-06-30,,,
1988-03-31,NI,USD,1111711,1988-03-31,1988-03-30 19:00:00,1988,Q1,465300000.0,0.0,465300000.0,1.0,0,0.0,0.0,0.0,0.0,0.0,0.0,0.0,0.0,0.0,465300000.0,1.0,465300000.0,1.0,-465300000.0,0.0,0.0,0.0,0.0,0.0,0.22,0.22,146486000,146486000,,,3.176412762994416,0.0,,,,,,,,309085460.0,,0.0,0.6642713518160327,0.0,0.0,0.0,0.0,,,0.0,0.0,0.0,,0.0,0.0,,0.0,0.0,0.0,0.0139668246445497,0.0,0.0,0.0,0.0,0.0,,0.0,,,0.0,0.0,,,,,,,,,,0.0,0.0,0.0,0.0,0.0,0.0,,1988-03-30,,bmo,,2025-04-25,1988-03-31,,,
1987-12-31,NI,USD,1111711,1987-12-31,1987-12-30 19:00:00,1987,Q4,392600000.0,0.0,392600000.0,1.0,0,0.0,0.0,0.0,0.0,0.0,0.0,0.0,0.0,0.0,392600000.0,1.0,392600000.0,1.0,-392600000.0,0.0,0.0,0.0,0.0,0.0,0.06,0.06,146418000,146418000,,,2.6813643131308997,0.0,,,,,,,,244518060.0,,0.0,0.6228172694854814,0.0,0.0,0.0,0.0,,,0.0,0.0,0.0,,0.0,0.0,,0.0,0.0,0.0,0.0176467065868263,0.0,0.0,0.0,0.0,0.0,,0.0,,,0.0,0.0,,,,,,,,,,0.0,0.0,0.0,0.0,0.0,0.0,,1987-12-30,,bmo,,2025-04-25,1987-12-31,,,
1987-09-30,NI,USD,1111711,1987-09-30,1987-09-29 20:00:00,1987,Q3,324600000.0,0.0,324600000.0,1.0,0,0.0,0.0,0.0,0.0,0.0,0.0,0.0,0.0,0.0,324600000.0,1.0,324600000.0,1.0,-324600000.0,0.0,0.0,0.0,0.0,0.0,0.05,0.05,146418000,146418000,,,2.216940540097529,0.0,,,,,,,,306013620.0,,0.0,0.9427406654343808,0.0,0.0,0.0,0.0,,,0.0,0.0,0.0,,0.0,0.0,,0.0,0.0,0.0,,0.0,0.0,0.0,0.0,0.0,,0.0,,,0.0,0.0,,,,,,,,,,0.0,0.0,0.0,0.0,0.0,0.0,,1987-09-29,,bmo,,2025-04-25,1987-09-30,,,
1987-06-30,NI,USD,1111711,1987-06-30,1987-06-29 20:00:00,1987,Q2,313400000.0,0.0,313400000.0,1.0,0,0.0,0.0,0.0,0.0,0.0,0.0,0.0,0.0,0.0,313400000.0,1.0,313400000.0,1.0,-313400000.0,0.0,0.0,0.0,0.0,0.0,0.05,0.05,146418000,146418000,,,2.1404472127743857,0.0,,,,,,,,338225580.0,,0.0,1.0792137204850032,0.0,0.0,0.0,0.0,,,0.0,0.0,0.0,,0.0,0.0,,0.0,0.0,0.0,,0.0,0.0,0.0,0.0,0.0,,0.0,,,0.0,0.0,,,,,,,,,,0.0,0.0,0.0,0.0,0.0,0.0,,1987-06-29,,bmo,,2025-04-25,1987-06-30,,,
1987-03-31,NI,USD,1111711,1987-03-31,1987-03-30 19:00:00,1987,Q1,421000000.0,0.0,421000000.0,1.0,0,0.0,0.0,0.0,0.0,0.0,0.0,0.0,0.0,0.0,421000000.0,1.0,421000000.0,1.0,-421000000.0,0.0,0.0,0.0,0.0,0.0,0.11,0.11,146418000,146418000,,,2.8753295359860127,0.0,,,,,,,,330904679.99999994,,0.0,0.7859968646080758,0.0,0.0,0.0,0.0,,,0.0,0.0,0.0,,0.0,0.0,,0.0,0.0,0.0,,0.0,0.0,0.0,0.0,0.0,,0.0,,,0.0,0.0,,,,,,,,,,0.0,0.0,0.0,0.0,0.0,0.0,,1987-03-30,,bmo,,2025-04-25,1987-03-31,,,
1986-12-31,NI,USD,1111711,1986-12-31,1986-12-30 19:00:00,1986,Q4,399000000.0,0.0,399000000.0,1.0,0,0.0,0.0,0.0,0.0,0.0,0.0,0.0,0.0,0.0,399000000.0,1.0,399000000.0,1.0,-399000000.0,0.0,0.0,0.0,0.0,0.0,0.05,0.05,146258000,146258000,,,2.72805590121566,0.0,,,,,,,,337855980.0,,0.0,0.8467568421052631,0.0,0.0,0.0,0.0,,,0.0,0.0,0.0,,0.0,0.0,,0.0,0.0,0.0,,0.0,0.0,0.0,0.0,0.0,,0.0,,,0.0,0.0,,,,,,,,,,0.0,0.0,0.0,0.0,0.0,0.0,,1986-12-30,,bmo,,2025-04-25,1986-12-31,,,
1986-09-30,NI,USD,1111711,1986-09-30,1986-09-29 20:00:00,1986,Q3,321800000.0,0.0,321800000.0,1.0,0,0.0,0.0,0.0,0.0,0.0,0.0,0.0,0.0,0.0,321800000.0,1.0,321800000.0,1.0,-321800000.0,0.0,0.0,0.0,0.0,0.0,-0.59,-0.59,146258000,146258000,,,2.2002215263438583,0.0,,,,,,,,312992120.0,,0.0,0.9726293349906774,0.0,0.0,0.0,0.0,,,0.0,0.0,0.0,,0.0,0.0,,0.0,0.0,0.0,,0.0,0.0,0.0,0.0,0.0,,0.0,,,0.0,0.0,,,,,,,,,,0.0,0.0,0.0,0.0,0.0,0.0,,1986-09-29,,bmo,,2025-04-25,1986-09-30,,,
1986-06-30,NI,USD,1111711,1986-06-30,1986-06-29 20:00:00,1986,Q2,365800000.0,0.0,365800000.0,1.0,0,0.0,0.0,0.0,0.0,0.0,0.0,0.0,0.0,0.0,365800000.0,1.0,365800000.0,1.0,-365800000.0,0.0,0.0,0.0,0.0,0.0,0.07,0.07,146090000,146090000,,,2.503935929906222,0.0,,,,,,,,337467900.0,,0.0,0.92254756697649,0.0,0.0,0.0,0.0,,,0.0,0.0,0.0,,0.0,0.0,,0.0,0.0,0.0,,0.0,0.0,0.0,0.0,0.0,,0.0,,,0.0,0.0,,,,,,,,,,0.0,0.0,0.0,0.0,0.0,0.0,,1986-06-29,,bmo,,2025-04-25,1986-06-30,,,
1986-03-31,NI,USD,1111711,1986-03-31,1986-03-30 19:00:00,1986,Q1,539500000.0,0.0,539500000.0,1.0,0,0.0,0.0,0.0,0.0,0.0,0.0,0.0,0.0,0.0,539500000.0,1.0,539500000.0,1.0,-539500000.0,0.0,0.0,0.0,0.0,0.0,0.19,0.19,146090000,146090000,,,3.6929290163597774,0.0,,,,,,,,333085200.0,,0.0,0.6173961075069508,0.0,0.0,0.0,0.0,,,0.0,0.0,0.0,,0.0,0.0,,0.0,0.0,0.0,,0.0,0.0,0.0,0.0,0.0,,0.0,,,0.0,0.0,,,,,,,,,,0.0,0.0,0.0,0.0,0.0,0.0,,1986-03-30,,bmo,,2025-04-25,1986-03-31,,,
1985-12-31,NI,USD,1111711,1985-12-31,1985-12-30 19:00:00,1985,Q4,522800000.0,0.0,522800000.0,1.0,0,0.0,0.0,0.0,0.0,0.0,0.0,0.0,0.0,0.0,522800000.0,1.0,522800000.0,1.0,-522800000.0,0.0,0.0,0.0,0.0,0.0,0.18,0.18,142100000,142100000,,,3.679099225897255,0.0,,,,,,,,275674000.0,,0.0,0.5273029839326703,0.0,0.0,0.0,0.0,,,0.0,0.0,0.0,,0.0,0.0,,0.0,0.0,0.0,0.0394953608247422,0.0,0.0,0.0,0.0,0.0,,0.0,,,0.0,0.0,,,,,,,,,,0.0,0.0,0.0,0.0,0.0,0.0,,1985-12-30,,bmo,,2025-04-25,1985-12-31,,,
1985-09-30,NI,USD,1111711,1985-09-30,1985-09-29 20:00:00,1985,Q3,391000000.0,0.0,391000000.0,1.0,0,0.0,0.0,0.0,0.0,0.0,0.0,0.0,0.0,0.0,391000000.0,1.0,391000000.0,1.0,-391000000.0,0.0,0.0,0.0,0.0,0.0,0.11,0.11,142100000,142100000,,,2.751583391977481,0.0,,,,,,,,311199000.0,,0.0,0.7959053708439898,0.0,0.0,0.0,0.0,,,0.0,0.0,0.0,,0.0,0.0,,0.0,0.0,0.0,0.0349867579908675,0.0,0.0,0.0,0.0,0.0,,0.0,,,0.0,0.0,,,,,,,,,,0.0,0.0,0.0,0.0,0.0,0.0,,1985-09-29,,bmo,,2025-04-25,1985-09-30,,,
