date,symbol,reportedCurrency,cik,fillingDate,acceptedDate,calendarYear,period,revenue,costOfRevenue,grossProfit,grossProfitRatio,researchAndDevelopmentExpenses,generalAndAdministrativeExpenses,sellingAndMarketingExpenses,sellingGeneralAndAdministrativeExpenses,otherExpenses,operatingExpenses,costAndExpenses,interestIncome,interestExpense,depreciationAndAmortization,ebitda,ebitdaratio,operatingIncome,operatingIncomeRatio,totalOtherIncomeExpensesNet,incomeBeforeTax,incomeBeforeTaxRatio,incomeTaxExpense,netIncome,netIncomeRatio,eps,epsdiluted,weightedAverageShsOut,weightedAverageShsOutDil,link,finalLink,revenuePerShare,netIncomePerShare,operatingCashFlowPerShare,freeCashFlowPerShare,cashPerShare,bookValuePerShare,tangibleBookValuePerShare,shareholdersEquityPerShare,interestDebtPerShare,marketCap,enterpriseValue,peRatio,priceToSalesRatio,pocfratio,pfcfRatio,pbRatio,ptbRatio,evToSales,enterpriseValueOverEBITDA,evToOperatingCashFlow,evToFreeCashFlow,earningsYield,freeCashFlowYield,debtToEquity,debtToAssets,netDebtToEBITDA,currentRatio,interestCoverage,incomeQuality,dividendYield,payoutRatio,salesGeneralAndAdministrativeToRevenue,researchAndDdevelopementToRevenue,intangiblesToTotalAssets,capexToOperatingCashFlow,capexToRevenue,capexToDepreciation,stockBasedCompensationToRevenue,grahamNumber,roic,returnOnTangibleAssets,grahamNetNet,workingCapital,tangibleAssetValue,netCurrentAssetValue,investedCapital,averageReceivables,averagePayables,averageInventory,daysSalesOutstanding,daysPayablesOutstanding,daysOfInventoryOnHand,receivablesTurnover,payablesTurnover,inventoryTurnover,roe,capexPerShare,report_date,epsEstimated,time,revenueEstimated,updatedFromDate,fiscalDateEnding,surprise(%),QuarterAvgPrice,QuarterAvgVolume
2025-03-31,NOC,USD,1133421,2025-04-22,2025-04-22 16:02:49,2025,Q1,9468000000.0,7888000000.0,1580000000.0,0.1668779045,0,1007000000.0,0.0,1007000000.0,0.0,1007000000.0,8895000000.0,0.0,156000000.0,337000000.0,1071000000.0,0.1131178707,573000000.0,0.0605196451,5000000.0,578000000.0,0.0610477398,97000000.0,481000000.0,0.0508027038,3.33,3.32,144600000,144900000,https://www.sec.gov/Archives/edgar/data/1133421/000113342125000023/0001133421-25-000023-index.htm,https://www.sec.gov/Archives/edgar/data/1133421/000113342125000023/noc-20250331.htm,65.47717842323651,3.326417704011065,-10.822959889349931,-12.593360995850622,11.65283540802213,103.6237897648686,-18.616874135546336,103.6237897648686,111.87413554633471,74036646000.0,88372646000.0,38.48058523908524,7.819671102661597,-47.30776102236421,-40.65713673805601,4.941046849973305,4.941046849973305,9.333824038867766,82.51414192343604,-56.46814440894569,-48.52973421197144,0.0064967826878597,-0.0245959278058057,1.0692071542979178,0.3305479904266732,13.38562091503268,0.9497458658458016,3.673076923076923,-3.253638253638253,0.0040790610638953,0.6278586278586279,0.1063582594000844,0.0,0.3646942312453577,-0.1635782747603834,0.0270384452893958,0.7596439169139466,0.002112378538234,88.06622620896187,0.0138218238310101,0.015620940504027,-174.98271092669432,-702000000.0,-2692000000.0,-20217000000.0,29322000000.0,7921000000.0,2550000000.0,0.0,82.33840304182509,28.53575050709939,0.0,1.0930501039021012,3.153938424630148,0.0,0.0321009076348104,1.7704011065006915,2025-04-22,6.24,bmo,9921593909.0,2025-05-11,2025-03-31,-0.0288461538461539,477.4576666666666,1008319.2666666668
2024-12-31,NOC,USD,1133421,2025-01-30,2025-01-30 16:11:12,2024,Q4,10686000000.0,8754000000.0,1932000000.0,0.1807973049,0,843000000.0,0.0,843000000.0,0.0,843000000.0,9597000000.0,0.0,160000000.0,414000000.0,1366000000.0,0.1278308067,1089000000.0,0.1019090399,462000000.0,1551000000.0,0.145143178,287000000.0,1264000000.0,0.1182856073,8.66,8.66,147000000,147300000,https://www.sec.gov/Archives/edgar/data/1133421/000113342125000006/0001133421-25-000006-index.htm,https://www.sec.gov/Archives/edgar/data/1133421/000113342125000006/noc-20241231.htm,72.6938775510204,8.598639455782314,17.537414965986393,11.986394557823129,29.612244897959183,104.01360544217688,-16.843537414965986,104.01360544217688,13.319727891156464,68985630000.0,66430630000.0,13.644309731012658,6.455701852891634,26.75935996896819,39.15188989784336,4.5118136036625245,4.5118136036625245,6.216603967808347,48.63150073206442,25.768281613654,37.70183314415437,0.0183226564720797,0.0255415511897187,0.1175931981687377,0.0364269940638991,-1.870424597364568,1.0103340883352208,6.80625,2.0395569620253164,0.0043342359850884,0.2365506329113924,0.0788882650196518,0.0,0.3599343584756579,0.3165244375484872,0.0763615946097698,1.9710144927536235,0.0027138311809844,141.85714138914088,0.0251905810707084,0.040008862722755,-165.51700680272108,146000000.0,-2476000000.0,-19795000000.0,30218000000.0,7653500000.0,2558500000.0,823000000.0,60.471645143178,26.72035640849897,0.0,1.488300835654596,3.3682185455944595,0.0,0.0826684107259646,5.551020408163265,2025-01-30,6.35,bmo,10965588085.0,2025-04-30,2024-12-31,0.0062992125984252,502.98671875,720757.625
2024-09-30,NOC,USD,1133421,2024-10-24,2024-10-24 16:07:42,2024,Q3,9996000000.0,7890000000.0,2106000000.0,0.2106842737,0,986000000.0,0.0,986000000.0,0.0,986000000.0,8876000000.0,0.0,161000000.0,331000000.0,1680000000.0,0.1680672269,1120000000.0,0.1120448179,68000000.0,1188000000.0,0.118847539,162000000.0,1026000000.0,0.1026410564,7.02,7.0,146200000,146500000,https://www.sec.gov/Archives/edgar/data/1133421/000113342124000064/0001133421-24-000064-index.htm,https://www.sec.gov/Archives/edgar/data/1133421/000113342124000064/noc-20240930.htm,68.37209302325581,7.017783857729138,7.462380300957593,4.993160054719562,22.749658002735977,100.87551299589605,-20.772913816689467,100.87551299589605,114.02872777017784,77203834000.0,90387834000.0,18.81185038986355,7.723472789115646,70.76428414298809,105.75867671232876,5.234868049905073,5.234868049905073,9.042400360144056,53.802282142857145,82.84861044912924,123.81895068493152,0.0132894954413792,0.0094554889592659,1.1194738269595876,0.3418998115512849,7.847619047619047,1.0939622929547363,6.956521739130435,1.0633528265107213,0.0038987701051219,0.2933723196881092,0.0986394557823129,0.0,0.3683033403052455,0.3308890925756187,0.0361144457783113,1.0906344410876132,0.0026010404161664,126.2071998806398,0.0274887099941095,0.0336349331235247,-159.3484952120383,1231000000.0,-3037000000.0,-19209000000.0,30873000000.0,8127500000.0,2435000000.0,1575000000.0,73.17226890756302,28.722433460076044,18.775665399239543,1.2299741602067182,3.133439237490072,4.793438639125152,0.0695687550854353,2.46922024623803,2024-10-24,6.07,bmo,10184601268.0,2025-04-20,2024-09-30,0.1532125205930806,489.63890625,697583.6875
2024-06-30,NOC,USD,1133421,2024-07-25,2024-07-25 16:01:36,2024,Q2,10218000000.0,8027000000.0,2191000000.0,0.2144255236,0,934000000.0,167000000.0,1101000000.0,43000000.0,1101000000.0,9128000000.0,0.0,154000000.0,326000000.0,1583000000.0,0.1549226855,1090000000.0,0.106674496,56000000.0,1146000000.0,0.1121550206,206000000.0,940000000.0,0.0919945195,6.37,6.36,147500000,147700000,https://www.sec.gov/Archives/edgar/data/1133421/000113342124000052/0001133421-24-000052-index.htm,https://www.sec.gov/Archives/edgar/data/1133421/000113342124000052/noc-20240630.htm,69.27457627118645,6.372881355932203,9.66101694915254,7.491525423728813,22.183050847457626,96.95593220338984,-23.708474576271183,96.95593220338984,124.20338983050848,64162500000.0,79056500000.0,17.064494680851062,6.279359953024075,45.026315789473685,58.06561085972851,4.486574365428991,4.486574365428991,7.7369837541593265,49.94093493367025,55.47824561403509,71.54434389140272,0.0146503019676602,0.0172218975258133,1.270260820921614,0.3810782462764842,9.408717624763108,1.0888596219398825,7.077922077922078,1.5159574468085106,0.0047223845704266,0.3223404255319149,0.091407320414954,0.0,0.373358506398154,0.2245614035087719,0.0313172832256801,0.98159509202454,0.0025445292620865,117.90884057370432,0.0245946940368212,0.0314675950723085,-157.62033898305086,1147000000.0,-3497000000.0,-19314000000.0,30539000000.0,8855000000.0,2466000000.0,1437000000.0,71.59130945390487,26.370997882147748,16.86308708110128,1.2571358267716537,3.4128401360544216,5.337101063829787,0.0657296692538983,2.169491525423729,2024-07-25,5.93,bmo,10017217081.0,2025-04-20,2024-06-30,0.0725126475548061,456.69380952380953,1047004.7301587302
2024-03-31,NOC,USD,1133421,2024-04-25,2024-04-25 16:02:48,2024,Q1,10133000000.0,8000000000.0,2133000000.0,0.2105003454,0,894000000.0,168000000.0,1062000000.0,38000000.0,1062000000.0,9062000000.0,0.0,146000000.0,299000000.0,1538000000.0,0.1517813086,1071000000.0,0.1056942663,60000000.0,1131000000.0,0.1116155137,187000000.0,944000000.0,0.0931609592,6.34,6.32,148900000,149300000,https://www.sec.gov/Archives/edgar/data/1133421/000113342124000026/0001133421-24-000026-index.htm,https://www.sec.gov/Archives/edgar/data/1133421/000113342124000026/noc-20240331.htm,68.05238415043654,6.339825386165211,-4.741437206178643,-6.554734721289456,20.557421087978508,95.52048354600404,-24.056413700470117,95.52048354600404,122.9012760241773,70184015000.0,85277015000.0,18.58686837923729,6.926281950064147,-99.41078611898016,-71.90985143442623,4.93454369682908,4.93454369682908,8.415771735912365,55.44669375812744,-120.7889730878187,-87.37399077868852,0.0134503561815322,-0.0139063004588722,1.2763833227870351,0.3796478313605755,9.81339401820546,1.1108742004264391,7.335616438356165,-0.7478813559322034,0.0040322572027262,0.2997881355932203,0.0882265864008684,0.0,0.3723493245221465,-0.3824362606232294,0.0266456133425441,0.903010033444816,0.0019737491364847,116.72883832148756,0.0246476349510086,0.0314530370172925,-152.19946272666218,1456000000.0,-3582000000.0,-19007000000.0,30714000000.0,8364500000.0,2345000000.0,1239500000.0,85.10608901608605,29.025,15.4125,1.0575036526821122,3.10077519379845,5.839416058394161,0.0663713703156858,1.8132975151108128,2024-04-25,5.79,bmo,9765096545.0,2025-04-20,2024-03-31,0.0915371329879102,460.4937704918033,950558.3606557376
2023-12-31,NOC,USD,1133421,2024-01-25,2024-01-25 16:02:51,2023,Q4,10638000000.0,10153000000.0,485000000.0,0.0455912766,1200000000,878000000.0,0.0,878000000.0,-236000000.0,878000000.0,11031000000.0,0.0,128000000.0,400000000.0,-229000000.0,-0.0215266027,-393000000.0,-0.0369430344,-364000000.0,-757000000.0,-0.0711599925,-222000000.0,-535000000.0,-0.0502914082,-3.54,-3.54,151100000,151100000,https://www.sec.gov/Archives/edgar/data/1133421/000113342124000006/0001133421-24-000006-index.htm,https://www.sec.gov/Archives/edgar/data/1133421/000113342124000006/noc-20231231.htm,70.40370615486432,-3.540701522170748,16.082064857710126,10.767703507610854,20.57577763070814,97.91528788881536,-20.0330906684315,97.91528788881536,104.60622104566512,70735954000.0,83304954000.0,-33.054184112149535,6.649365858244031,29.109446090534977,43.476308543331285,4.78107157823589,4.78107157823589,7.830884940778342,-363.7770917030568,34.281874074074075,51.20156976029502,-0.0075633390057904,0.0230010328269553,1.0596823251098344,0.3368425575799244,-54.88646288209607,1.1477139507620164,-3.0703125,-4.542056074766355,0.0039866571955755,-0.5271028037383177,0.0825343109607069,0.1128031584884376,0.3829064970780337,0.3304526748971193,0.0754841135551795,2.0075,0.002162060537695,,-0.0079420018369857,-0.0186268365712694,-150.3987425545996,1764000000.0,-3027000000.0,-18043000000.0,31057000000.0,7590500000.0,2185000000.0,1232000000.0,60.4653130287648,18.70383137988772,9.830591943268,1.4884566951168323,4.811848341232228,9.155094679891794,-0.0361608651571476,5.314361350099272,2024-01-25,5.75,bmo,10438600000.0,2025-04-20,2023-12-31,0.0904347826086955,468.744126984127,816742.7142857143
2023-09-30,NOC,USD,1133421,2023-10-26,2023-10-26 08:31:09,2023,Q3,9775000000.0,7734000000.0,2041000000.0,0.208797954,0,1025000000.0,0.0,1025000000.0,243000000.0,1025000000.0,8759000000.0,141000000.0,141000000.0,317000000.0,1576000000.0,0.1612276215,1016000000.0,0.1039386189,102000000.0,1118000000.0,0.1143734015,181000000.0,937000000.0,0.0958567775,6.2,6.18,151200000,151700000,https://www.sec.gov/Archives/edgar/data/1133421/000113342123000053/0001133421-23-000053-index.htm,https://www.sec.gov/Archives/edgar/data/1133421/000113342123000053/noc-20230930.htm,64.6494708994709,6.197089947089947,8.121693121693122,5.747354497354498,13.76984126984127,105.34391534391534,-12.632275132275131,105.34391534391534,103.63756613756614,66556728000.0,80003728000.0,17.757931696905015,6.808872429667519,54.19928990228013,76.59002071346376,4.178599196383727,4.178599196383727,8.184524603580563,50.76378680203046,65.14961563517916,92.06412888377446,0.0140782161046137,0.0130565312645777,0.9749497739829232,0.3458882751247327,8.532360406091371,1.2760795730228045,7.205673758865248,1.310565635005336,0.0042069375766188,0.2988260405549626,0.1048593350383631,0.0,0.3973182466143977,0.2923452768729642,0.0367263427109974,1.1324921135646688,0.0017391304347826,121.19644661544176,0.0245711561626242,0.0346293148052332,-133.48544973544975,2845000000.0,-1910000000.0,-15818000000.0,31570000000.0,8000000000.0,2158000000.0,1321000000.0,73.97033248081841,26.299456943366952,15.768037238169123,1.216704007966144,3.42212389380531,5.707749077490775,0.0588272225012556,2.374338624338624,2023-10-26,5.81,bmo,9581370000.0,2025-04-20,2023-09-30,0.06368330464716,439.1392063492064,713387.9206349206
2023-06-30,NOC,USD,1133421,2023-07-27,2023-07-27 06:44:37,2023,Q2,9576000000.0,7536000000.0,2040000000.0,0.2130325815,0,1073000000.0,0.0,1073000000.0,167000000.0,1073000000.0,8609000000.0,147000000.0,147000000.0,323000000.0,1457000000.0,0.1521512114,967000000.0,0.1009816207,20000000.0,987000000.0,0.1030701754,175000000.0,812000000.0,0.0847953216,5.35,5.34,151700000,152200000,https://www.sec.gov/Archives/edgar/data/1133421/000113342123000045/0001133421-23-000045-index.htm,https://www.sec.gov/Archives/edgar/data/1133421/000113342123000045/noc-20230630.htm,63.124588002636784,5.352669742913645,6.058009228740936,4.054054054054054,22.3071852340145,102.08305866842451,-15.655899802241263,102.08305866842451,103.59261700725116,69144860000.0,81328860000.0,21.2884421182266,7.220641186299081,75.23923830250273,112.43066666666668,4.464991605320935,4.464991605320935,8.492988721804512,55.81939601921757,88.49712731229597,132.2420487804878,0.0117434614807232,0.008894370456459,1.0052951052563606,0.3413361397969699,8.36238846945779,1.2000519165873496,6.578231292517007,1.1317733990147782,0.0041073190400559,0.3497536945812808,0.1120509607351712,0.0,0.391611304786336,0.3307943416757345,0.0317460317460317,0.9411764705882352,0.0029239766081871,110.8800263188437,0.0226335343620239,0.0292633703329969,-132.636783124588,2312000000.0,-2375000000.0,-16254000000.0,30912000000.0,8121000000.0,2096000000.0,1201000000.0,74.86842105263158,24.554140127388536,15.370222929936306,1.202108963093146,3.6653696498054473,5.855477855477855,0.0524344569288389,2.0039551746868822,2023-07-27,5.33,bmo,9353990000.0,2025-04-20,2023-06-30,0.0018761726078798,453.7335483870968,688719.3548387097
2023-03-31,NOC,USD,1133421,2023-04-27,2023-04-27 06:40:48,2023,Q1,9301000000.0,7316000000.0,1985000000.0,0.2134179121,0,1038000000.0,0.0,1038000000.0,180000000.0,1038000000.0,8354000000.0,129000000.0,129000000.0,298000000.0,1425000000.0,0.1532093323,947000000.0,0.1018170089,51000000.0,998000000.0,0.1073002903,156000000.0,842000000.0,0.0905279002,5.52,5.5,152600000,153200000,https://www.sec.gov/Archives/edgar/data/1133421/000113342123000027/0001133421-23-000027-index.htm,https://www.sec.gov/Archives/edgar/data/1133421/000113342123000027/noc-20230331.htm,60.95019659239843,5.517693315858454,-4.600262123197903,-6.62516382699869,16.349934469200523,99.18741808650066,-17.98165137614679,99.18741808650066,102.80471821756224,70458472000.0,83522472000.0,20.91997387173397,7.57536522954521,-100.36819373219372,-69.69186152324431,4.655025898520085,4.655025898520085,8.979945382216966,58.61226105263158,-118.97788034188034,-82.61372106824926,0.0119503017323452,-0.0143488777332554,1.0279466173361522,0.351663502395805,9.167719298245617,1.2219784412858914,7.341085271317829,-0.833729216152019,0.0038320444984955,0.3206650831353919,0.1116009031286958,0.0,0.4041225928939517,-0.4401709401709401,0.0332222341683689,1.0369127516778522,0.0020427910977314,110.96814615170295,0.0229306300802966,0.0319374905173721,-130.0688073394495,2327000000.0,-2744000000.0,-16298000000.0,30824000000.0,7885000000.0,2361500000.0,1046500000.0,80.08171164390926,26.27665390924001,13.716511755057407,1.1238521024649588,3.4250936329588013,6.561434977578475,0.0556289640591966,2.0249017038007864,2023-04-27,5.09,bmo,9173260000.0,2025-04-20,2023-03-31,0.0805500982318271,464.0543548387097,1119411.3709677418
2022-12-31,NOC,USD,1133421,2023-01-26,2023-01-26 08:32:09,2022,Q4,10033000000.0,8209000000.0,1824000000.0,0.1818000598,1200000000,918000000.0,0.0,918000000.0,1666000000.0,918000000.0,9127000000.0,120000000.0,120000000.0,382000000.0,2954000000.0,0.2944283863,2572000000.0,0.2563540317,1546000000.0,2452000000.0,0.2443935014,372000000.0,2080000000.0,0.2073158577,13.58,13.46,153157924,154500000,https://www.sec.gov/Archives/edgar/data/1133421/000113342123000006/0001133421-23-000006-index.htm,https://www.sec.gov/Archives/edgar/data/1133421/000113342123000006/noc-20221231.htm,65.50754762123833,13.580753418935084,14.697248050972537,10.570788358296108,16.825769981055632,99.9752386301606,-16.897591273175,99.9752386301606,96.76939731828698,83564494913.64,95688494913.64,10.0438094848125,8.328963910459484,37.12327628326966,51.6148825902656,5.457451339710032,5.457451339710032,9.537376150068772,32.39285542100203,42.50932692742781,59.10345578359481,0.0248909540128206,0.019374256993633,0.960096656217346,0.3359844589189807,4.104265402843602,1.0777595581254855,21.433333333333337,1.0822115384615385,0.0031831700804857,0.1278846153846153,0.0914980564138343,0.1196053025017442,0.4090961033024797,0.2807641048422923,0.0629921259842519,1.654450261780105,0.0026911193062892,174.78309110522275,0.0650524599274677,0.080448655965964,-128.9943052505726,901000000.0,-2588000000.0,-15955000000.0,29412000000.0,7930000000.0,2461000000.0,983500000.0,67.22416027110535,28.36277256669509,10.722377877938849,1.3388043768348012,3.173173560108234,8.393660531697341,0.1358411703239289,4.12645969267643,2023-01-26,6.6,bmo,9665409927.0,2025-04-20,2022-12-31,0.1363636363636364,521.6631746031746,911293.4444444444
2022-09-30,NOC,USD,1133421,2022-10-27,2022-10-27 07:04:21,2022,Q3,8971000000.0,7153000000.0,1818000000.0,0.202652993,0,974000000.0,0.0,974000000.0,368000000.0,974000000.0,8127000000.0,122000000.0,122000000.0,327000000.0,1539000000.0,0.1715527812,1212000000.0,0.1351019953,246000000.0,1090000000.0,0.1215026196,175000000.0,915000000.0,0.1019953182,5.92,5.89,154600000,155300000,https://www.sec.gov/Archives/edgar/data/1133421/000113342122000042/0001133421-22-000042-index.htm,https://www.sec.gov/Archives/edgar/data/1133421/000113342122000042/noc-20220930.htm,58.027166882276845,5.918499353169469,8.635187580853817,6.720569210866753,10.776196636481242,90.1875808538163,-25.91203104786545,90.1875808538163,95.01940491591203,72711472000.0,85613472000.0,19.866522404371587,8.105169100434734,54.46552209737827,69.98216746871992,5.214908699705946,5.214908699705946,9.543358822873705,55.6292865497076,64.1299415730337,82.39987680461982,0.012583983996363,0.0142893545051597,1.0448253603958977,0.3409074953782791,8.383365821962313,1.137439881613023,9.934426229508198,1.459016393442623,0.0036720477891026,0.2918032786885245,0.1085720655445323,0.0,0.4200266772751737,0.2217228464419475,0.0329952067773938,0.9051987767584098,0.0033441087950061,109.5898746523268,0.0308400377095088,0.0369189799870884,-131.66235446313067,1486000000.0,-4006000000.0,-16492000000.0,29440000000.0,8482000000.0,2216500000.0,949000000.0,83.93044253706387,29.37928142038305,12.443729903536978,1.0723165192445614,3.06338329764454,7.232558139534884,0.065624327619594,1.9146183699870631,2022-10-27,6.11,bmo,9127799576.0,2025-04-20,2022-09-30,-0.0360065466448446,476.451875,745232.640625
2022-06-30,NOC,USD,1133421,2022-07-28,2022-07-28 06:46:22,2022,Q2,8801000000.0,6842000000.0,1959000000.0,0.2225883422,0,1005000000.0,0.0,1005000000.0,327000000.0,1005000000.0,7847000000.0,0.0,131000000.0,330000000.0,1611000000.0,0.183047381,1281000000.0,0.1455516419,196000000.0,1150000000.0,0.1306669697,204000000.0,946000000.0,0.1074877855,6.09,6.06,155400000,156000000,https://www.sec.gov/Archives/edgar/data/1133421/000113342122000031/0001133421-22-000031-index.htm,https://www.sec.gov/Archives/edgar/data/1133421/000113342122000031/noc-20220630.htm,56.63449163449163,6.087516087516088,-1.2676962676962678,-2.9601029601029603,7.522522522522523,87.84427284427285,-27.99227799227799,87.84427284427285,94.16344916344916,74369778000.0,87702778000.0,19.65374682875264,8.450150891944098,-377.5115634517766,-161.6734304347826,5.447936268405244,5.447936268405244,9.965092375866378,54.43996151458721,-445.1917664974619,-190.65821304347827,0.012720220840245,-0.0061853082309859,1.06233975532928,0.345994178556091,8.276225946617009,1.2964572192513368,9.778625954198471,-0.208245243128964,0.0036036143606613,0.2832980972515856,0.1141915691398704,0.0,0.4294746385455933,-1.3350253807106598,0.0298829678445631,0.796969696969697,0.0027269628451312,109.69025500495673,0.0319786883688527,0.0395600719274035,-129.92921492921494,2661000000.0,-4350000000.0,-16626000000.0,30456000000.0,8214500000.0,2074000000.0,873500000.0,87.92409953414383,27.597193802981582,11.957030108155507,1.0236101418934636,3.261201143946616,7.526952695269527,0.0692989524576954,1.6924066924066925,2022-07-28,6.1,bmo,9071946897.0,2025-04-20,2022-06-30,0.0475409836065573,459.24370967741936,821185.7258064516
2022-03-31,NOC,USD,1133421,2022-04-28,2022-04-28 06:48:39,2022,Q1,8797000000.0,6924000000.0,1873000000.0,0.2129134932,0,976000000.0,0.0,976000000.0,380000000.0,976000000.0,7900000000.0,0.0,133000000.0,303000000.0,1580000000.0,0.1796066841,1277000000.0,0.1451631238,247000000.0,1144000000.0,0.1300443333,189000000.0,955000000.0,0.1085597363,6.12,6.1,156000000,156600000,https://www.sec.gov/Archives/edgar/data/1133421/000113342122000013/0001133421-22-000013-index.htm,https://www.sec.gov/Archives/edgar/data/1133421/000113342122000013/noc-20220331.htm,56.39102564102564,6.121794871794871,-3.128205128205128,-4.6923076923076925,13.935897435897436,85.17307692307692,-30.57051282051282,85.17307692307692,93.75641025641026,69766320000.0,82085320000.0,18.263434554973824,7.930694554961919,-142.96377049180327,-95.30918032786886,5.250720252878754,5.250720252878754,9.331058315334774,51.95273417721519,-168.20762295081968,-112.13841530054644,0.0136885534452727,-0.0104921687140729,1.0907654097990518,0.3458702240889674,7.796835443037975,1.3057627118644068,9.601503759398495,-0.5109947643979058,0.0035977245180769,0.2628272251308901,0.1109469137205865,0.0,0.4308999355654726,-0.5,0.0277367284301466,0.8052805280528053,0.0020461520973058,108.31330654291908,0.0322452237719932,0.0400469660753973,-129.16506410256412,2706000000.0,-4769000000.0,-17060000000.0,30481000000.0,7395000000.0,2123500000.0,824500000.0,80.1170853700125,26.646447140381284,10.892547660311958,1.1233558932447962,3.377560975609756,8.262529832935561,0.0718747648077067,1.564102564102564,2022-04-28,5.96,bmo,8876503888.0,2025-04-20,2022-03-31,0.0234899328859059,412.8366129032258,1096175.3548387096
2021-12-31,NOC,USD,1133421,2022-01-27,2022-01-27 06:39:15,2021,Q4,8639000000.0,7088000000.0,1551000000.0,0.1795346684,0,809000000.0,0.0,809000000.0,2736000000.0,809000000.0,7897000000.0,0.0,133000000.0,331000000.0,3809000000.0,0.4409075124,742000000.0,0.0858895706,2603000000.0,3345000000.0,0.3871975923,635000000.0,2710000000.0,0.3136937146,16.96,16.9,159800000,160400000,https://www.sec.gov/Archives/edgar/data/1133421/000113342122000004/0001133421-22-000004-index.htm,https://www.sec.gov/Archives/edgar/data/1133421/000113342122000004/noc-20211231.htm,54.061326658322905,16.958698372966207,9.02377972465582,4.436795994993743,22.090112640801003,80.88861076345432,-32.33416770963704,80.88861076345432,90.77596996245306,61853786000.0,72696786000.0,5.706068819188192,7.159831693483042,42.894442441054096,87.24088293370944,4.785222497292279,4.785222497292279,8.414953814098855,19.0855305854555,50.41385991678224,102.5342538787024,0.0438130011960787,0.0114625158110774,1.111944917221105,0.3375607693933629,2.846678918351273,1.3038824763903465,5.578947368421052,0.5321033210332103,0.0039771211417842,0.0907749077490775,0.0936450978122468,0.0,0.4249277813006412,0.5083217753120666,0.0848477833082532,2.214501510574018,0.0026623451788401,175.68359318467395,0.0180311947865723,0.1106754880339786,-128.2744055068836,2896000000.0,-5167000000.0,-17227000000.0,30538000000.0,7111500000.0,2190500000.0,841500000.0,72.49797430258131,27.8964446952596,10.297686230248308,1.241413996263831,3.226217569412836,8.739827373612824,0.2096549589973696,4.5869837296620775,2022-01-27,5.95,bmo,8927280000.0,2025-04-20,2021-12-31,0.0084033613445377,372.4609375,746169.8125
2021-09-30,NOC,USD,1133421,2021-10-28,2021-10-28 06:39:35,2021,Q3,8720000000.0,6786000000.0,1934000000.0,0.2217889908,0,891000000.0,0.0,891000000.0,364000000.0,891000000.0,7677000000.0,0.0,132000000.0,314000000.0,1721000000.0,0.1973623853,1043000000.0,0.1196100917,232000000.0,1275000000.0,0.1462155963,212000000.0,1063000000.0,0.1219036697,6.65,6.63,159800000,160400000,https://www.sec.gov/Archives/edgar/data/1133421/000113342121000056/0001133421-21-000056-index.htm,https://www.sec.gov/Archives/edgar/data/1133421/000113342121000056/noc-20210930.htm,54.568210262828536,6.652065081351689,7.277847309136421,5.732165206508135,25.37546933667084,71.44555694618273,-42.10262828535669,71.44555694618273,89.35544430538172,57551970000.0,67643970000.0,13.535270460959548,6.599996559633028,49.48578675838348,62.8296615720524,5.040901287553647,5.040901287553647,7.757336009174312,39.30503776873911,58.16334479793637,73.8471288209607,0.0184702626165533,0.0159160494419217,1.2391171060698958,0.3340811410758985,5.864032539221383,1.465925841932192,7.901515151515151,1.0940733772342428,0.0043612755566838,0.2361241768579492,0.1021788990825688,0.0,0.4284938364898691,0.2123817712811694,0.0283256880733944,0.7866242038216561,0.0035550458715596,103.40870914984424,0.0259319382779503,0.0439238048014544,-131.351689612015,4109000000.0,-6728000000.0,-18001000000.0,31083000000.0,7296000000.0,2092500000.0,867500000.0,74.97247706422017,28.96551724137931,11.564986737400533,1.2004405286343611,3.107142857142857,7.782110091743119,0.0931067706052378,1.5456821026282854,2021-10-28,5.99,bmo,8945140000.0,2025-04-20,2021-09-30,0.1068447412353922,361.4275,632182.78125
2021-06-30,NOC,USD,1133421,2021-07-29,2021-07-29 06:49:28,2021,Q2,9151000000.0,7108000000.0,2043000000.0,0.2232542891,0,999000000.0,0.0,999000000.0,394000000.0,999000000.0,8107000000.0,0.0,136000000.0,300000000.0,1738000000.0,0.1899245984,1044000000.0,0.1140858923,258000000.0,1302000000.0,0.1422795323,265000000.0,1037000000.0,0.1133209485,6.44,6.42,161000000,161500000,https://www.sec.gov/Archives/edgar/data/1133421/000113342121000048/0001133421-21-000048-index.htm,https://www.sec.gov/Archives/edgar/data/1133421/000113342121000048/noc-20210630.htm,56.838509316770185,6.440993788819876,6.385093167701863,4.956521739130435,24.47826086956522,69.3913043478261,-43.63975155279503,69.3913043478261,88.7888198757764,58512230000.0,68730230000.0,14.106130665380906,6.3940804283684844,56.91851167315175,73.32359649122807,5.237399749373433,5.237399749373433,7.510679707135832,39.54558688147296,66.85820038910506,86.12810776942356,0.0177227906029218,0.0136381744466071,1.2673648406731113,0.3359831047411133,5.879171461449943,1.485508089861483,7.676470588235294,0.991321118611379,0.0042384301538327,0.2391513982642237,0.109168396896514,0.0,0.4318257320487874,0.2237354085603113,0.0251338651513495,0.7666666666666667,0.0024041088405638,100.2813622105588,0.0247790780086815,0.0433093885733377,-131.06521739130434,4171000000.0,-7026000000.0,-18208000000.0,31108000000.0,7278500000.0,1948000000.0,861500000.0,72.07081193312206,25.33624085537423,10.927124366910524,1.2487718340611351,3.552223888055972,8.23638470451912,0.0928213390619405,1.4285714285714286,2021-07-29,5.84,bmo,8769130000.0,2025-04-20,2021-06-30,0.0993150684931507,360.124126984127,911535.1904761904
2021-03-31,NOC,USD,1133421,2021-04-29,2021-04-29 06:44:37,2021,Q1,9157000000.0,7417000000.0,1740000000.0,0.190018565,0,898000000.0,0.0,898000000.0,349000000.0,898000000.0,8315000000.0,0.0,155000000.0,294000000.0,1503000000.0,0.164136726,2822000000.0,0.3081795348,194000000.0,3016000000.0,0.3293655127,821000000.0,2195000000.0,0.2397073277,13.46,13.43,163100000,163500000,https://www.sec.gov/Archives/edgar/data/1133421/000113342121000029/0001133421-21-000029-index.htm,https://www.sec.gov/Archives/edgar/data/1133421/000113342121000029/noc-20210331.htm,56.14347026364194,13.458001226241567,-0.404659717964439,-1.6615573267933783,21.56345800122624,64.53096259963213,-47.3635806253832,64.53096259963213,87.76824034334764,52785684000.0,63428684000.0,6.012036902050114,5.764517199956318,-799.7830909090909,-194.7811217712177,5.015266888361045,5.015266888361045,6.926797422736704,42.20138656021291,-961.0406666666668,-234.054184501845,0.0415832444266517,-0.005133967762926,1.3453681710213776,0.3418390749100741,7.081170991350632,1.4644436476634397,18.206451612903223,-0.0300683371298405,0.0045087982567394,0.1084282460136674,0.0980670525281205,0.0,0.4405764913212466,-3.106060606060606,0.022387244730807,0.6972789115646258,0.0019657092934367,139.78662278780098,0.0620523802555324,0.0947223061321365,-132.0003065603924,3886000000.0,-7725000000.0,-18645000000.0,30781000000.0,6935000000.0,1850500000.0,809500000.0,71.05056241127006,22.994472158554675,10.435486045570986,1.2667035551251902,3.913984168865435,8.624418604651163,0.2085510688836104,1.2568976088289392,2021-04-29,5.48,bmo,8491830000.0,2025-04-20,2021-03-31,0.198905109489051,301.49245901639347,1196992.5573770492
2020-12-31,NOC,USD,1133421,2021-01-28,2021-01-28 06:36:59,2020,Q4,10212000000.0,8122000000.0,2090000000.0,0.2046611829,1100000000,938000000.0,0.0,938000000.0,-687000000.0,938000000.0,9060000000.0,0.0,160000000.0,345000000.0,810000000.0,0.0793184489,1152000000.0,0.1128084606,-847000000.0,305000000.0,0.0298668233,-25000000.0,330000000.0,0.0323149236,1.98,1.98,166800000,166800000,https://www.sec.gov/Archives/edgar/data/1133421/000113342121000006/0001133421-21-000006-index.htm,https://www.sec.gov/Archives/edgar/data/1133421/000113342121000006/noc-20201231.htm,61.22302158273381,1.9784172661870505,9.60431654676259,6.05515587529976,29.418465227817745,63.42326139088729,-46.29496402877698,63.42326139088729,98.9568345323741,50827296000.00001,62266296000.00001,38.50552727272728,4.977212690951822,31.727400749063676,50.32405544554456,4.804546365440968,4.804546365440968,6.097365452408932,76.87197037037038,38.86785018726592,61.64979801980199,0.006492574383654,0.0198712125075471,1.545136591360242,0.3675819109941757,14.122222222222222,1.6016701461377871,7.2,4.854545454545455,0.0047612212146796,0.7333333333333333,0.0918527222875048,0.1077164120642381,0.4115451213204704,0.3695380774032459,0.0579710144927536,1.7159420289855072,0.0028397963180571,53.13424222482695,0.0347251972337492,0.0126108223784775,-141.62320143884892,5764000000.0,-7722000000.0,-18546000000.0,32669000000.0,7161000000.0,2001500000.0,806000000.0,58.52820211515864,20.01231223836493,8.410490027086924,1.5377202228580034,4.497231450719823,10.700922266139658,0.03119387465734,3.54916067146283,2021-01-28,5.7,bmo,8740479166.0,2025-04-20,2020-12-31,0.1561403508771929,305.959375,969335.125
2020-09-30,NOC,USD,1133421,2020-10-22,2020-10-22 06:40:08,2020,Q3,9083000000.0,7243000000.0,1840000000.0,0.2025762413,0,855000000.0,0.0,855000000.0,336000000.0,855000000.0,8098000000.0,0.0,154000000.0,317000000.0,1638000000.0,0.1803368931,985000000.0,0.1084443466,182000000.0,1167000000.0,0.1284817791,181000000.0,986000000.0,0.1085544424,5.91,5.89,166800000,167300000,https://www.sec.gov/Archives/edgar/data/1133421/000113342120000048/0001133421-20-000048-index.htm,https://www.sec.gov/Archives/edgar/data/1133421/000113342120000048/noc-09302020x10q.htm,54.45443645083933,5.911270983213429,8.147482014388489,6.4268585131894485,29.946043165467625,62.75179856115108,-54.48441247002398,62.75179856115108,104.98800959232614,52623732000.0,64986732000.0,13.342731237322516,5.793650996366839,38.72239293598234,49.08930223880597,5.02758498137002,5.02758498137002,7.154765165694154,39.67443956043956,47.81952317880795,60.62195149253731,0.0187367935060173,0.020371037158672,1.6583548294640298,0.3876976681854731,7.547619047619048,1.4395093481056485,6.396103896103896,1.3782961460446248,0.0045986856272375,0.2454361054766734,0.0941318947484311,0.0,0.4367685160368087,0.2111846946284032,0.03159748981614,0.9053627760252366,0.0027523945832874,91.35762110807832,0.0228201468336326,0.0391006067335527,-138.6255995203837,4443000000.0,-9088000000.0,-19753000000.0,32664000000.0,7565000000.0,2101500000.0,842500000.0,76.10811405923153,27.299461549081872,10.599199226839708,1.1825283166254394,3.2967683204369598,8.491207502930832,0.0942008216298844,1.7206235011990407,2020-10-22,5.62,bmo,8666631578.0,2025-04-20,2020-09-30,0.0480427046263344,326.03515625,774767.828125
2020-06-30,NOC,USD,1133421,2020-07-30,2020-07-30 06:39:04,2020,Q2,8884000000.0,7058000000.0,1826000000.0,0.2055380459,0,832000000.0,0.0,832000000.0,363000000.0,832000000.0,7890000000.0,0.0,154000000.0,308000000.0,1665000000.0,0.1874155786,994000000.0,0.1118865376,209000000.0,1203000000.0,0.1354119766,198000000.0,1005000000.0,0.1131247186,6.02,6.01,166900000,167300000,https://www.sec.gov/Archives/edgar/data/1133421/000113342120000042/0001133421-20-000042-index.htm,https://www.sec.gov/Archives/edgar/data/1133421/000113342120000042/noc-6302020x10q.htm,53.22947872977831,6.0215698022768125,14.002396644697424,12.390653085680048,25.032953864589576,58.19053325344517,-59.34092270820851,58.19053325344517,105.1467944877172,51311736000.0,64528736000.0,12.76411343283582,5.775746960828456,21.95624133504493,24.812251450676985,5.283333607907744,5.283333607907744,7.263477712742008,38.7559975975976,27.61178262729996,31.20345067698259,0.0195861625106583,0.0403026707184492,1.7910831960461284,0.4001150086256469,7.938138138138138,1.35488845481649,6.454545454545454,2.325373134328358,0.0047162699776908,0.2407960199004975,0.0936515083295812,0.0,0.4512018401380103,0.1151048352588789,0.0302791535344439,0.8733766233766234,0.0020261143628995,88.79168345565888,0.0233579646843623,0.0421224695083616,-141.29568603954465,3452000000.0,-9904000000.0,-20584000000.0,31659000000.0,7751500000.0,2038500000.0,808500000.0,75.46262944619541,25.579484273165203,10.609237744403512,1.192643307826554,3.518444666001994,8.483173076923077,0.1034802306425041,1.6117435590173756,2020-07-30,5.32,bmo,7864039933.0,2025-04-20,2020-06-30,0.1296992481203006,327.8977777777778,943644.9682539684
2020-03-31,NOC,USD,1133421,2020-04-29,2020-04-29 06:40:24,2020,Q1,8620000000.0,6898000000.0,1722000000.0,0.1997679814,0,788000000.0,0.0,788000000.0,244000000.0,788000000.0,7686000000.0,0.0,125000000.0,297000000.0,1475000000.0,0.1711136891,934000000.0,0.1083526682,119000000.0,1053000000.0,0.1221577726,185000000.0,868000000.0,0.1006960557,5.18,5.15,167700000,168400000,https://www.sec.gov/Archives/edgar/data/1133421/000113342120000019/0001133421-20-000019-index.htm,https://www.sec.gov/Archives/edgar/data/1133421/000113342120000019/noc-3312020x10q.htm,51.40131186642815,5.175909361955873,-5.92128801431127,-7.543231961836613,19.54680977936792,54.036970781156825,-63.26774001192606,54.036970781156825,104.31723315444246,50737635000.0,64828635000.0,14.613374135944705,5.886036542923434,-51.09530211480363,-40.1088023715415,5.598944493489297,5.598944493489297,7.520723317865429,43.95161694915255,-65.28563444108761,-51.24793280632411,0.0171076164665538,-0.0249321829840906,1.9166850584859856,0.4020322662778048,9.553220338983053,1.28996757394124,7.472,-1.1440092165898617,0.0044739964722439,0.2615207373271889,0.091415313225058,0.0,0.4553387496238687,-0.2739174219536757,0.0315545243619489,0.915824915824916,0.0020881670533642,79.32865444814581,0.0221135952600413,0.0368875100930687,-145.6768038163387,2951000000.0,-10610000000.0,-21013000000.0,31048000000.0,7357000000.0,2148500000.0,784000000.0,84.09048723897912,27.020875616120613,10.242099159176572,1.0702756394338218,3.330758087880251,8.787261146496816,0.0957845950121386,1.6219439475253428,2020-04-29,5.51,bmo,9222563106.0,2025-04-20,2020-03-31,-0.0054446460980035,347.8412903225806,1273397.5322580645
2019-12-31,NOC,USD,1133421,2020-01-30,2020-01-30 06:39:26,2019,Q4,8721000000.0,6615000000.0,2106000000.0,0.2414860681,953000000,970000000.0,0.0,970000000.0,-1575000000.0,970000000.0,7585000000.0,0.0,130000000.0,281000000.0,-98000000.0,-0.0112372434,1136000000.0,0.1302602913,-1705000000.0,-569000000.0,-0.0652448114,-160000000.0,-409000000.0,-0.0468982915,-2.44,-2.44,167700000,167700000,https://www.sec.gov/Archives/edgar/data/1133421/000113342120000006/0001133421-20-000006-index.htm,https://www.sec.gov/Archives/edgar/data/1133421/000113342120000006/noc-12312019x10k.htm,52.00357781753131,-2.438878950506857,14.692903995229576,11.884317233154444,13.387000596302922,52.58795468097794,-65.16994633273703,52.58795468097794,84.7227191413238,57683769000.00001,69516769000.0,-35.259027506112474,6.614352597179224,23.410620535714287,28.94318564977421,6.540851457081303,6.540851457081303,7.971192409127394,-709.3547857142858,28.212974431818186,34.88046613146011,-0.0070903827383401,0.0345504469376818,1.5963261140718903,0.3426221129742753,-120.74489795918367,1.1326054695781216,8.738461538461538,-6.024449877750612,0.0038485696036956,-0.5427872860635696,0.1112257768604517,0.1092764591216603,0.4806152498235537,0.1911525974025974,0.0540075679394564,1.6761565836298933,0.0038986354775828,,0.0246673229060258,-0.0191649875825875,-146.9200954084675,1251000000.0,-10929000000.0,-21585000000.0,29422000000.0,7274000000.0,2123500000.0,796500000.0,68.73065015479877,30.285714285714285,10.653061224489797,1.3094594594594595,2.9716981132075477,8.448275862068966,-0.0463771402653362,2.808586762075134,2020-01-30,4.78,bmo,7415181818.0,2025-04-20,2019-12-31,0.1736401673640167,351.633125,979203.59375
2019-09-30,NOC,USD,1133421,2019-10-24,2019-10-24 06:38:52,2019,Q3,8475000000.0,6748000000.0,1727000000.0,0.2037758112,0,776000000.0,0.0,776000000.0,227000000.0,776000000.0,7524000000.0,0.0,123000000.0,258000000.0,1436000000.0,0.169439528,951000000.0,0.1122123894,104000000.0,1055000000.0,0.1244837758,122000000.0,933000000.0,0.1100884956,5.52,5.49,169100000,169900000,https://www.sec.gov/Archives/edgar/data/1133421/000113342119000055/0001133421-19-000055-index.htm,https://www.sec.gov/Archives/edgar/data/1133421/000113342119000055/noc-9302019x10q.htm,50.11827321111768,5.517445298639858,6.735659373151981,5.215848610289769,6.664695446481372,57.545830869308105,-59.722057953873446,57.545830869308105,90.20106445890006,63376989000.0,77379989000.0,16.98204421221865,7.478110796460177,55.64265935030729,71.85599659863945,6.512895796937622,6.512895796937622,9.130382182890855,53.88578621169916,67.93677699736611,87.73241383219954,0.0147214314646598,0.013916722992315,1.5548247867639502,0.3730920030577269,9.751392757660168,1.2875475285171103,7.731707317073171,1.2207931404072885,0.0035186272418211,0.2390139335476956,0.0915634218289085,0.0,0.4889897171602594,0.2256365232660228,0.0303244837758112,0.996124031007752,0.0044837758112094,84.52150267647423,0.0256090417552559,0.0450224388360758,-138.2259018332348,2420000000.0,-10099000000.0,-19986000000.0,30372000000.0,7688500000.0,1991500000.0,810000000.0,83.76637168141592,26.95465323058684,10.803200948429163,1.0744168356997972,3.338941118258288,8.330864197530865,0.0958791491110882,1.5198107628622115,2019-10-24,4.77,bmo,7363524590.0,2025-04-20,2019-09-30,0.1509433962264152,354.1184375,889851.609375
2019-06-30,NOC,USD,1133421,2019-07-24,2019-07-24 06:37:02,2019,Q2,8456000000.0,6726000000.0,1730000000.0,0.2045884579,0,784000000.0,0.0,784000000.0,219000000.0,784000000.0,7510000000.0,0.0,137000000.0,245000000.0,1410000000.0,0.1667455061,946000000.0,0.1118732261,82000000.0,1028000000.0,0.1215704825,167000000.0,861000000.0,0.1018211921,5.07,5.06,169700000,170300000,https://www.sec.gov/Archives/edgar/data/1133421/000113342119000047/0001133421-19-000047-index.htm,https://www.sec.gov/Archives/edgar/data/1133421/000113342119000047/noc-6302019x10q.htm,49.82911019446081,5.073659398939305,9.469652327637007,7.984678845020625,6.411314083677077,54.29581614614025,-63.05244549204478,54.29581614614025,88.72127283441367,54056238000.0,67887238000.0,15.695771777003484,6.392648770104068,33.637982576229,39.89390258302583,5.86675037985674,5.86675037985674,8.028292100283823,48.14697730496454,42.24470317361544,50.10128265682657,0.0159278564668151,0.025066487238716,1.619166485782505,0.3768947049312853,9.809219858156029,1.2457388105456777,6.905109489051095,1.8664343786295008,0.0041438325767324,0.2601626016260163,0.0927152317880794,0.0,0.5030820533548909,0.1568139390168015,0.0298013245033112,1.0285714285714285,0.0034295175023651,78.7290654907148,0.0243656132502968,0.0437722419928825,-137.06688273423688,2004000000.0,-10700000000.0,-20211000000.0,29718000000.0,7720000000.0,1947000000.0,794000000.0,79.70789971617786,26.25334522747547,10.838537020517396,1.129122713312859,3.4281345565749235,8.303703703703704,0.0934447579769915,1.4849734826163818,2019-07-24,4.68,bmo,7820964426.0,2025-04-20,2019-06-30,0.0811965811965811,298.0985714285714,914175.7301587302
2019-03-31,NOC,USD,1133421,2019-04-24,2019-04-24 06:37:09,2019,Q1,8189000000.0,6493000000.0,1696000000.0,0.2071070949,0,760000000.0,0.0,760000000.0,236000000.0,760000000.0,7253000000.0,0.0,138000000.0,234000000.0,1406000000.0,0.1716937355,936000000.0,0.1142996703,98000000.0,1034000000.0,0.1262669435,171000000.0,863000000.0,0.1053852729,5.08,5.06,170000000,170700000,https://www.sec.gov/Archives/edgar/data/1133421/000113342119000021/0001133421-19-000021-index.htm,https://www.sec.gov/Archives/edgar/data/1133421/000113342119000021/noc-03312019x10q.htm,48.17058823529412,5.076470588235294,-5.370588235294117,-7.041176470588235,4.441176470588236,51.40588235294118,-66.16470588235295,51.40588235294118,88.81764705882352,46598700000.0,60804700000.0,13.49904403244496,5.690401758456466,-51.03910186199344,-38.92957393483709,5.332269138345349,5.332269138345349,7.425167908169495,43.246586059743954,-66.59879518072289,-50.79757727652464,0.0185198299523377,-0.0256874118805889,1.7119807758324752,0.3763678901159719,10.103840682788052,1.183879378755243,6.782608695652174,-1.0579374275782156,0.0045280233139551,0.2444959443800695,0.0928074245939675,0.0,0.5028049608814873,-0.3110624315443592,0.0346806691903773,1.2136752136752136,0.0031749908413725,76.62643226137614,0.0246577540322428,0.0436652499494029,-140.61617647058824,1622000000.0,-11248000000.0,-20569000000.0,29312000000.0,7212500000.0,2057000000.0,716000000.0,87.38429600683844,26.77960880948714,10.783921145849376,1.029933341718023,3.360766045548654,8.345758354755784,0.0987527177022542,1.6705882352941177,2019-04-24,4.59,bmo,7428361660.0,2025-04-20,2019-03-31,0.1023965141612199,272.81131147540987,996941.0655737704
2018-12-31,NOC,USD,1133421,2019-01-31,2019-01-31 06:39:46,2018,Q4,8156000000.0,6487000000.0,1669000000.0,0.2046346248,764000000,744000000.0,0.0,744000000.0,2000000.0,744000000.0,7231000000.0,0.0,142000000.0,266000000.0,1193000000.0,0.1462726827,925000000.0,0.113413438,-140000000.0,785000000.0,0.0962481609,128000000.0,657000000.0,0.0805541932,3.86,3.86,170000000,170000000,https://www.sec.gov/Archives/edgar/data/1133421/000113342119000007/0001133421-19-000007-index.htm,https://www.sec.gov/Archives/edgar/data/1133421/000113342119000007/noc-12312018x10k.htm,47.976470588235294,3.864705882352941,13.98235294117647,11.258823529411766,9.288235294117648,48.15882352941176,-69.74705882352941,48.15882352941176,82.5,41633000000.0,53937000000.0,15.842085235920852,5.104585581167239,17.514934791754314,21.751828631138977,5.085257114938317,5.085257114938317,6.613168219715547,45.21123218776194,22.691207404291124,28.18025078369906,0.0157807508466841,0.0459731463022121,1.6957371442530842,0.3687090006108411,10.31349538977368,1.169929900894368,6.514084507042254,3.617960426179604,0.0049239785746883,0.3120243531202435,0.0912211868563021,0.0936733692986758,0.5323347409236979,0.1947833403449726,0.0567680235409514,1.7406015037593985,0.0004904364884747,64.71238670517094,0.0258955035630951,0.0373104662388551,-133.55588235294118,1406000000.0,-11857000000.0,-19786000000.0,27822000000.0,6888000000.0,2060500000.0,686500000.0,71.43943109367336,30.272853399105905,9.0735316787421,1.2598084646277417,2.972960586617782,9.918960244648318,0.0802491755221692,2.723529411764706,2019-01-31,4.32,bmo,7146839756.0,2025-04-20,2018-12-31,0.1412037037037035,276.242380952381,1514140.5396825396
2018-09-30,NOC,USD,1133421,2018-10-24,2018-10-24 06:36:00,2018,Q3,8085000000.0,6090000000.0,1995000000.0,0.2467532468,0,817000000.0,0.0,817000000.0,192000000.0,817000000.0,6907000000.0,0.0,133000000.0,253000000.0,1695000000.0,0.2096474954,1178000000.0,0.1457019171,59000000.0,1237000000.0,0.1529993816,93000000.0,1144000000.0,0.1414965986,7.15,7.11,174100000,174900000,https://www.sec.gov/Archives/edgar/data/1133421/000113342118000048/0001133421-18-000048-index.htm,https://www.sec.gov/Archives/edgar/data/1133421/000113342118000048/noc-09302018x10q.htm,46.438828259620905,6.570936243538196,4.66398621481907,3.044227455485353,7.053417576105686,52.28604250430787,-63.17633543940264,52.28604250430787,80.53991958644457,55450850000.0,68111850000.0,12.11775568181818,6.858484848484848,68.28922413793103,104.62424528301888,6.091491815884873,6.091491815884873,8.424471243042671,40.18398230088496,83.88158866995074,128.51292452830188,0.0206308830252376,0.009558013988965,1.52576073821817,0.3660490736104156,7.469616519174041,1.2603557656424929,8.857142857142858,0.7097902097902098,0.0037691036296107,0.1826923076923076,0.1010513296227581,0.0,0.5297946920380571,0.3472906403940887,0.0348794063079777,1.1146245059288538,0.003586889301175,87.92204310502312,0.0358119631704654,0.0641219662574967,-125.07754164273406,2093000000.0,-10999000000.0,-18708000000.0,28220000000.0,7194500000.0,1881500000.0,704500000.0,81.28385899814472,28.6551724137931,10.625615763546795,1.1072308956450287,3.1407942238267146,8.47009735744089,0.1256728551027134,1.6197587593337162,2018-10-24,4.37,bmo,5402362385.0,2025-04-20,2018-09-30,0.3272311212814645,304.76412698412696,1189269.7301587302
2018-06-30,NOC,USD,1133421,2018-07-25,2018-07-25 06:42:29,2018,Q2,7119000000.0,5557000000.0,1562000000.0,0.2194128389,0,739000000.0,0.0,739000000.0,170000000.0,739000000.0,6296000000.0,0.0,144000000.0,159000000.0,1234000000.0,0.1733389521,823000000.0,0.1156061245,26000000.0,849000000.0,0.1192583228,160000000.0,689000000.0,0.0967832561,4.52,4.5,174500000,175400000,https://www.sec.gov/Archives/edgar/data/1133421/000113342118000038/0001133421-18-000038-index.htm,https://www.sec.gov/Archives/edgar/data/1133421/000113342118000038/noc-06302018x10q.htm,40.796561604584525,3.948424068767909,5.01432664756447,3.873925501432665,8.819484240687679,47.1461318051576,-67.9025787965616,47.1461318051576,83.27220630372493,53693650000.0,66541650000.0,19.482456458635703,7.542302289647423,61.364171428571424,79.42847633136094,6.526516348608241,6.526516348608241,9.347050147492626,53.92354132901134,76.0476,98.43439349112424,0.0128320574220601,0.0125899431310778,1.748754102345934,0.3849055594199796,10.41166936790924,1.241159198263756,5.715277777777778,1.269956458635704,0.0038924528319456,0.3033381712626996,0.1038067144261834,0.0,0.5371073893734282,0.2274285714285714,0.02795336423655,1.251572327044025,0.0047759516786065,64.71816387458578,0.0220509056824051,0.039821985897584,-125.79799426934098,1889000000.0,-11849000000.0,-19429000000.0,27829000000.0,6098500000.0,1609500000.0,562500000.0,89.59544879898863,29.541119308979663,11.175094475436389,1.0045153097220263,3.0466008771929824,8.053623188405798,0.0837486325513553,1.140401146131805,2018-07-25,3.83,bmo,6955969465.0,2025-04-20,2018-06-30,0.0261096605744125,330.66390625,1157339.4375
2018-03-31,NOC,USD,1133421,2018-04-25,2018-04-25 06:35:20,2018,Q1,6735000000.0,5170000000.0,1565000000.0,0.2323682257,0,711000000.0,0.0,711000000.0,160000000.0,711000000.0,5881000000.0,0.0,143000000.0,122000000.0,1224000000.0,0.1817371938,854000000.0,0.126800297,17000000.0,871000000.0,0.1293244246,132000000.0,739000000.0,0.1097253155,4.24,4.21,174300000,175400000,https://www.sec.gov/Archives/edgar/data/1133421/000113342118000012/0001133421-18-000012-index.htm,https://www.sec.gov/Archives/edgar/data/1133421/000113342118000012/noc-03312018x10q.htm,38.64027538726334,4.239816408491107,-1.359724612736661,-3.1095811818703387,59.48938611589214,44.06196213425129,-27.395295467584624,44.06196213425129,83.39070567986231,60851616000.0,64874616000.0,20.585797023004066,9.035132293986637,-256.7578734177216,-112.27235424354244,7.9233875,7.9233875,9.632459688195992,53.00213725490196,-273.73255696202534,-119.69486346863468,0.0121442953955405,-0.0089069121845506,1.8739583333333336,0.4136226469320305,3.286764705882353,2.5186282151208106,5.972027972027972,-0.3207036535859269,0.0032538166283044,0.2679296346414073,0.1055679287305122,0.0,0.3579537289840494,-1.2869198312236287,0.0452858203414996,2.5,0.0028210838901262,64.83308704712456,0.0247735349091941,0.0330796777081468,-72.83993115318417,9742000000.0,-4775000000.0,-10958000000.0,26482000000.0,4543000000.0,1528000000.0,607500000.0,68.28507795100224,24.284332688588005,7.572533849129593,1.318003913894325,3.706093189964158,11.885057471264368,0.0962239583333333,1.7498565691336776,2018-04-25,3.61,bmo,5775142517.0,2025-04-20,2018-03-31,0.1662049861495845,334.9504918032787,1031287.4590163934
2017-12-31,NOC,USD,1133421,2018-01-29,2018-01-29 17:09:25,2017,Q4,6634000000.0,5221000000.0,1413000000.0,0.212993669,639000000,646000000.0,0.0,646000000.0,53000000.0,646000000.0,5867000000.0,0.0,136000000.0,153000000.0,973000000.0,0.1466686765,767000000.0,0.115616521,-83000000.0,684000000.0,0.1031052156,506000000.0,178000000.0,0.0268314742,1.02,1.02,174100000,174300000,https://www.sec.gov/Archives/edgar/data/1133421/000113342118000005/0001133421-18-000005-index.htm,https://www.sec.gov/Archives/edgar/data/1133421/000113342118000005/noc-12312017x10k.htm,38.10453762205629,1.022400919012062,9.2303273980471,7.633543940264216,64.4744399770247,40.48248133256749,-31.05686387133831,40.48248133256749,83.48650201033888,53433031000.00001,56607031000.00001,75.04639185393259,8.054421314440761,33.25017485998755,40.20544093303237,7.581304057888763,7.581304057888763,8.532865691890263,58.17783247687565,35.22528375855632,42.59370278404816,0.0033312727477503,0.0248722555155068,2.0429909194097617,0.4123779247930807,3.26207605344296,2.347307968413496,5.639705882352941,9.02808988764045,0.0032564126860031,0.9775280898876404,0.097377148025324,0.0963219776906843,0.356703038634476,0.1729931549471064,0.0419053361471208,1.816993464052288,0.0042206813385589,30.516550225441225,0.0069259660364578,0.0079244947021636,-76.23205054566341,9384000000.0,-5407000000.0,-11520000000.0,26064000000.0,4195000000.0,1584000000.0,893500000.0,53.94030750678324,28.632445891591647,13.445700057460256,1.6685110663983904,3.143287176399759,6.693589743589744,0.025255391600454,1.5967834577828834,2018-01-25,2.75,bmo,6366127659.0,2025-04-20,2017-12-31,0.0254545454545453,300.3326984126984,697980.4126984127
2017-09-30,NOC,USD,1133421,2017-10-25,2017-10-25 06:38:10,2017,Q3,6527000000.0,5016000000.0,1511000000.0,0.2314999234,0,666000000.0,0.0,666000000.0,13000000.0,666000000.0,5682000000.0,0.0,73000000.0,111000000.0,969000000.0,0.1484602421,845000000.0,0.1294622338,-60000000.0,785000000.0,0.1202696491,140000000.0,645000000.0,0.098820285,3.69,3.67,174200000,175300000,https://www.sec.gov/Archives/edgar/data/1133421/000113342117000045/0001133421-17-000045-index.htm,https://www.sec.gov/Archives/edgar/data/1133421/000113342117000045/noc-09302017x10q.htm,37.46842709529277,3.7026406429391514,5.384615384615385,4.138920780711826,10.780711825487945,37.27324913892078,-34.23076923076923,37.27324913892078,36.16532721010333,50120824000.00001,54469824000.00001,19.42667596899225,7.678998621112304,53.43371428571429,69.51570596393898,7.719208994301556,7.719208994301556,8.345307798375979,56.21240866873066,58.07017484008529,75.54760610263524,0.0128689025543554,0.0143852383592097,0.9590328045587556,0.2348659148342322,4.48813209494324,1.2061904761904765,11.575342465753424,1.4542635658914729,0.00347161092164,0.2697674418604651,0.1020376895970583,0.0,0.4698072643608795,0.2313432835820895,0.0332465144783208,1.954954954954955,0.0036770338593534,55.72443414709303,0.0329426533999489,0.0458846126485025,-82.25028702640643,1299000000.0,-5963000000.0,-12421000000.0,17680000000.0,4347000000.0,1446000000.0,1023000000.0,60.86410295694806,27.039473684210524,18.068181818181817,1.4787041232442228,3.3284671532846715,4.981132075471698,0.0993377483443708,1.245694603903559,2017-10-25,2.92,bmo,5212358695.0,2025-04-20,2017-09-30,0.1712328767123287,269.1595238095238,666479.0317460317
2017-06-30,NOC,USD,1133421,2017-07-26,2017-07-26 06:39:01,2017,Q2,6375000000.0,4854000000.0,1521000000.0,0.2385882353,0,666000000.0,0.0,666000000.0,28000000.0,666000000.0,5520000000.0,0.0,76000000.0,107000000.0,990000000.0,0.1552941176,855000000.0,0.1341176471,-48000000.0,807000000.0,0.1265882353,255000000.0,552000000.0,0.0865882353,3.16,3.15,174500000,175500000,https://www.sec.gov/Archives/edgar/data/1133421/000113342117000038/0001133421-17-000038-index.htm,https://www.sec.gov/Archives/edgar/data/1133421/000113342117000038/noc-06302017x10q.htm,36.53295128939829,3.163323782234957,2.9054441260744985,1.66189111747851,7.925501432664756,33.919770773638966,-37.44412607449857,33.919770773638966,36.07449856733524,44795895000.0,49631895000.0,20.287995923913044,7.02680705882353,88.3548224852071,154.46860344827587,7.568152559553979,7.568152559553979,7.785395294117647,50.13322727272728,97.89328402366864,171.14446551724137,0.0123225576807874,0.0064738074772253,1.05068423720223,0.2409251152520048,4.884848484848485,1.1096023278370517,11.25,0.9184782608695652,0.0039066079603945,0.3170289855072464,0.1044705882352941,0.0,0.4824313330492387,0.4280078895463511,0.0340392156862745,2.02803738317757,0.0039215686274509,49.13483891766344,0.0285437412150249,0.041317365269461,-84.70773638968481,678000000.0,-6534000000.0,-13030000000.0,16933000000.0,4176000000.0,1379500000.0,986000000.0,60.42352941176471,25.679851668726823,19.26452410383189,1.4894859813084111,3.504693140794224,4.6717998075072185,0.0932589964521034,1.2435530085959885,2017-07-26,2.87,bmo,5897622222.0,2025-04-20,2017-06-30,0.097560975609756,250.15698412698413,765825.9523809524
2017-03-31,NOC,USD,1133421,2017-04-26,2017-04-26 06:35:33,2017,Q1,6267000000.0,4758000000.0,1509000000.0,0.2407850646,0,677000000.0,0.0,677000000.0,16000000.0,677000000.0,5435000000.0,0.0,75000000.0,104000000.0,948000000.0,0.1512685495,832000000.0,0.1327588958,-59000000.0,773000000.0,0.123344503,133000000.0,640000000.0,0.1021222275,3.72,3.69,174800000,176100000,https://www.sec.gov/Archives/edgar/data/1133421/000113342117000020/0001133421-17-000020-index.htm,https://www.sec.gov/Archives/edgar/data/1133421/000113342117000020/noc-03312017x10q.htm,35.85240274599543,3.6613272311212817,-2.511441647597254,-3.747139588100687,8.026315789473685,31.79633867276888,-39.45080091533181,31.79633867276888,40.818077803203664,41574432000.0,47231432000.0,16.2400125,6.633865007180469,-94.70257858769932,-63.47241526717557,7.480106513134221,7.480106513134221,7.5365297590553695,49.82218565400843,-107.5886833712984,-72.10905648854961,0.0153940768210615,-0.0157548754965551,1.2702410939186757,0.2778105693936174,5.967299578059071,1.2708978328173377,11.093333333333334,-0.6859375,0.0039928386754628,0.259375,0.1080261688208074,0.0,0.4900641404005824,-0.4920273348519362,0.0344662517951172,2.076923076923077,0.0027126216690601,51.17985945889923,0.03402561825912,0.0493865267381742,-85.42048054919908,1400000000.0,-6896000000.0,-13287000000.0,17510000000.0,3685500000.0,1464000000.0,874500000.0,58.477740545715655,25.989911727616647,17.648171500630518,1.539047151277014,3.462882096069869,5.09967845659164,0.1151493342929111,1.2356979405034323,2017-04-26,2.93,bmo,5173911845.0,2025-04-20,2017-03-31,0.2389078498293514,237.5470967741936,976538.4354838708
2016-12-31,NOC,USD,1133421,2017-01-30,2017-01-30 16:16:57,2016,Q4,6397000000.0,4920000000.0,1477000000.0,0.2308894794,705000000,646000000.0,0.0,646000000.0,-6000000.0,646000000.0,5566000000.0,0.0,77000000.0,134000000.0,959000000.0,0.1499140222,831000000.0,0.1299046428,-83000000.0,748000000.0,0.1169298108,223000000.0,525000000.0,0.0820697202,3.0,3.0,174800000,174800000,https://www.sec.gov/Archives/edgar/data/1133421/000113342117000008/0001133421-17-000008-index.htm,https://www.sec.gov/Archives/edgar/data/1133421/000113342117000008/noc-12312016x10k.htm,36.59610983981693,3.0034324942791764,8.75858123569794,6.973684210526316,14.536613272311213,30.085812356979407,-41.13844393592677,30.085812356979407,40.818077803203664,40654984000.0,45171984000.0,19.35951619047619,6.355320306393622,26.554529065969955,33.35109433962264,7.730554097737213,7.730554097737213,7.061432546506175,47.10321584984359,29.504888308295232,37.05659064807219,0.0129135458520903,0.029984023607044,1.3420802433922798,0.2755524322636058,4.710114702815432,1.2177619893428064,10.792207792207792,2.916190476190476,0.0038863623707243,0.3009523809523809,0.100984836642176,0.1102079099577927,0.4860623096743968,0.2037883736120183,0.0487728622791933,2.328358208955224,0.005002344849148,45.09008643947252,0.0291686010998991,0.0398814949863263,-85.42191075514874,1226000000.0,-7191000000.0,-13499000000.0,17264000000.0,3479000000.0,1439500000.0,806500000.0,46.41394403626701,28.42682926829269,14.926829268292684,1.9390724461958169,3.166023166023166,6.029411764705882,0.0998288648031945,1.7848970251716247,2017-01-26,2.49,bmo,5381260135.0,2025-04-20,2016-12-31,0.1887550200803211,232.49936507936508,1147020.888888889
2016-09-30,NOC,USD,1133421,2016-10-26,2016-10-26 06:35:11,2016,Q3,6155000000.0,4667000000.0,1488000000.0,0.241754671,0,662000000.0,0.0,662000000.0,17000000.0,662000000.0,5329000000.0,0.0,74000000.0,113000000.0,956000000.0,0.1553208773,826000000.0,0.1341998375,-57000000.0,769000000.0,0.1249390739,167000000.0,602000000.0,0.0978066613,3.38,3.35,178100000,179600000,https://www.sec.gov/Archives/edgar/data/1133421/000113342116000109/0001133421-16-000109-index.htm,https://www.sec.gov/Archives/edgar/data/1133421/000113342116000109/noc-09302016x10q.htm,34.559236384053904,3.380123526108928,4.143739472206626,3.3745087029758563,6.193149915777653,32.38068500842223,-37.60247052217855,32.38068500842223,36.27737226277373,38104495000.0,43388495000.0,15.824125830564782,6.190819658813973,51.63210704607045,63.40182196339434,6.607333969134732,6.607333969134732,7.049308692120228,45.3854550209205,58.79199864498645,72.19383527454242,0.0157986610241127,0.0157724174011491,1.1075082365181204,0.2650207468879668,5.527196652719665,1.1302389345867607,11.16216216216216,1.2259136212624584,0.0041989796741827,0.26578073089701,0.1075548334687246,0.0,0.5171784232365145,0.1856368563685637,0.0222583265637692,1.2123893805309736,0.0038992688870836,49.62500470268027,0.0340434656457798,0.0517359917497421,-79.0974171813588,665000000.0,-6697000000.0,-12562000000.0,16463000000.0,3571000000.0,1298500000.0,885000000.0,53.50284321689683,25.551746303835444,15.369616455967432,1.6821535938781087,3.5222641509433963,5.855708908406524,0.1043870296514652,0.7692307692307693,2016-10-26,2.81,bmo,5162850746.0,2025-04-20,2016-09-30,0.0391459074733095,216.59890625,884620.390625
2016-06-30,NOC,USD,1133421,2016-07-27,2016-07-27 06:09:10,2016,Q2,6000000000.0,4583000000.0,1417000000.0,0.2361666667,0,620000000.0,0.0,620000000.0,7000000.0,620000000.0,5203000000.0,0.0,74000000.0,106000000.0,903000000.0,0.1505,797000000.0,0.1328333333,-67000000.0,730000000.0,0.1216666667,213000000.0,517000000.0,0.0861666667,2.87,2.85,180100000,181500000,https://www.sec.gov/Archives/edgar/data/1133421/000113342116000103/0001133421-16-000103-index.htm,https://www.sec.gov/Archives/edgar/data/1133421/000113342116000103/noc-06302016x10q.htm,33.31482509716824,2.870627429205997,3.3536923931149363,2.3931149361465853,6.324264297612437,31.543586896168797,-37.656857301499166,31.543586896168797,35.874514158800665,40032628000.0,45280628000.0,19.358137330754356,6.672104666666667,66.27918543046357,92.88312761020882,7.046757261045591,7.046757261045591,7.546771333333333,50.14466002214839,74.96792715231788,105.05946171693736,0.0129144656703526,0.0107662179959806,1.1242738954409437,0.2652298492587517,5.811738648947952,1.1337517160227495,10.77027027027027,1.1682785299806575,0.0040716787316585,0.3152804642166344,0.1033333333333333,0.0,0.5175449524521407,0.2864238410596026,0.0288333333333333,1.6320754716981132,0.0038333333333333,45.13726209677446,0.0297314029460893,0.0444999139266655,-78.63548028872849,682000000.0,-6782000000.0,-12619000000.0,16444000000.0,3414500000.0,1238000000.0,935500000.0,52.245000000000005,24.97927121972507,19.107571459742527,1.7226528854435832,3.602987421383648,4.710174717368962,0.0910051047350818,0.960577456968351,2016-07-27,2.53,bmo,5326315789.0,2025-04-20,2016-06-30,0.1264822134387353,210.49671875,885007.703125
2016-03-31,NOC,USD,1133421,2016-04-27,2016-04-27 06:10:37,2016,Q1,5956000000.0,4561000000.0,1395000000.0,0.2342175957,0,656000000.0,0.0,656000000.0,13000000.0,656000000.0,5217000000.0,0.0,76000000.0,103000000.0,842000000.0,0.141370047,739000000.0,0.1240765615,-63000000.0,676000000.0,0.1134989926,120000000.0,556000000.0,0.0933512424,3.07,3.03,181300000,183400000,https://www.sec.gov/Archives/edgar/data/1133421/000113342116000080/0001133421-16-000080-index.htm,https://www.sec.gov/Archives/edgar/data/1133421/000113342116000080/noc-03312016x10q.htm,32.851627137341424,3.0667402095973526,-0.3309431880860452,-1.9746276889134031,7.0435741864313295,31.003861003861005,-37.73303916161059,31.003861003861005,35.648097076668506,35879270000.0,40989270000.0,16.132765287769782,6.02405473472129,-597.9878333333334,-100.2214245810056,6.38307596513076,6.38307596513076,6.882013096037609,48.6808432304038,-683.1545,-114.49516759776536,0.0154964133885667,-0.0099779064624224,1.1362746842198896,0.2668700121171604,6.068883610451306,1.151564076690212,9.723684210526317,-0.1079136690647482,0.0044315282891764,0.2859712230215827,0.1101410342511752,0.0,0.5207036309697907,-4.966666666666667,0.0500335795836131,2.8932038834951457,0.0023505708529214,46.25275896473017,0.0320274300794255,0.0484700549211054,-77.64202978488693,751000000.0,-6841000000.0,-12606000000.0,16443000000.0,3093500000.0,1243000000.0,852500000.0,50.56077904633983,23.757947818460863,17.71979828984872,1.780035863717872,3.788205980066446,5.079064587973274,0.0989147838462907,1.643684500827358,2016-04-27,2.49,bmo,4894534653.0,2025-04-20,2016-03-31,0.0401606425702809,188.8883606557377,1312515.426229508
2015-12-31,NOC,USD,1133421,2016-02-01,2016-02-01 17:14:57,2015,Q4,5694000000.0,4378000000.0,1316000000.0,0.2311204777,712000000,627000000.0,0.0,627000000.0,7000000.0,627000000.0,5005000000.0,0.0,75000000.0,138000000.0,827000000.0,0.1452406041,689000000.0,0.1210045662,-68000000.0,621000000.0,0.1090621707,162000000.0,459000000.0,0.0806111697,2.53,2.53,181300000,181300000,https://www.sec.gov/Archives/edgar/data/1133421/000113342116000065/0001133421-16-000065-index.htm,https://www.sec.gov/Archives/edgar/data/1133421/000113342116000065/noc-12312015x10k.htm,31.406508549365693,2.531715388858246,9.007170435741864,8.251516822945394,12.790954219525648,30.45780474351903,-38.268063982349695,30.45780474351903,35.80253723110866,34231253000.0,38328253000.0,18.64447331154684,6.011811204776958,20.96218799755052,22.88185360962567,6.199067910177472,6.199067910177472,6.731340533895328,46.34613422007255,23.471067360685858,25.620489973262032,0.0134087992630594,0.043702753153675,1.1618978630930823,0.2623701643902838,4.954050785973398,1.1607110133773135,9.186666666666667,3.5577342047930283,0.004235895192034,0.3159041394335512,0.1101159114857745,0.1250439058658236,0.5095280935634252,0.0838946723821188,0.0240604144713733,0.9927536231884058,0.0050930804355461,41.65316425015215,0.0266531045985878,0.0382691345672836,-77.65444015444015,877000000.0,-6938000000.0,-12598000000.0,16401000000.0,3054500000.0,1238000000.0,831500000.0,44.90516332982087,26.3544997715852,16.589767016902695,2.0042238648363253,3.4149765990639627,5.425030978934324,0.0831220572256428,0.7556536127964699,2016-01-28,2.01,bmo,4596361445.0,2025-04-20,2015-12-31,0.2388059701492539,183.30984375,1175060.78125
2015-09-30,NOC,USD,1133421,2015-10-28,2015-10-28 06:10:29,2015,Q3,5979000000.0,4522000000.0,1457000000.0,0.2436862352,0,663000000.0,0.0,663000000.0,10000000.0,663000000.0,5185000000.0,0.0,75000000.0,113000000.0,907000000.0,0.1516976083,794000000.0,0.1327981268,-65000000.0,729000000.0,0.1219267436,213000000.0,516000000.0,0.0863020572,2.78,2.75,185800000,187900000,https://www.sec.gov/Archives/edgar/data/1133421/000113342115000057/0001133421-15-000057-index.htm,https://www.sec.gov/Archives/edgar/data/1133421/000113342115000057/noc-9302015x10q.htm,32.17976318622174,2.7771797631862216,2.9978471474703983,2.448869752421959,6.953713670613563,30.66200215285253,-36.38858988159311,30.66200215285253,34.94079655543595,30833510000.0,35958510000.0,14.938716085271318,5.156967720354574,55.35639138240574,67.76595604395604,5.412236264700719,5.412236264700719,6.0141344706472655,39.645545755237045,64.55746858168762,79.0296923076923,0.0167350392478832,0.0147566722050133,1.1263823064770933,0.2677543186180422,5.650496141124586,1.159360997467368,10.586666666666666,1.0794573643410852,0.0048324047440593,0.2887596899224806,0.1108881083793276,0.0,0.5198197446382375,0.1831238779174147,0.017059708981435,0.9026548672566372,0.0038467971232647,43.7717096678628,0.0296683857072625,0.0448383733055265,-75.87728740581271,818000000.0,-6761000000.0,-12318000000.0,16281000000.0,3209500000.0,1220000000.0,856000000.0,49.1921726041144,23.763821318000883,17.036709420610347,1.8295593635250915,3.787269681742043,5.282710280373832,0.0905739863085834,0.5489773950484392,2015-10-28,2.19,bmo,4761458181.0,2025-04-20,2015-09-30,0.2557077625570776,167.59453125,1138141.59375
2015-06-30,NOC,USD,1133421,2015-07-29,2015-07-29 07:04:42,2015,Q2,5896000000.0,4442000000.0,1454000000.0,0.2466078697,0,641000000.0,0.0,641000000.0,-2000000.0,641000000.0,5083000000.0,0.0,75000000.0,117000000.0,930000000.0,0.157734057,813000000.0,0.137890095,-77000000.0,736000000.0,0.1248303935,205000000.0,531000000.0,0.0900610583,2.77,2.74,191800000,193700000,https://www.sec.gov/Archives/edgar/data/1133421/000113342115000048/0001133421-15-000048-index.htm,https://www.sec.gov/Archives/edgar/data/1133421/000113342115000048/noc-6302015x10q.htm,30.740354535974973,2.7685088633993744,3.2638164754953074,2.664233576642336,9.942648592283629,32.174139728884256,-32.81021897810219,32.174139728884256,33.847758081334725,30425234000.0,34935234000.0,14.324498116760829,5.160317842605156,48.60261022364217,59.54057534246575,4.93035715443202,4.93035715443202,5.925243215739484,37.56476774193548,55.80708306709265,68.36640704500978,0.0174526184416527,0.0167952693478051,1.039863879436072,0.2613636363636363,4.849462365591398,1.253395421032208,10.84,1.1789077212806027,0.0050287205679338,0.288135593220339,0.1087177747625508,0.0,0.5076572173346366,0.1837060702875399,0.0195047489823609,0.9829059829059827,0.0039009497964721,44.76799970696128,0.0300673051635449,0.0439278623428193,-71.33863399374349,1306000000.0,-6293000000.0,-11921000000.0,16775000000.0,3141000000.0,1247000000.0,837000000.0,48.09871099050204,25.245384961728952,17.343538946420534,1.8711520152332592,3.565008025682183,5.189252336448599,0.0860476421973748,0.5995828988529719,2015-07-29,2.36,bmo,5078306569.0,2025-04-20,2015-06-30,0.1610169491525425,160.10111111111112,1056289.9047619049
2015-03-31,NOC,USD,1133421,2015-04-29,2015-04-29 07:08:52,2015,Q1,5957000000.0,4542000000.0,1415000000.0,0.2375356723,0,635000000.0,0.0,635000000.0,0.0,635000000.0,5177000000.0,0.0,76000000.0,99000000.0,879000000.0,0.1475574954,780000000.0,0.1309383918,-76000000.0,704000000.0,0.1181802921,220000000.0,484000000.0,0.0812489508,2.45,2.41,197700000,200500000,https://www.sec.gov/Archives/edgar/data/1133421/000113342115000026/0001133421-15-000026-index.htm,https://www.sec.gov/Archives/edgar/data/1133421/000113342115000026/noc-3312015x10q.htm,30.13151239251391,2.4481537683358625,-3.30804248861912,-3.899848254931715,13.38391502276176,34.13252402630248,-28.912493677288825,34.13252402630248,32.84774911482044,31821792000.0,35593792000.0,16.436876033057853,5.34191572939399,-48.65717431192661,-41.27340077821012,4.715736810906936,4.715736810906936,5.975120362598624,40.493506257110354,-54.42475840978593,-46.16574837872892,0.0152097028350886,-0.0242286795162258,0.9510966212211024,0.2540172563919892,4.291240045506257,1.3518168054504165,10.263157894736842,-1.3512396694214877,0.0049023009137888,0.3223140495867768,0.106597280510324,0.0,0.4933111691601362,-0.1788990825688073,0.0196407587711935,1.181818181818182,0.0040288735940909,43.3605525178203,0.0268366529876889,0.0378065927198875,-66.33662114314617,1859000000.0,-5716000000.0,-11375000000.0,17312000000.0,2968500000.0,1276500000.0,780000000.0,47.30401208662078,24.729194187582564,16.20871862615588,1.9025870328968384,3.639423076923077,5.552567237163815,0.0717249555423829,0.5918057663125948,2015-04-29,2.27,bmo,5610950207.0,2025-04-20,2015-03-31,0.0616740088105727,159.857868852459,1608241.1803278688
2014-12-31,NOC,USD,1133421,2015-02-02,2015-02-02 17:09:25,2014,Q4,6108000000.0,4653000000.0,1455000000.0,0.2382121807,569000000,693000000.0,0.0,693000000.0,13000000.0,693000000.0,5346000000.0,0.0,74000000.0,140000000.0,902000000.0,0.1476751801,762000000.0,0.1247544204,-61000000.0,701000000.0,0.114767518,195000000.0,506000000.0,0.0828421742,2.56,2.56,197700000,197700000,https://www.sec.gov/Archives/edgar/data/1133421/000113342115000008/0001133421-15-000008-index.htm,https://www.sec.gov/Archives/edgar/data/1133421/000113342115000008/noc-12312014x10k.htm,30.89529590288316,2.5594334850784017,7.536671724835609,6.1406170966110265,19.539706626201315,36.59585230146687,-26.45928174001012,36.59585230146687,30.343955488113306,29139003000.0,31201003000.0,14.39674061264822,4.770629174852652,19.55637785234899,24.002473640856667,4.027505597788528,4.027505597788528,5.108219220694171,34.59091241685144,20.94027046979865,25.70099093904448,0.017365041624794,0.0416623725938735,0.8189357290946786,0.2229790757188017,2.286031042128603,1.389002036659878,10.297297297297296,2.944664031620553,0.0048045569712869,0.2766798418972332,0.1134577603143418,0.0931565160445317,0.4691404485925033,0.185234899328859,0.0451866404715127,1.9714285714285715,0.0067125081859855,45.907021471617504,0.0265934044257369,0.0358712604565433,-65.74860900354072,2292000000.0,-5231000000.0,-11153000000.0,17749000000.0,3019500000.0,1249000000.0,706500000.0,41.34577603143418,25.241779497098648,14.352030947775628,2.1767640769779044,3.56551724137931,6.27088948787062,0.069937802349689,1.3960546282245827,2015-01-29,2.25,bmo,5541532258.0,2025-04-20,2014-12-31,0.0177777777777777,137.11078125,1258955.125
2014-09-30,NOC,USD,1133421,2014-10-22,2014-10-22 07:06:12,2014,Q3,5984000000.0,4635000000.0,1349000000.0,0.225434492,0,580000000.0,0.0,580000000.0,-6000000.0,580000000.0,5215000000.0,0.0,69000000.0,105000000.0,874000000.0,0.1460561497,769000000.0,0.1285093583,-75000000.0,694000000.0,0.1159759358,221000000.0,473000000.0,0.0790441176,2.29,2.26,206200000,209200000,https://www.sec.gov/Archives/edgar/data/1133421/000113342114000056/0001133421-14-000056-index.htm,https://www.sec.gov/Archives/edgar/data/1133421/000113342114000056/noc-09302014x10q.htm,29.020368574199807,2.293889427740058,4.524733268671193,3.996120271580989,16.498545101842872,47.97769156159069,-12.463627546071775,47.97769156159069,29.0737148399612,27168912000.0,29692912000.0,14.359890063424947,4.54025935828877,29.11994855305466,32.971980582524274,2.746276357020115,2.746276357020115,4.9620508021390375,33.97358352402746,31.825200428724543,36.035087378640775,0.0174096040356713,0.0303287816604507,0.5990094005862732,0.2366329912550413,2.8878718535469106,1.4737797133006714,11.144927536231885,1.9725158562367864,0.0052633686619471,0.3023255813953488,0.0969251336898395,0.0,0.4976640178892305,0.1168274383708467,0.0182152406417112,1.0380952380952382,0.0070187165775401,49.761925077426326,0.0268296245046023,0.0375993640699523,-43.587536372453926,2611000000.0,-2570000000.0,-7028000000.0,17919000000.0,3256500000.0,1185500000.0,706000000.0,48.62466577540107,23.16504854368932,13.029126213592232,1.850912465202598,3.8851634534786257,6.907600596125186,0.0478115839482462,0.5286129970902037,2014-10-22,2.14,bmo,5666265486.0,2025-04-20,2014-09-30,0.05607476635514,126.22546875,971322.359375
2014-06-30,NOC,USD,1133421,2014-07-23,2014-07-23 07:11:55,2014,Q2,6039000000.0,4629000000.0,1410000000.0,0.2334823646,0,590000000.0,0.0,590000000.0,6000000.0,590000000.0,5219000000.0,0.0,70000000.0,108000000.0,928000000.0,0.1536678258,820000000.0,0.1357840702,-64000000.0,756000000.0,0.1251862891,245000000.0,511000000.0,0.0846166584,2.41,2.37,212400000,215200000,https://www.sec.gov/Archives/edgar/data/1133421/000113342114000049/0001133421-14-000049-index.htm,https://www.sec.gov/Archives/edgar/data/1133421/000113342114000049/noc-06302014x10q.htm,28.43220338983051,2.4058380414312617,2.693032015065913,2.146892655367232,16.365348399246706,48.34274952919021,-10.357815442561206,48.34274952919021,28.23446327683616,25409412000.0,27860412000.0,12.431219178082191,4.207552906110283,44.42204895104895,55.722394736842105,2.474621347876899,2.474621347876899,4.613414803775459,30.02199568965517,48.70701398601398,61.097394736842105,0.0201106582080687,0.017946105954754,0.5772302298402805,0.2337974833339907,2.6411637931034484,1.549685999261175,11.714285714285714,1.1193737769080234,0.0058246133361921,0.2896281800391389,0.0976982944196059,0.0,0.4918149185436472,0.2027972027972027,0.0192084782248716,1.0740740740740742,0.0048021195562179,51.15524002002096,0.0277977460885329,0.039664674377086,-41.32062146892656,2976000000.0,-2200000000.0,-6693000000.0,18262000000.0,3257000000.0,1203500000.0,761000000.0,48.8822652757079,22.90343486714193,14.40699935191186,1.841158536585365,3.929541595925297,6.246963562753036,0.0497662641215426,0.5461393596986818,2014-07-23,2.22,bmo,5656784810.0,2025-04-20,2014-06-30,0.0675675675675675,120.86238095238096,1137156.4603174604
2014-03-31,NOC,USD,1133421,2014-04-23,2014-04-23 07:05:05,2014,Q1,5848000000.0,4461000000.0,1387000000.0,0.2371751026,0,542000000.0,0.0,542000000.0,10000000.0,542000000.0,5003000000.0,0.0,69000000.0,109000000.0,954000000.0,0.1631326949,845000000.0,0.144493844,-59000000.0,786000000.0,0.1344049248,207000000.0,579000000.0,0.0990082079,2.68,2.63,216300000,220400000,https://www.sec.gov/Archives/edgar/data/1133421/000113342114000021/0001133421-14-000021-index.htm,https://www.sec.gov/Archives/edgar/data/1133421/000113342114000021/noc-3312014x10q.htm,27.03652334720296,2.676837725381415,-1.8585298196948683,-2.1359223300970878,17.961165048543688,48.8626907073509,-8.779472954230236,48.8626907073509,27.7207582061951,26687094000.0,28729094000.0,11.52292487046632,4.563456566347469,-66.38580597014925,-57.764272727272726,2.525034913426057,2.525034913426057,4.912635772913816,30.11435429769392,-71.465407960199,-62.18418614718615,0.0216958804132064,-0.0173117387753046,0.5607909925253098,0.2321127863716467,2.140461215932914,1.6323278315310188,12.246376811594205,-0.694300518134715,0.0049462110786584,0.2279792746113989,0.0926812585499316,0.0,0.488271000587429,-0.1492537313432835,0.0102599179206566,0.5504587155963303,0.0037619699042407,54.24890424335148,0.0307145875881312,0.0443100941302517,-38.21081830790569,3333000000.0,-1899000000.0,-6362000000.0,18594000000.0,2959500000.0,1229000000.0,739500000.0,49.770861833105336,24.79488903833221,15.756556825823807,1.808286951144094,3.629780309194467,5.71190781049936,0.0547828555208629,0.2773925104022191,2014-04-23,2.15,bmo,4780684410.0,2025-04-20,2014-03-31,0.2232558139534883,118.49491803278688,1430453.737704918
2013-12-31,NOC,USD,1133421,2014-02-03,2014-02-03 16:43:05,2013,Q4,6157000000.0,4828000000.0,1329000000.0,0.2158518759,507000000,561000000.0,0.0,561000000.0,13000000.0,561000000.0,5389000000.0,0.0,74000000.0,150000000.0,918000000.0,0.149098587,768000000.0,0.1247360728,-61000000.0,707000000.0,0.1148286503,229000000.0,478000000.0,0.077635212,2.21,2.21,216300000,216300000,https://www.sec.gov/Archives/edgar/data/1133421/000113342114000006/0001133421-14-000006-index.htm,https://www.sec.gov/Archives/edgar/data/1133421/000113342114000006/noc-12312013x10k.htm,28.465094775774386,2.209893666204346,5.566343042071197,4.706426259824318,23.80952380952381,49.09847434119279,-8.40499306518724,49.09847434119279,27.74849745723532,24790143000.0,25568143000.0,12.965555962343094,4.0263347409452654,20.589819767441863,24.351810412573677,2.334288418079096,2.334288418079096,4.152694981322073,27.85200762527233,21.235999169435217,25.116054027504912,0.0192818573091732,0.0410647086626325,0.5581920903954802,0.2247071756188165,0.8474945533769063,1.6316423043852106,10.37837837837838,2.518828451882845,0.0054053742247473,0.2803347280334728,0.0911158031508851,0.0823452980347571,0.4714756832568894,0.154485049833887,0.0302095176222186,1.24,0.0042228357966542,49.40955543217544,0.0252451316143449,0.0342824356307824,-38.1333795654184,3673000000.0,-1818000000.0,-6273000000.0,18917000000.0,2844000000.0,1225000000.0,741000000.0,39.24801039467273,22.91010770505385,13.011599005799502,2.2931098696461825,3.92839707078926,6.916905444126074,0.0450094161958568,0.8599167822468793,2014-01-30,1.94,bmo,5634235849.0,2025-04-20,2013-12-31,0.0927835051546392,107.07609375,1309143.28125
2013-09-30,NOC,USD,1133421,2013-10-23,2013-10-23 07:08:05,2013,Q3,6106000000.0,4761000000.0,1345000000.0,0.2202751392,0,555000000.0,0.0,555000000.0,0.0,555000000.0,5316000000.0,0.0,70000000.0,120000000.0,910000000.0,0.1490337373,790000000.0,0.1293809368,-70000000.0,720000000.0,0.1179168031,223000000.0,497000000.0,0.0813953488,2.18,2.14,228200000,232600000,https://www.sec.gov/Archives/edgar/data/1133421/000113342113000076/0001133421-13-000076-index.htm,https://www.sec.gov/Archives/edgar/data/1133421/000113342113000076/noc-9302013x10q.htm,26.75723049956179,2.177914110429448,4.163014899211218,3.768624014022787,21.66520595968449,40.99912357581069,-13.5056967572305,40.99912357581069,26.28396143733567,21738332000.0,22722332000.0,10.934774647887323,3.560159187684245,22.882454736842107,25.27713023255814,2.3234643009833262,2.3234643009833262,3.721312151981657,24.969595604395604,23.91824421052631,26.421316279069767,0.0228628397063767,0.0395614530130462,0.6336041043180847,0.2163108921729611,1.0813186813186813,1.6645262061784103,11.285714285714286,1.911468812877264,0.0063942348474574,0.2796780684104628,0.0908942024238454,0.0,0.4538587848932676,0.0947368421052631,0.014739600393056,0.75,0.0076973468719292,44.82279352514155,0.0251961116501614,0.0332063873855816,-45.840271691498685,3829000000.0,-3082000000.0,-8458000000.0,19030000000.0,3063500000.0,1208000000.0,764500000.0,44.2630199803472,23.081285444234403,14.820415879017013,2.033300033300033,3.899262899262899,6.072704081632653,0.0531209918768704,0.3943908851884312,2013-10-23,1.82,bmo,5192953271.0,2025-04-20,2013-09-30,0.1758241758241758,92.4265625,1427894.421875
2013-06-30,NOC,USD,1133421,2013-07-24,2013-07-24 07:09:23,2013,Q2,6294000000.0,4906000000.0,1388000000.0,0.2205274865,0,582000000.0,0.0,582000000.0,-22000000.0,582000000.0,5488000000.0,0.0,60000000.0,115000000.0,899000000.0,0.1428344455,806000000.0,0.1280584684,-82000000.0,724000000.0,0.1150301875,236000000.0,488000000.0,0.0775341595,2.09,2.05,234000000,237500000,https://www.sec.gov/Archives/edgar/data/1133421/000113342113000061/0001133421-13-000061-index.htm,https://www.sec.gov/Archives/edgar/data/1133421/000113342113000061/noc-6302013x10q.htm,26.89743589743589,2.0854700854700856,1.4017094017094016,1.1965811965811963,20.95726495726496,40.84615384615385,-12.303418803418804,40.84615384615385,25.594017094017097,19503900000.0,20528900000.0,9.991752049180327,3.0988083889418494,59.46310975609756,69.65678571428572,2.040583804143126,2.040583804143126,3.261661900222434,22.83526140155729,62.58810975609756,73.3175,0.0250206368982613,0.0143561031383466,0.6203180581711655,0.2155372982405118,1.1401557285873192,1.696045398120234,13.433333333333334,0.6721311475409836,0.0072805951630186,0.290983606557377,0.092469018112488,0.0,0.4521230187581794,0.1463414634146341,0.0076263107721639,0.417391304347826,0.0074674292977438,43.77930126138278,0.0248375036909451,0.0323800676796496,-44.1474358974359,3925000000.0,-2879000000.0,-8386000000.0,19145000000.0,3087000000.0,1210000000.0,837500000.0,44.67111534795043,21.92213615980432,13.666938442723197,2.0147247119078107,4.105439330543933,6.585234899328859,0.051056706423938,0.2051282051282051,2013-07-24,1.71,bmo,5052929577.0,2025-04-20,2013-06-30,0.2456140350877192,77.839375,1693479.3125
2013-03-31,NOC,USD,1133421,2013-04-24,2013-04-24 07:03:06,2013,Q1,6104000000.0,4787000000.0,1317000000.0,0.2157601573,0,558000000.0,0.0,558000000.0,6000000.0,558000000.0,5345000000.0,0.0,53000000.0,110000000.0,875000000.0,0.1433486239,759000000.0,0.124344692,-47000000.0,712000000.0,0.1166448231,223000000.0,489000000.0,0.0801114024,2.07,2.03,236400000,241000000,https://www.sec.gov/Archives/edgar/data/1133421/000113342113000027/0001133421-13-000027-index.htm,https://www.sec.gov/Archives/edgar/data/1133421/000113342113000027/noc-3312013x10q.htm,25.820642978003384,2.068527918781726,0.0042301184433164,-0.1649746192893401,13.46446700507614,40.05499153976312,-12.554991539763114,40.05499153976312,16.878172588832488,16524360000.000002,17278360000.0,8.448036809815951,2.7071363040629097,16524.36,-423.7015384615385,1.7451008554229592,1.7451008554229592,2.830661861074705,19.746697142857144,17278.36,-443.0348717948718,0.0295926740884367,-0.0023601519211636,0.4157778012461717,0.1519256000617427,0.8617142857142858,1.4124212421242124,14.320754716981131,0.0020449897750511,0.0078671730705455,0.2658486707566462,0.0914154652686762,0.0,0.4799336266110982,40.0,0.0065530799475753,0.3636363636363636,0.0039318479685452,43.17678237719586,0.0255980894903762,0.0362840394746605,-44.45642978003384,2291000000.0,-2968000000.0,-8599000000.0,17557000000.0,2954000000.0,1308500000.0,864000000.0,44.97051114023591,23.031125966158346,17.484854815124294,2.001311475409836,3.907755102040816,5.147311827956989,0.0516422008659837,0.1692047377326565,2013-04-24,1.74,bmo,5232000000.0,2025-04-20,2013-03-31,0.1666666666666665,66.801,1876823.3333333333
2012-12-31,NOC,USD,1133421,2013-02-05,2013-02-04 17:42:40,2012,Q4,6476000000.0,4915000000.0,1561000000.0,0.2410438542,520000000,737000000.0,0.0,737000000.0,0.0,737000000.0,5652000000.0,0.0,54000000.0,139000000.0,980000000.0,0.1513279802,824000000.0,0.1272390364,-37000000.0,787000000.0,0.1215256331,254000000.0,533000000.0,0.0823038913,2.25,2.25,236400000,236400000,https://www.sec.gov/Archives/edgar/data/1133421/000113342113000007/0001133421-13-000007-index.htm,https://www.sec.gov/Archives/edgar/data/1133421/000113342113000007/noc-12312012x10k.htm,27.39424703891709,2.254653130287648,4.471235194585448,3.900169204737733,16.336717428087987,40.24534686971235,-12.339255499153976,40.24534686971235,16.85279187817259,15975912000.0,16043912000.0,7.493392120075047,2.4669413218035823,15.114391674550616,17.327453362255966,1.679200336346437,1.679200336346437,2.477441630636195,16.371338775510203,15.178724692526018,17.40120607375271,0.0333627275863813,0.0577118852432336,0.4130754677317637,0.1480616358361903,0.0693877551020408,1.3857331571994715,15.25925925925926,1.9831144465290809,0.0083876275733116,0.2514071294559099,0.1138048177887584,0.0802964793082149,0.4683344007836341,0.1277199621570482,0.0208462013588634,0.9712230215827338,0.0111179740580605,45.18444631988375,0.0257644713670084,0.0377692743764172,-44.942893401015226,2336000000.0,-2917000000.0,-8637000000.0,17654000000.0,2915500000.0,1293000000.0,712500000.0,39.71896232242125,25.48931841302136,14.612410986775178,2.26592022393282,3.530890804597701,6.159147869674185,0.056022703384486,0.5710659898477157,2013-01-30,1.74,bmo,5265532710.0,2025-04-20,2012-12-31,0.2298850574712644,67.59274193548387,1580126.2258064516
2012-09-30,NOC,USD,1133421,2012-10-24,2012-10-24 11:26:38,2012,Q3,6270000000.0,4962000000.0,1308000000.0,0.2086124402,0,572000000.0,0.0,572000000.0,0.0,572000000.0,5534000000.0,0.0,53000000.0,128000000.0,876000000.0,0.1397129187,736000000.0,0.11738437,-41000000.0,695000000.0,0.1108452951,236000000.0,459000000.0,0.0732057416,1.86,1.82,247200000,252100000,https://www.sec.gov/Archives/edgar/data/1133421/000113342112000046/0001133421-12-000046-index.htm,https://www.sec.gov/Archives/edgar/data/1133421/000113342112000046/noc-9302012x10q.htm,25.364077669902912,1.8567961165048543,3.284789644012945,3.0258899676375406,14.259708737864075,44.28398058252427,-5.768608414239482,44.28398058252427,16.116504854368934,16705776000.0,17111776000.0,9.099006535947712,2.664398086124402,20.5736157635468,22.33392513368984,1.5260597423951767,1.5260597423951767,2.7291508771929824,19.53399086757991,21.0736157635468,22.87670588235294,0.0274755270272988,0.0447749329333758,0.3590938156572577,0.1556092154223735,0.4634703196347032,1.3887521968365553,13.88679245283019,0.5619377162629757,0.0081408968969774,0.2962962962962963,0.0912280701754386,0.0,0.489787031905629,0.0788177339901477,0.0102073365231259,0.5,0.0055821371610845,43.01269895394461,0.0248353616309895,0.0356117619675692,-33.36063915857605,2212000000.0,-1426000000.0,-6413000000.0,17480000000.0,3046000000.0,1192500000.0,665500000.0,42.67464114832536,21.656590084643287,11.37243047158404,2.108980827447023,4.155778894472362,7.913875598086125,0.0419292956974513,0.2588996763754045,2012-10-24,1.69,bmo,5822142857.0,2025-04-20,2012-09-30,0.076923076923077,66.25603174603175,1507696.238095238
2012-06-30,NOC,USD,1133421,2012-07-25,2012-07-25 13:53:38,2012,Q2,6274000000.0,4920000000.0,1354000000.0,0.2158112847,0,580000000.0,0.0,580000000.0,0.0,580000000.0,5500000000.0,0.0,52000000.0,123000000.0,902000000.0,0.1437679311,774000000.0,0.1233662735,-47000000.0,727000000.0,0.1158750398,247000000.0,480000000.0,0.0765062161,1.91,1.88,250800000,254700000,https://www.sec.gov/Archives/edgar/data/1133421/000113342112000033/0001133421-12-000033-index.htm,https://www.sec.gov/Archives/edgar/data/1133421/000113342112000033/noc-6302012x10q.htm,25.015948963317385,1.9138755980861244,3.492822966507177,3.289473684210526,12.5518341307815,42.72328548644338,-6.4952153110047846,42.72328548644338,15.885167464114833,15998532000.0,16782532000.0,8.33256875,2.5499732228243546,18.263164383561644,19.39216,1.4930967802146524,1.4930967802146524,2.674933375836787,18.605911308203996,19.158141552511417,20.34246303030303,0.030002752752565,0.0515672312934711,0.366962202519832,0.1558709268215333,0.8691796008869179,1.3730385164051355,14.884615384615383,1.825,0.0086257914163624,0.2875,0.0924450111571565,0.0,0.4893363989534607,0.0582191780821917,0.0081287854638189,0.4146341463414634,0.0079693975135479,42.892408479331735,0.0247616841197705,0.0372612948299953,-34.576355661881976,2092000000.0,-1629000000.0,-6811000000.0,17371000000.0,3175000000.0,1208500000.0,754000000.0,44.74179152056105,21.78658536585366,12.878048780487806,2.011542160949022,4.130982367758186,6.988636363636363,0.0447970135324311,0.2033492822966507,2012-07-25,1.61,bmo,5372946808.0,2025-04-20,2012-06-30,0.1677018633540371,60.731904761904765,1643038.8095238097
2012-03-31,NOC,USD,1133421,2012-04-25,2012-04-25 15:55:39,2012,Q1,6198000000.0,4841000000.0,1357000000.0,0.2189415941,0,561000000.0,0.0,561000000.0,0.0,561000000.0,5402000000.0,0.0,53000000.0,120000000.0,929000000.0,0.1498870603,796000000.0,0.1284285253,-40000000.0,756000000.0,0.1219748306,250000000.0,506000000.0,0.0816392385,2.0,1.96,253100000,258000000,https://www.sec.gov/Archives/edgar/data/1133421/000113342112000015/0001133421-12-000015-index.htm,https://www.sec.gov/Archives/edgar/data/1133421/000113342112000015/noc-3312012x10q.htm,24.488344527854604,1.9992097984986168,-0.4148557882259976,-0.7348873962860529,10.596602133544051,41.64757013038325,-7.242196760173845,41.64757013038325,15.748715922560253,15459348000.0,16710348000.0,7.638017786561265,2.4942478218780253,-147.2318857142857,-83.11477419354839,1.4665921639313158,1.4665921639313158,2.6960871248789933,17.98745748116254,-159.14617142857142,-89.8405806451613,0.0327310052144501,-0.0120315552764579,0.3731145052651551,0.156987187163214,1.3466092572658772,1.315695387915624,15.0188679245283,-0.2075098814229249,0.0082150941941406,0.2509881422924901,0.0905130687318489,0.0,0.4939129046421586,-0.7714285714285715,0.0130687318489835,0.675,0.0041949015811552,43.282793134075945,0.0261239818952871,0.0399085101348686,-35.57783484788621,1766000000.0,-1833000000.0,-7152000000.0,17133000000.0,3097500000.0,1353500000.0,838500000.0,46.916747337850914,22.79281140260277,14.947324932865111,1.9182915506035283,3.9486133768352367,6.0211442786069655,0.0480030357651076,0.3200316080600553,2012-04-25,1.59,bmo,5027969387.0,2025-04-20,2012-03-31,0.2327044025157232,59.95241935483871,1725983.0483870967
2011-12-31,NOC,USD,1133421,2012-02-08,2012-02-08 09:01:52,2011,Q4,6506000000.0,5070000000.0,1436000000.0,0.220719336,0,637000000.0,0.0,637000000.0,0.0,637000000.0,5707000000.0,0.0,53000000.0,157000000.0,992000000.0,0.1524746388,799000000.0,0.1228097141,-17000000.0,782000000.0,0.1201967415,232000000.0,548000000.0,0.0842299416,2.17,2.17,253100000,253100000,https://www.sec.gov/Archives/edgar/data/1133421/000119312512045323/0001193125-12-045323-index.htm,https://www.sec.gov/Archives/edgar/data/1133421/000119312512045323/d250683d10k.htm,25.7052548399842,2.1651521137890164,5.219280916633742,4.571315685499802,11.860924535756618,40.83761359146583,-8.664559462662979,40.83761359146583,15.807981035163968,14801288000.0,15747288000.0,6.752412408759123,2.2750212111896717,11.204608629825888,12.792815903197926,1.4320131578947368,1.4320131578947368,2.420425453427605,15.874282258064516,11.920732778198335,13.610447709593776,0.0370238049553525,0.0781688728710636,0.3819659442724458,0.1553657864704262,0.9536290322580644,1.2625916870415648,15.075471698113208,-0.8424744897959183,0.0087154577358402,0.2354014598540146,0.0979096218874884,0.0,0.4930541891306914,0.1241483724451173,0.0252075007685213,1.0445859872611465,0.0066092837380879,44.60316156134427,0.0291335228233257,0.0425399782642446,-37.19280916633742,1611000000.0,-2193000000.0,-7329000000.0,17187000000.0,3146000000.0,1409500000.0,878500000.0,41.0021518598217,26.289940828402365,15.497041420118345,2.1950067476383266,3.423362592842674,5.8075601374570445,0.0530185758513931,0.6479652311339391,2012-02-01,1.67,bmo,5198574162.0,2025-04-20,2011-12-31,0.2514970059880239,56.06555555555556,2173365.0793650798
2011-09-30,NOC,USD,1133421,2011-10-26,2011-10-26 12:01:09,2011,Q3,6612000000.0,5198000000.0,1414000000.0,0.2138535995,0,589000000.0,0.0,589000000.0,0.0,589000000.0,5787000000.0,0.0,57000000.0,132000000.0,944000000.0,0.1427707199,825000000.0,0.1247731397,-70000000.0,755000000.0,0.1141863279,235000000.0,520000000.0,0.0786448881,1.89,1.86,274900000,279300000,https://www.sec.gov/Archives/edgar/data/1133421/000119312511281569/0001193125-11-281569-index.htm,https://www.sec.gov/Archives/edgar/data/1133421/000119312511281569/d241577d10q.htm,24.052382684612585,1.891596944343397,3.448526736995271,3.055656602400873,10.716624226991634,43.47399054201528,-2.1425973081120406,43.47399054201528,14.667151691524191,14341533000.0,15370533000.0,6.894967788461539,2.1690158802177857,15.128199367088609,17.073253571428573,1.2000278637770898,1.2000278637770898,2.324642014519056,16.282344279661018,16.21364240506329,18.29825357142857,0.0362583274744757,0.0585711443818453,0.3326081499456112,0.1583665338645418,1.090042372881356,1.3434714210802308,14.473684210526317,0.6038216560509554,0.0095526747384676,0.2634615384615384,0.0890804597701149,0.0,0.499601593625498,0.1139240506329113,0.0163339382940108,0.8181818181818182,0.0046884452510586,43.01503832990297,0.0292621238299413,0.0414012738853503,-26.427791924336123,1965000000.0,-589000000.0,-5463000000.0,17515000000.0,3401000000.0,1298500000.0,893000000.0,45.299455535390194,23.166602539438248,15.305886879569066,1.9867788461538465,3.884902840059791,5.880090497737557,0.0435110032633252,0.3928701345943979,2011-10-26,1.68,bmo,5972129032.0,2025-04-20,2011-09-30,0.1071428571428572,56.96640625,3360381.71875
2011-06-30,NOC,USD,1133421,2011-07-27,2011-07-27 12:01:39,2011,Q2,6560000000.0,5163000000.0,1397000000.0,0.2129573171,0,556000000.0,0.0,556000000.0,0.0,556000000.0,5719000000.0,0.0,53000000.0,134000000.0,841000000.0,0.1282012195,841000000.0,0.1282012195,-53000000.0,788000000.0,0.1201219512,268000000.0,520000000.0,0.0792682927,1.84,1.81,282600000,287200000,https://www.sec.gov/Archives/edgar/data/1133421/000095012311068777/0000950123-11-068777-index.htm,https://www.sec.gov/Archives/edgar/data/1133421/000095012311068777/v59597e10vq.htm,23.21302193913659,1.8400566171266808,-0.1203113941967445,-0.4493984430290162,9.943382873319178,42.990092002830856,-1.418966737438075,42.990092002830856,14.26751592356688,19598310000.0,20767310000.0,9.422264423076925,2.987547256097561,-576.4208823529411,-154.31740157480314,1.613162400197547,1.613162400197547,3.1657484756097563,24.69359096313912,-610.8032352941176,-163.52212598425197,0.0265329000306659,-0.0064801505844126,0.3275166680385217,0.1567955235055365,1.390011890606421,1.3484037963761863,15.867924528301886,0.0641509433962264,0.0071434730851792,0.2692307692307692,0.0847560975609756,0.0,0.4945423020845648,-2.735294117647059,0.0141768292682926,0.6940298507462687,0.005030487804878,42.1882041969744,0.0282804025320699,0.040539487019568,-26.049186128803964,2019000000.0,-401000000.0,-5414000000.0,17597000000.0,3518500000.0,1303000000.0,880500000.0,47.66158536585365,21.946542707728067,15.723416618245206,1.8883131836499711,4.10087370929309,5.723946784922394,0.0428018766976705,0.3290870488322717,2011-07-27,1.68,bmo,6088839779.0,2025-04-20,2011-06-30,0.0773809523809524,64.07333333333334,2138278.047619048
2011-03-31,NOC,USD,1133421,2011-04-27,2011-04-27 11:53:33,2011,Q1,6734000000.0,5355000000.0,1379000000.0,0.2047817048,0,568000000.0,0.0,568000000.0,0.0,568000000.0,5923000000.0,0.0,58000000.0,121000000.0,937000000.0,0.1391446391,811000000.0,0.1204336204,-53000000.0,758000000.0,0.1125631126,262000000.0,530000000.0,0.0787050787,1.82,1.79,291800000,296900000,https://www.sec.gov/Archives/edgar/data/1133421/000095012311039852/0000950123-11-039852-index.htm,https://www.sec.gov/Archives/edgar/data/1133421/000095012311039852/v58707e10vq.htm,23.077450308430432,1.81631254283756,-0.411240575736806,-0.8327621658670322,13.773132282385196,43.44413982179575,0.4043865661411926,43.44413982179575,13.83139136394791,18298778000.0,18257778000.0,8.631499056603774,2.7173712503712504,-152.48981666666666,-75.30361316872428,1.4434628066577266,1.4434628066577266,2.711282744282744,19.485355389541088,-152.14815,-75.1348888888889,0.0289636827114903,-0.0132795752809285,0.3137966395834977,0.148488241881299,-0.0437566702241195,1.472325921116702,13.982758620689657,-0.2419354838709677,0.0074868387386305,0.2584905660377358,0.0843480843480843,0.0,0.4687943262411347,-1.025,0.0182655182655182,1.0165289256198349,0.0049005049005049,42.13588804807747,0.0256764437190961,0.0372426393085517,-23.962474297464016,2910000000.0,118000000.0,-5042000000.0,18515000000.0,3810000000.0,1596500000.0,1022000000.0,47.61954261954262,22.638655462184875,14.436974789915968,1.8899803536345776,3.975501113585746,6.233993015133876,0.0418079987378717,0.4215215901302261,2011-04-27,1.56,bmo,6290443113.0,2025-04-20,2011-03-31,0.0705128205128204,61.65903225806452,2089454.661290323
2010-12-31,NOC,USD,1133421,2011-02-09,2011-02-09 12:07:10,2010,Q4,8607000000.0,7004000000.0,1603000000.0,0.1862437551,0,815000000.0,0.0,815000000.0,0.0,815000000.0,7819000000.0,0.0,65000000.0,201000000.0,785000000.0,0.0912048333,788000000.0,0.0915533868,-269000000.0,519000000.0,0.060299756,143000000.0,376000000.0,0.0436853724,1.29,1.29,291800000,291800000,https://www.sec.gov/Archives/edgar/data/1133421/000095012311010835/0000950123-11-010835-index.htm,https://www.sec.gov/Archives/edgar/data/1133421/000095012311010835/v57435e10vk.htm,29.49623029472241,1.2885538039753257,4.7532556545579165,3.474982864976011,12.68334475668266,46.45990404386566,-2.532556545579164,46.45990404386566,16.771761480466072,17149086000.0,18277086000.0,11.402317819148935,1.992457999302893,12.36415717375631,16.912313609467457,1.2649617171940697,1.2649617171940697,2.12351411641687,23.282912101910828,13.17742321557318,18.024739644970413,0.0219253667513242,0.0591285156538371,0.3561997492070517,0.1536870246013812,1.4369426751592356,1.1810159790126402,12.123076923076924,3.6888297872340425,0.0079887639492856,0.3643617021276595,0.0946903683048681,0.0,0.4549823366538302,0.2689257390050468,0.0433368188683629,1.855721393034826,0.0038340885325897,36.701320643556734,0.0239675245090604,0.021956204379562,-36.07864976010966,1518000000.0,-739000000.0,-7960000000.0,20856000000.0,4114500000.0,1761500000.0,1189000000.0,42.4224468455908,23.72073101085094,15.227013135351228,2.1215183633226524,3.794149512459372,5.910548523206751,0.0277347495758648,1.2782727895819057,2011-02-09,1.01,bmo,5489787401.0,2025-04-20,2010-12-31,0.2574257425742574,57.23984375,1877187.65625
2010-09-30,NOC,USD,1133421,2010-10-27,2010-10-27 10:46:40,2010,Q3,8714000000.0,7188000000.0,1526000000.0,0.1751204958,0,725000000.0,0.0,725000000.0,0.0,725000000.0,7913000000.0,0.0,68000000.0,183000000.0,872000000.0,0.1000688547,801000000.0,0.0919210466,-55000000.0,746000000.0,0.0856093642,257000000.0,497000000.0,0.0570346569,1.69,1.67,293500000,297600000,https://www.sec.gov/Archives/edgar/data/1133421/000095012310096434/0000950123-10-096434-index.htm,https://www.sec.gov/Archives/edgar/data/1133421/000095012310096434/v57127e10vq.htm,29.68994889267461,1.6933560477001703,3.332197614991482,2.7836456558773426,8.613287904599659,44.95400340715503,-3.8296422487223167,44.95400340715503,14.572402044293016,16142500000.0,17823500000.0,8.11996981891348,1.852478769795731,16.505623721881392,19.758261933904528,1.2234727906624223,1.2234727906624223,2.0453867339912786,20.43979357798165,18.22443762781186,21.81578947368421,0.0307882917763667,0.0506117391977698,0.3190086402910413,0.1394817073170731,1.9277522935779816,1.1597320623470309,11.779411764705882,1.9678068410462777,0.00854886170048,0.2776659959758551,0.0831994491622676,0.0,0.474483032873807,0.1646216768916155,0.018476015607069,0.8797814207650273,0.003901767271058,41.38563162018191,0.0226462056855887,0.0313406482532475,-36.55366269165247,1240000000.0,-1124000000.0,-7979000000.0,20325000000.0,4166000000.0,1660000000.0,1170500000.0,43.08928161579068,20.997495826377293,14.937395659432386,2.088686481303931,4.286225402504472,6.025146689019279,0.0376686372593603,0.5485519591141397,2010-10-27,1.46,bmo,6294914634.0,2025-04-20,2010-09-30,0.1232876712328766,52.0953125,2393660.109375
2010-06-30,NOC,USD,1133421,2010-07-29,2010-07-29 10:48:25,2010,Q2,8826000000.0,7340000000.0,1486000000.0,0.1683661908,0,770000000.0,0.0,770000000.0,0.0,770000000.0,8110000000.0,0.0,68000000.0,175000000.0,870000000.0,0.0985723997,716000000.0,0.081123952,-41000000.0,638000000.0,0.0722864265,-73000000.0,711000000.0,0.0805574439,2.37,2.34,299600000,303800000,https://www.sec.gov/Archives/edgar/data/1133421/000095012310069539/0000950123-10-069539-index.htm,https://www.sec.gov/Archives/edgar/data/1133421/000095012310069539/v56414e10vq.htm,29.45927903871829,2.3731642189586117,2.0660881174899868,1.718958611481976,6.822429906542056,43.06742323097463,-4.796395193591455,43.06742323097463,14.28237650200267,14797244000.0,16964244000.0,5.2029690576652605,1.6765515522320418,23.90507915993538,28.732512621359223,1.1468064791133843,1.1468064791133843,1.922076138681169,19.49913103448276,27.40588691437803,32.94027961165049,0.048049488134412,0.034803778325207,0.3263582112686972,0.1418131609079275,2.4908045977011493,1.093660318288547,10.529411764705882,0.870604781997187,0.009528801444377,0.1983122362869198,0.0872422388397915,0.0,0.4829258436047686,0.1680129240710824,0.0117833673238159,0.5942857142857143,0.0035123498753682,47.95452560318116,0.0349951653388133,0.0463071512309495,-36.89252336448598,718000000.0,-1437000000.0,-8407000000.0,19821000000.0,4178500000.0,1642500000.0,1218500000.0,42.42012236573759,20.145776566757498,14.076294277929156,2.1216346153846155,4.467437614120511,6.393728222996516,0.0551034643106254,0.3471295060080107,2010-07-29,2.19,bmo,6789935897.0,2025-04-20,2010-06-30,0.0684931506849314,57.29206349206349,2231327.26984127
2010-03-31,NOC,USD,1133421,2010-04-28,2010-04-28 10:51:01,2010,Q1,8610000000.0,7077000000.0,1533000000.0,0.1780487805,0,768000000.0,0.0,768000000.0,0.0,768000000.0,7845000000.0,0.0,80000000.0,179000000.0,815000000.0,0.0946573751,765000000.0,0.0888501742,-73000000.0,692000000.0,0.0803716609,230000000.0,469000000.0,0.0544715447,1.55,1.53,302500000,306100000,https://www.sec.gov/Archives/edgar/data/1133421/000095012310039323/0000950123-10-039323-index.htm,https://www.sec.gov/Archives/edgar/data/1133421/000095012310039323/v55417e10vq.htm,28.46280991735537,1.550413223140496,-1.7553719008264463,-2.211570247933884,6.482644628099173,41.78512396694215,-5.695867768595042,41.78512396694215,14.198347107438016,17992700000.0,20246700000.0,9.590991471215352,2.089744483159117,-33.88455743879472,-26.8949177877429,1.4234731012658226,1.4234731012658226,2.351533101045296,24.84257668711657,-38.12937853107345,-30.264125560538115,0.0260661268180984,-0.0371817459302939,0.3334651898734177,0.1416235468046502,2.765644171779141,1.1176549145299146,9.5625,-1.1321961620469083,0.007169574327366,0.2750533049040511,0.089198606271777,0.0,0.4825952556951818,-0.2598870056497175,0.0160278745644599,0.770949720670391,0.0044134727061556,38.17911335272886,0.0221587485018722,0.0304565231508539,-37.582644628099175,881000000.0,-1723000000.0,-8753000000.0,20041000000.0,3795500000.0,1781500000.0,1229500000.0,43.87108013937282,20.881729546417976,16.39253921153031,2.051465332380272,4.309987819732034,5.490302560124127,0.0371044303797468,0.456198347107438,2010-04-28,1.32,bmo,6044026490.0,2025-04-20,2010-03-31,0.1439393939393939,55.13737704918033,2458517.393442623
2009-12-31,NOC,USD,1133421,2010-02-09,2010-02-08 21:29:13,2009,Q4,7752000000.0,6381000000.0,1371000000.0,0.1768575851,610000000,851000000.0,0.0,851000000.0,0.0,851000000.0,7232000000.0,0.0,62000000.0,157000000.0,679000000.0,0.0875902993,520000000.0,0.0670794634,-60000000.0,460000000.0,0.0593395253,157000000.0,413000000.0,0.0532765738,1.37,1.37,302500000,302500000,https://www.sec.gov/Archives/edgar/data/1133421/000095012310010126/0000950123-10-010126-index.htm,https://www.sec.gov/Archives/edgar/data/1133421/000095012310010126/v54508e10vk.htm,25.626446280991736,1.3652892561983472,3.077685950413223,2.3239669421487603,10.826446280991735,41.9404958677686,-5.629752066115702,41.9404958677686,14.4,15327675000.0,16346675000.0,9.27825363196126,1.9772542569659444,16.463668098818477,21.80323613086771,1.2081402222747697,1.2081402222747697,2.108704205366357,24.07463181148748,17.558190118152524,23.25273826458037,0.0269447257982701,0.0458647511772007,0.3384566879482935,0.1419410286923178,1.5007363770250368,1.236220472440945,8.387096774193548,2.9276729559748427,0.0087423565544024,0.324455205811138,0.1097781217750258,0.0786893704850361,0.4756710300145444,0.2448979591836734,0.0294117647058823,1.4522292993630572,0.0028379772961816,35.893877460893684,0.0146564715075068,0.0260370697263901,-36.89090909090909,1650000000.0,-1703000000.0,-8930000000.0,20908000000.0,3672500000.0,1857000000.0,1206500000.0,39.40402476780186,27.094499294781382,16.502115655853313,2.2840306423099586,3.321707444039563,5.453846153846154,0.0325530070150547,0.7537190082644628,2010-02-04,1.26,bmo,2712366412.0,2025-04-20,2009-12-31,0.0396825396825397,48.4896875,2500071.171875
2009-09-30,NOC,USD,1133421,2009-10-21,2009-10-21 11:31:53,2009,Q3,8726000000.0,7303000000.0,1423000000.0,0.1630758652,0,768000000.0,0.0,768000000.0,0.0,768000000.0,8071000000.0,0.0,76000000.0,0.0,655000000.0,0.07506303,655000000.0,0.07506303,1000000.0,620000000.0,0.0710520284,133000000.0,490000000.0,0.0561540225,1.55,1.53,317100000,320600000,https://www.sec.gov/Archives/edgar/data/1133421/000095012309051815/0000950123-09-051815-index.htm,https://www.sec.gov/Archives/edgar/data/1133421/000095012309051815/v53955e10vq.htm,27.518133081046987,1.5452538631346575,1.715547146010722,1.2109744560075686,6.067486597287922,39.19583727530748,-9.448123620309053,39.19583727530748,15.10249132765689,14887845000.0,17676845000.0,7.595839285714287,1.7061477194590875,27.367362132352945,38.7704296875,1.197831281679942,1.197831281679942,2.025767247306899,26.98754961832061,32.49420036764706,46.03345052083333,0.0329127553383313,0.0257928531631005,0.3791938209027275,0.1527962392608202,4.258015267175573,1.1119669876203575,8.618421052631579,1.110204081632653,0.009134968828598,0.2775510204081632,0.088012835205134,0.0,0.5000810504133572,0.2941176470588235,0.0183360073344029,0.0,0.0,36.91570366105042,0.0213535293219835,0.0317769130998702,-40.70403658152002,814000000.0,-2996000000.0,-10332000000.0,21014000000.0,4101000000.0,1783500000.0,1171000000.0,40.75063030025212,22.096398740243732,15.318362316856089,2.2085547962541128,4.073061907417736,5.875301689460981,0.0394239279105318,0.5045726900031536,2009-10-21,1.18,bmo,6482236842.0,2025-04-20,2009-09-30,0.288135593220339,43.249375,2705374.9375
2009-06-30,NOC,USD,1133421,2009-07-23,2009-07-23 08:07:31,2009,Q2,8957000000.0,7530000000.0,1427000000.0,0.1593167355,0,774000000.0,0.0,774000000.0,0.0,774000000.0,8304000000.0,0.0,70000000.0,0.0,653000000.0,0.0729038741,653000000.0,0.0729038741,-18000000.0,596000000.0,0.0665401362,202000000.0,394000000.0,0.0439879424,1.22,1.21,322000000,325800000,https://www.sec.gov/Archives/edgar/data/1133421/000095012309024563/0000950123-09-024563-index.htm,https://www.sec.gov/Archives/edgar/data/1133421/000095012309024563/v52989e10vq.htm,27.816770186335404,1.2236024844720497,2.577639751552795,2.099378881987578,3.279503105590062,37.85403726708075,-10.161490683229813,37.85403726708075,12.229813664596271,13343680000.0,16155680000.0,8.466802030456853,1.4897487998213688,16.076722891566263,19.73917159763313,1.0947313151201905,1.0947313151201905,1.8036932008484985,24.74070444104135,19.464674698795186,23.8989349112426,0.0295270869805031,0.05066068730665,0.3173353023217655,0.1283003847684755,4.3062787136294025,1.0017948363937594,9.32857142857143,2.1065989847715736,0.0103419746276889,0.350253807106599,0.0864128614491459,0.0,0.5128366724160807,0.1855421686746988,0.0171932566707603,0.0,0.0,32.28252803087446,0.0184282265978096,0.0268264451555797,-40.88586956521739,13000000.0,-3272000000.0,-10703000000.0,20252000000.0,4333500000.0,1849000000.0,1138500000.0,42.71407837445573,21.203187250996013,13.135458167330675,2.1070336391437308,4.244644870349493,6.851683348498635,0.0323242267618344,0.4782608695652174,2009-07-23,1.29,bmo,9109958677.0,2025-04-20,2009-06-30,-0.062015503875969,43.19904761904762,2912968.111111111
2009-03-31,NOC,USD,1133421,2009-04-22,2009-04-22 11:33:31,2009,Q1,8320000000.0,6916000000.0,1404000000.0,0.16875,0,749000000.0,0.0,749000000.0,0.0,749000000.0,7665000000.0,0.0,73000000.0,137000000.0,801000000.0,0.0962740385,655000000.0,0.0787259615,-29000000.0,590000000.0,0.0709134615,201000000.0,389000000.0,0.0467548077,1.19,1.17,326900000,332100000,https://www.sec.gov/Archives/edgar/data/1133421/000095013409008088/0000950134-09-008088-index.htm,https://www.sec.gov/Archives/edgar/data/1133421/000095013409008088/v51970e10vq.htm,25.451208320587337,1.1899663505659224,-0.5261547873967575,-1.0767818904863873,2.6980728051391862,36.882838788620376,-10.364025695931478,36.882838788620376,12.278984398898746,12941971000.000002,16000971000.000002,8.31746208226221,1.5555253605769233,-75.24401744186046,-36.76696306818182,1.0733989383760472,1.0733989383760472,1.9231936298076928,19.976243445692887,-93.0289011627907,-45.45730397727273,0.0300572455308391,-0.0271983301461577,0.3268640623704072,0.1307477937761263,3.8189762796504367,0.9657744040484753,8.972602739726028,-0.442159383033419,0.0101221058214394,0.3367609254498714,0.0900240384615384,0.0,0.5124079357706854,-1.0465116279069768,0.0216346153846153,1.313868613138686,0.0042067307692307,31.42467317436462,0.0185968448972263,0.026467986663945,-40.69134291832365,-257000000.0,-3388000000.0,-10833000000.0,19965000000.0,4058500000.0,1905500000.0,1090500000.0,47.76923076923077,25.03759398496241,15.329670329670328,1.884057971014493,3.5945945945945947,5.870967741935484,0.0322634154433109,0.5506271030896298,2009-04-22,1.08,bmo,7324615384.0,2025-04-20,2009-03-31,0.0833333333333331,39.5516393442623,3350053.950819672
2008-12-31,NOC,USD,1133421,2009-02-10,2009-02-10 06:01:46,2008,Q4,9154000000.0,7326000000.0,1828000000.0,0.1996941228,576000000,920000000.0,0.0,920000000.0,3060000000.0,3980000000.0,11306000000.0,0.0,0.0,197000000.0,-1955000000.0,-0.2135678392,-2152000000.0,-0.2350884859,-106000000.0,-2258000000.0,-0.2466681232,278000000.0,-2533000000.0,-0.2767096351,-7.75,-7.75,326700000,326900000,https://www.sec.gov/Archives/edgar/data/1133421/000095013409002265/0000950134-09-002265-index.htm,https://www.sec.gov/Archives/edgar/data/1133421/000095013409002265/v51127e10vk.htm,28.01958983777165,-7.753290480563208,3.1741659014386285,2.4487297214569943,4.603611876339149,36.48607284970922,-10.850933578206304,36.48607284970922,12.07223752678298,13348962000.0,15788962000.0,-1.317505132254244,1.4582654577233995,12.872673095467697,16.6862025,1.1198793624161072,1.1198793624161072,1.7248155997378196,-8.076195396419438,15.225614271938284,19.7362025,-0.1897525815115812,0.0599297533396229,0.3308724832214765,0.1306090008941285,-1.248081841432225,0.9683459051724138,0.0,-0.4093959731543624,0.0097385849176887,-0.0513225424397947,0.100502512562814,0.0629233122132401,0.5121369672484022,0.2285438765670202,0.0258903211710727,1.2030456852791878,0.0128905396547957,,-0.1038476202132518,-0.1719386369807222,-41.309305172941535,-235000000.0,-3545000000.0,-11088000000.0,20040000000.0,3829000000.0,1853500000.0,1075000000.0,36.38737164081276,23.181818181818183,12.32186732186732,2.473385571467171,3.882352941176471,7.304087736789631,-0.2125,0.7254361799816346,2009-02-03,1.55,bmo,9037388535.0,2025-04-20,2008-12-31,0.0129032258064516,39.63890625,3519256.65625
2008-09-30,NOC,USD,1133421,2008-10-22,2008-10-22 12:31:40,2008,Q3,8381000000.0,6825000000.0,1556000000.0,0.185658036,0,785000000.0,0.0,785000000.0,0.0,785000000.0,7610000000.0,0.0,0.0,184000000.0,771000000.0,0.0919937955,771000000.0,0.0919937955,-29000000.0,742000000.0,0.0885335879,233000000.0,512000000.0,0.061090562,1.53,1.51,334200000,340100000,https://www.sec.gov/Archives/edgar/data/1133421/000095013408018267/0000950134-08-018267-index.htm,https://www.sec.gov/Archives/edgar/data/1133421/000095013408018267/v50087e10vq.htm,25.077797725912628,1.5320167564332734,4.108318372232196,3.608617594254937,3.0400957510472773,52.55236385397965,-2.621184919210054,52.55236385397965,11.80131657690006,18354264000.0,21282264000.0,8.962042968750001,2.189984965994511,13.368000000000002,15.219124378109452,1.0450528952912377,1.0450528952912377,2.539346617348765,27.603455252918287,15.500556445739257,17.646985074626865,0.0278954252810137,0.0657068025173877,0.2245630017650743,0.1186022734107175,3.7976653696498057,1.028919553728714,0.0,2.681640625,0.0073007558352653,0.26171875,0.0936642405440878,0.0,0.5544896854513742,0.12163146394756,0.0199260231475957,0.907608695652174,0.0,42.56171748561951,0.0199259138378218,0.0345595680053999,-33.31463195691203,197000000.0,-876000000.0,-8682000000.0,23311000000.0,4141000000.0,2686000000.0,1118000000.0,42.49254265600763,24.0,15.125274725274728,2.1180187010361387,3.75,5.950305143853531,0.0291521949553037,0.4997007779772591,2008-10-22,1.41,bmo,7878140000.0,2025-04-20,2008-09-30,0.0638297872340426,61.14296875,2716614.234375
2008-06-30,NOC,USD,1133421,2008-07-29,2008-07-29 12:12:24,2008,Q2,8628000000.0,7025000000.0,1603000000.0,0.1857904497,0,797000000.0,0.0,797000000.0,0.0,797000000.0,7822000000.0,0.0,0.0,185000000.0,806000000.0,0.0934167826,806000000.0,0.0934167826,-67000000.0,739000000.0,0.0856513676,256000000.0,495000000.0,0.0573713491,1.46,1.44,339000000,344100000,https://www.sec.gov/Archives/edgar/data/1133421/000095013708009784/0000950137-08-009784-index.htm,https://www.sec.gov/Archives/edgar/data/1133421/000095013708009784/v42160e10vq.htm,25.45132743362832,1.4601769911504423,1.7905604719764012,1.4985250737463127,1.7138643067846608,52.69321533923304,-2.109144542772861,52.69321533923304,11.62536873156342,20573910000.0,23933910000.0,10.390863636363637,2.384551460361614,33.894415156507414,40.49982283464567,1.1517611823321952,1.1517611823321952,2.773981223922114,29.69467741935484,39.4298352553542,47.11399606299213,0.024059597811014,0.0246914660363538,0.2206236354475731,0.1177577912570592,4.168734491315137,1.0763161887422243,0.0,1.2262626262626262,0.0065617084939129,0.2727272727272727,0.0923736671302735,0.0,0.555113992888517,0.1630971993410214,0.0114742698191933,0.5351351351351351,0.0,41.60747485887459,0.0195302805436619,0.0332460205520854,-33.14085545722714,503000000.0,-715000000.0,-8510000000.0,23732000000.0,4341500000.0,2679000000.0,1110500000.0,45.11474269819193,45.50604982206406,13.951601423487546,1.994913294797688,1.977759009009009,6.450872359963269,0.0277109108212506,0.2920353982300885,2008-07-29,1.4,bmo,8628000000.0,2025-04-20,2008-06-30,0.0,66.75625,2276061.828125
2008-03-31,NOC,USD,1133421,2008-04-24,2008-04-24 11:33:44,2008,Q1,7724000000.0,6522000000.0,1202000000.0,0.1556188503,0,738000000.0,0.0,738000000.0,0.0,738000000.0,7260000000.0,0.0,0.0,195000000.0,464000000.0,0.0600725013,464000000.0,0.0600725013,-55000000.0,409000000.0,0.0529518384,146000000.0,264000000.0,0.0341791818,0.78,0.76,338800000,349300000,https://www.sec.gov/Archives/edgar/data/1133421/000095012408001976/0000950124-08-001976-index.htm,https://www.sec.gov/Archives/edgar/data/1133421/000095012408001976/v39968e10vq.htm,22.798110979929163,0.7792207792207793,0.5726092089728453,0.0472255017709563,1.2662337662337662,51.95100354191264,-3.066706021251476,51.95100354191264,12.0926800472255,23915892000.0,27583892000.0,22.647625,3.096309166235111,123.277793814433,1494.74325,1.3587802965740583,1.3587802965740583,3.571192646297255,59.44804310344828,142.18501030927834,1723.99325,0.0110386850718342,0.0006690112164748,0.2327708652917448,0.1227565543071161,7.905172413793103,1.031468012468458,0.0,0.7348484848484849,0.005268463329739,0.4772727272727273,0.0955463490419471,0.0,0.5585018726591761,0.9175257731958762,0.023045054375971,0.9128205128205128,-0.0056965302951838,30.179948357770417,0.011130180481451,0.0179165252799457,-33.97432113341204,212000000.0,-1039000000.0,-8825000000.0,23497000000.0,4074000000.0,1848000000.0,1088500000.0,50.77938891765924,24.921803127874885,15.62097516099356,1.7723726480036714,3.611295681063123,5.761484098939929,0.0149991477756945,0.525383707201889,2008-04-24,0.63,bmo,6402789473.0,2025-04-20,2008-03-31,0.2063492063492063,71.86868852459015,2450949.3278688523
2007-12-31,NOC,USD,1133421,2008-02-20,2008-02-20 14:36:35,2007,Q4,8824000000.0,7182000000.0,1642000000.0,0.1860834089,0,882000000.0,0.0,882000000.0,0.0,882000000.0,8064000000.0,0.0,0.0,205000000.0,965000000.0,0.1093608341,760000000.0,0.0861287398,-61000000.0,699000000.0,0.0792157752,242000000.0,454000000.0,0.0514505893,1.34,1.34,338100000,338800000,https://www.sec.gov/Archives/edgar/data/1133421/000095012408000713/0000950124-08-000713-index.htm,https://www.sec.gov/Archives/edgar/data/1133421/000095012408000713/v37202e10vk.htm,26.098787341023368,1.3427979887607218,2.170955338657202,1.419698314108252,2.8482697426796806,52.31292517006803,-3.1322094055013308,52.31292517006803,11.99349304939367,24120054000.0,27212054000.0,13.281968061674007,2.733460335448776,32.86110899182562,50.2501125,1.3637165149544863,1.3637165149544863,3.0838683136899365,28.19901968911917,37.07364305177112,56.69177916666667,0.018822511757229,0.0199004529591849,0.229264431503364,0.121505408563809,3.204145077720207,1.052860696517413,0.0,1.6167400881057268,0.005223868901786,0.2775330396475771,0.0999546690843155,0.0,0.5617115632397447,0.3460490463215259,0.0287851314596554,1.2390243902439024,-0.0058930190389845,39.75585542850944,0.0183499984836895,0.0310384904628426,-33.59361135758651,340000000.0,-1059000000.0,-8914000000.0,23801000000.0,3728000000.0,1715000000.0,1073500000.0,38.65593834995467,23.68421052631579,13.095238095238097,2.328232189973615,3.8,6.872727272727273,0.0256685701362582,0.75125702454895,2008-01-24,1.31,bmo,8698598484.0,2025-04-20,2007-12-31,0.0076335877862595,73.031875,1990733.015625
2007-09-30,NOC,USD,1133421,2007-10-24,2007-10-24 12:16:12,2007,Q3,7928000000.0,6330000000.0,1598000000.0,0.2015640767,0,791000000.0,0.0,791000000.0,0.0,791000000.0,7121000000.0,0.0,0.0,175000000.0,989000000.0,0.1247477296,807000000.0,0.1017911201,-77000000.0,731000000.0,0.0922048436,241000000.0,489000000.0,0.0616801211,1.44,1.41,340200000,352600000,https://www.sec.gov/Archives/edgar/data/1133421/000095013407021833/0000950134-07-021833-index.htm,https://www.sec.gov/Archives/edgar/data/1133421/000095013407021833/v34614e10vq.htm,23.303938859494416,1.437389770723104,2.983539094650206,2.827748383303939,2.0958259847148737,49.2798353909465,-5.88477366255144,49.2798353909465,11.866549088771311,24610068000.0,27934068000.0,12.58183435582822,3.104196266397578,24.246372413793104,25.582191268191263,1.4679432150313154,1.4679432150313154,3.523469727547931,28.244760364004044,27.521249261083742,29.03749272349272,0.0198699166536232,0.039089692885042,0.2407992842230838,0.125283182819725,3.360970677451972,1.040967741935484,0.0,2.0756646216768915,0.0050385882720844,0.2535787321063394,0.0997729566094853,0.0,0.5824100797566956,0.0522167487684729,0.0066851664984863,0.3028571428571429,0.0,39.92207978189463,0.0206672236742072,0.0363406658739595,-33.64050558495003,254000000.0,-2002000000.0,-9004000000.0,23560000000.0,3675500000.0,1523000000.0,1129500000.0,41.61705348133199,21.8957345971564,15.668246445497632,2.1625750136388437,4.1103896103896105,5.7441016333938295,0.0291679093349239,0.1557907113462669,2007-10-24,1.27,bmo,7089482269.0,2025-04-20,2007-09-30,0.1102362204724408,70.62079365079364,1918444.142857143
2007-06-30,NOC,USD,1133421,2007-07-24,2007-07-24 08:10:53,2007,Q2,7929000000.0,6361000000.0,1568000000.0,0.1977550763,0,824000000.0,0.0,824000000.0,0.0,824000000.0,7185000000.0,0.0,0.0,173000000.0,936000000.0,0.1180476731,744000000.0,0.0938327658,-73000000.0,652000000.0,0.0822297894,192000000.0,460000000.0,0.0580148821,1.34,1.31,343300000,355300000,https://www.sec.gov/Archives/edgar/data/1133421/000095013407015705/0000950134-07-015705-index.htm,https://www.sec.gov/Archives/edgar/data/1133421/000095013407015705/v32057e10vq.htm,23.09641712787649,1.33993591610836,2.1584619866006407,1.605010195164579,1.5176230702009903,48.878531896300615,-5.819982522575008,48.878531896300615,11.791436061753569,24250712000.0,27777712000.0,13.179734782608696,3.058483036952957,32.72700674763833,44.01218148820327,1.4452152562574492,1.4452152562574492,3.5033058393240006,29.677042735042736,37.48679082321188,50.41327041742287,0.018968515233697,0.0227209823777545,0.2412395709177592,0.1263894092668914,3.768162393162393,1.0227049983665468,0.0,1.6108695652173912,0.0054843750566993,0.2891304347826087,0.1039223105057384,0.0,0.5862994879480454,0.2564102564102564,0.0239626686845756,1.0982658959537572,0.0,38.38772276817522,0.0201276113140888,0.0347169811320754,-33.16268569764055,139000000.0,-1998000000.0,-8987000000.0,23456000000.0,3717000000.0,1476000000.0,1176000000.0,41.827468785471055,21.3079704448986,16.37006759943405,2.1516960651289008,4.223771580345286,5.497839239412273,0.0274135876042908,0.5534517914360617,2007-07-24,1.24,bmo,7457038167.0,2025-04-20,2007-06-30,0.0564516129032258,68.64190476190475,1613496.7777777778
2007-03-31,NOC,USD,1133421,2007-04-24,2007-04-24 09:07:40,2007,Q1,7344000000.0,5948000000.0,1396000000.0,0.190087146,0,715000000.0,0.0,715000000.0,0.0,715000000.0,6663000000.0,0.0,0.0,166000000.0,856000000.0,0.1165577342,681000000.0,0.0927287582,-90000000.0,590000000.0,0.0803376906,203000000.0,387000000.0,0.0526960784,1.12,1.1,345300000,358300000,https://www.sec.gov/Archives/edgar/data/1133421/000095013407008861/0000950134-07-008861-index.htm,https://www.sec.gov/Archives/edgar/data/1133421/000095013407008861/v29442e10vq.htm,21.26846220677671,1.1207645525629888,1.1584129742253113,0.613958876339415,1.048363741673907,47.33275412684622,-7.237185056472632,47.33275412684622,12.719374456993918,23249049000.0,27279049000.0,15.018765503875969,3.165720179738562,58.1226225,109.66532547169813,1.422482195301028,1.422482195301028,3.7144674564270153,31.868047897196263,68.1976225,128.6747594339623,0.0166458421589631,0.0091186525521968,0.2687224669603524,0.1370572632235918,4.707943925233645,0.949678800856531,0.0,1.0335917312661498,0.0052045139566784,0.3126614987080103,0.0973583877995642,0.0,0.5880168513028554,0.47,0.025599128540305,1.1325301204819278,-0.0070806100217864,34.5485114369975,0.0172420515887009,0.0293137403423723,-34.54894294816102,-329000000.0,-2499000000.0,-9492000000.0,23058000000.0,3655500000.0,1564000000.0,1186500000.0,45.9436274509804,21.87962340282448,18.08170813718897,1.958922379301147,4.1134163208852,4.977405857740586,0.0236784140969163,0.5444540978858963,2007-04-24,1.14,bmo,7579963636.0,2025-04-20,2007-03-31,-0.0350877192982454,65.62852459016393,1770397.3278688523
2006-12-31,NOC,USD,1133421,2007-02-21,2007-02-21 16:51:52,2006,Q4,8021000000.0,6593000000.0,1428000000.0,0.1780326643,0,806000000.0,0.0,806000000.0,0.0,806000000.0,7399000000.0,0.0,0.0,183000000.0,805000000.0,0.1003615509,622000000.0,0.0775464406,65000000.0,687000000.0,0.0856501683,230000000.0,453000000.0,0.0564767485,1.31,1.31,345300000,345300000,https://www.sec.gov/Archives/edgar/data/1133421/000095012407000990/0000950124-07-000990-index.htm,https://www.sec.gov/Archives/edgar/data/1133421/000095012407000990/v27342e10vk.htm,23.22907616565305,1.3119026933101652,0.7848247900376484,0.0781928757602085,2.9394729220967277,48.11757891688387,-5.0477845351867945,48.11757891688387,12.053286996814364,21208326000.0,24355326000.0,11.70437417218543,2.6440999875327265,78.25950553505535,785.4935555555555,1.2764565753836894,1.2764565753836894,3.036445081660641,30.25506335403727,89.8720516605166,902.0491111111112,0.0213595358728454,0.0012730849195735,0.2504965392717424,0.1300259302071292,3.909316770186336,0.9949652006515622,0.0,0.6273148148148148,0.0049037345050241,0.2295805739514348,0.1004862236628849,0.0,0.5735261957574432,0.9003690036900369,0.0304201471138262,1.3333333333333333,0.0229397830694427,37.68720712621258,0.0162731566479818,0.0331843820965497,-32.19953663481031,-34000000.0,-1743000000.0,-8675000000.0,22855000000.0,3626000000.0,1588000000.0,1226500000.0,39.96758508914101,22.9607159108145,16.0806916426513,2.2518248175182483,3.91973840665874,5.596774193548387,0.0272645200120373,0.7066319142774399,2007-01-25,1.26,bmo,7826651162.0,2025-04-20,2006-12-31,0.0238095238095238,61.12,1697393.7777777778
2006-09-30,NOC,USD,1133421,2006-10-24,2006-10-24 08:11:18,2006,Q3,7433000000.0,6100000000.0,1333000000.0,0.1793353962,0,787000000.0,0.0,787000000.0,0.0,787000000.0,6887000000.0,0.0,0.0,165000000.0,714000000.0,0.0960581192,546000000.0,0.0734562088,-72000000.0,474000000.0,0.0637696758,168000000.0,302000000.0,0.0406296246,0.88,0.86,344700000,351000000,https://www.sec.gov/Archives/edgar/data/1133421/000095012406006071/0000950124-06-006071-index.htm,https://www.sec.gov/Archives/edgar/data/1133421/000095012406006071/v24354e10vq.htm,21.563678561067597,0.8761241659413983,2.790832608064984,2.30055120394546,4.244270380040615,50.27560197272991,-3.3768494342906874,50.27560197272991,13.47838700319118,21285225000.0,24468225000.0,17.620219370860926,2.8636115969325977,22.126013513513517,26.84139344262295,1.228229948066936,1.228229948066936,3.29183707789587,34.26922268907563,25.434745322245323,30.85526481715006,0.0141882456022898,0.0372558899424365,0.2680900173110213,0.1364263691087946,4.457983193277311,1.0279121182810558,0.0,3.1437908496732025,0.0048860183531064,0.3443708609271523,0.105879187407507,0.0,0.5430626927029805,0.1756756756756756,0.0227364455805193,1.0242424242424242,0.0,31.4813051115276,0.0127396636062681,0.0194074930917036,-34.39802727008993,202000000.0,-1164000000.0,-9286000000.0,23133000000.0,3798500000.0,1473000000.0,1285500000.0,44.67913359343468,22.042622950819677,18.811475409836067,2.0143631436314364,4.0829986613119145,4.784313725490196,0.0174264281592613,0.4902814041195242,2006-10-24,1.07,bmo,9136816091.0,2025-04-20,2006-09-30,-0.1869158878504673,60.001428571428576,1154520.7936507936
2006-06-30,NOC,USD,1133421,2006-07-27,2006-07-27 08:11:24,2006,Q2,7601000000.0,6155000000.0,1446000000.0,0.1902381266,0,764000000.0,0.0,764000000.0,0.0,764000000.0,6919000000.0,0.0,0.0,170000000.0,852000000.0,0.1120905144,682000000.0,0.0897250362,-93000000.0,589000000.0,0.077489804,147000000.0,430000000.0,0.0565715037,1.25,1.23,344000000,350100000,https://www.sec.gov/Archives/edgar/data/1133421/000119312506154359/0001193125-06-154359-index.htm,https://www.sec.gov/Archives/edgar/data/1133421/000119312506154359/d10q.htm,22.09593023255814,1.25,1.8546511627906976,1.4156976744186047,2.183139534883721,49.55232558139535,-4.459302325581396,49.55232558139535,13.473837209302326,19989840000.0,23873840000.0,11.622,2.6298960663070647,31.33203761755486,41.04689938398357,1.1726997536078845,1.1726997536078845,3.140881462965399,28.02093896713615,37.4198119122257,49.02225872689938,0.021510927551196,0.0243623760870522,0.2719112988384372,0.1376351110583204,4.55868544600939,0.9869711403754552,0.0,1.4272930648769575,0.0051025921167953,0.2372093023255814,0.1005130903828443,0.0,0.5517282337569782,0.2366771159874608,0.0198658071306407,0.888235294117647,0.0,37.33174462808755,0.0187112267360416,0.0284843667196608,-35.75799418604651,-93000000.0,-1534000000.0,-9585000000.0,22890000000.0,4025500000.0,1473500000.0,1295000000.0,46.26101828706749,21.23151909017059,18.950446791226643,1.9454824673662656,4.238980716253444,4.749228395061729,0.0252258594391646,0.438953488372093,2006-07-27,1.08,bmo,6495428571.0,2025-04-20,2006-06-30,0.1666666666666666,60.07888888888888,1660617.2063492064
2006-03-31,NOC,USD,1133421,2006-04-25,2006-04-25 12:06:50,2006,Q1,7184000000.0,5894000000.0,1290000000.0,0.1795657016,0,695000000.0,0.0,695000000.0,0.0,695000000.0,6589000000.0,0.0,0.0,173000000.0,777000000.0,0.1081570156,595000000.0,0.0828229399,-69000000.0,517000000.0,0.0719654788,160000000.0,358000000.0,0.0498329621,1.04,1.02,343300000,350800000,https://www.sec.gov/Archives/edgar/data/1133421/000119312506087601/0001193125-06-087601-index.htm,https://www.sec.gov/Archives/edgar/data/1133421/000119312506087601/d10q.htm,20.92630352461404,1.0428196912321586,-0.33498397902709,-0.8389163996504515,1.0865132537139528,48.40955432566268,-5.811243810078649,48.40955432566268,13.731430235945238,21267435000.0,25608435000.0,14.851560754189943,2.960389059020045,-184.9342173913044,-73.84526041666666,1.279706059329683,1.279706059329683,3.5646485244988866,32.958088803088806,-222.68204347826088,-88.91817708333333,0.0168332476389371,-0.0135418305028321,0.2836512425537036,0.1406450457976549,5.586872586872587,0.9333242432506136,0.0,-0.3221288515406162,0.004325862521738,0.2569832402234637,0.0967427616926503,0.0,0.5553599665841215,-1.5043478260869565,0.0240812917594654,1.0,0.0054287305122494,33.70244532860953,0.0152029874194142,0.0240220089914782,-37.19778619283426,-489000000.0,-1995000000.0,-10053000000.0,22529000000.0,3848500000.0,1542000000.0,1234000000.0,51.915367483296215,22.82829996606719,19.75907702748557,1.7335907335907337,3.94247491638796,4.5548686244204015,0.0215416090017449,0.5039324206233615,2006-04-25,0.99,bmo,6884382352.0,2025-04-20,2006-03-31,0.0303030303030303,58.54,1745061.4032258063
2005-12-31,NOC,USD,1133421,2006-02-17,2006-02-17 14:26:05,2005,Q4,7860000000.0,6421000000.0,1439000000.0,0.1830788804,0,905000000.0,0.0,905000000.0,0.0,905000000.0,7326000000.0,0.0,0.0,212000000.0,746000000.0,0.0949109415,534000000.0,0.0679389313,-75000000.0,459000000.0,0.0583969466,128000000.0,331000000.0,0.0421119593,0.96,0.96,343300000,343300000,https://www.sec.gov/Archives/edgar/data/1133421/000119312506034521/0001193125-06-034521-index.htm,https://www.sec.gov/Archives/edgar/data/1133421/000119312506034521/d10k.htm,22.89542674046024,0.9641712787649286,1.9225167491989512,1.0340809787357996,4.675211185551995,49.01835129624235,-5.324788814448005,49.01835129624235,14.986891931255462,18720149000.0,22260149000.0,14.139085347432026,2.3816983460559795,28.36386212121212,52.73281408450704,1.1124405158069886,1.1124405158069886,2.8320800254452925,29.8393418230563,33.72749848484848,62.704645070422536,0.0176814831975963,0.0189635242753676,0.3057404326123128,0.1503770386391535,4.745308310991957,0.9467017807875596,0.0,1.9939577039274925,0.0048610724198829,0.2749244712990936,0.1151399491094147,0.0,0.5452738644999123,0.4621212121212121,0.0388040712468193,1.4386792452830188,0.021882951653944,32.60976763449175,0.0140010532039071,0.0212752281784291,-36.496504515001455,-425000000.0,-1828000000.0,-9837000000.0,22635000000.0,3536000000.0,1585000000.0,1218000000.0,40.68320610687023,22.272231739604425,16.455380781809687,2.2122150295524907,4.040906230333543,5.469335604770017,0.0196695982885666,0.8884357704631518,2006-01-24,0.83,bmo,6916967391.0,2025-04-20,2005-12-31,0.1084337349397591,50.89555555555555,1742018.825396825
2005-09-30,NOC,USD,1133421,2005-10-25,2005-10-25 08:15:37,2005,Q3,7446000000.0,6332000000.0,1114000000.0,0.1496105291,0,681000000.0,0.0,681000000.0,0.0,681000000.0,7013000000.0,0.0,0.0,188000000.0,626000000.0,0.084071985,433000000.0,0.0581520279,147000000.0,435000000.0,0.0584206285,147000000.0,293000000.0,0.0393499866,0.82,0.81,356200000,362200000,https://www.sec.gov/Archives/edgar/data/1133421/000119312505207394/0001193125-05-207394-index.htm,https://www.sec.gov/Archives/edgar/data/1133421/000119312505207394/d10q.htm,20.90398652442448,0.8225715889949466,2.501403705783268,2.0157215047726,4.80628860190904,47.5828186412128,-5.016844469399214,47.5828186412128,14.45816956765862,17564222000.0,21002222000.0,14.986537542662116,2.358880204136449,19.712931537598205,24.462704735376043,1.0362984246858222,1.0362984246858222,2.820604619930164,33.54987539936102,23.571517396184063,29.25100557103064,0.0166816383896764,0.0408785541426201,0.303852734674612,0.1521373076127736,5.492012779552716,1.0719068413391557,0.0,3.09375,0.0052379205865195,0.3139931740614334,0.0914585012087026,0.0,0.5534843874627042,0.1941638608305275,0.0232339511146924,0.9202127659574468,0.0,29.675851826318613,0.0104011269889327,0.0193847171683757,-33.463644020213366,494000000.0,-1787000000.0,-9538000000.0,23420000000.0,3530500000.0,1566500000.0,1223500000.0,42.53424657534247,22.471572962728995,17.937460518003792,2.1159420289855078,4.0050600885515495,5.01743264659271,0.0172871555844002,0.4856822010106681,2005-10-25,0.69,bmo,6288487499.0,2025-04-20,2005-09-30,0.1594202898550726,50.4284375,1517724.34375
2005-06-30,NOC,USD,1133421,2005-07-28,2005-07-28 12:07:40,2005,Q2,7962000000.0,6641000000.0,1321000000.0,0.1659130872,0,705000000.0,0.0,705000000.0,0.0,705000000.0,7346000000.0,0.0,0.0,182000000.0,803000000.0,0.1008540568,616000000.0,0.0773674956,-57000000.0,554000000.0,0.0695805074,188000000.0,367000000.0,0.0460939462,1.02,1.0,358500000,365200000,https://www.sec.gov/Archives/edgar/data/1133421/000119312505151000/0001193125-05-151000-index.htm,https://www.sec.gov/Archives/edgar/data/1133421/000119312505151000/d10q.htm,22.209205020920503,1.02370990237099,2.2677824267782425,1.8521617852161785,3.3891213389121337,47.02370990237099,-5.366806136680614,47.02370990237099,14.393305439330543,17968020000.0,21913020000.0,12.239795640326976,2.2567219291635268,22.10088560885609,27.060271084337348,1.0658452960018985,1.0658452960018985,2.7522004521477017,27.288941469489416,26.95328413284133,33.00153614457831,0.020425177621129,0.0369545447968112,0.3060861312136671,0.1542785385397357,4.912826899128269,1.05550472705093,0.0,2.221311475409836,0.0052315168838859,0.2561307901907357,0.0885455915599095,0.0,0.5615619207080069,0.1832718327183271,0.0187138909821652,0.8186813186813187,0.0,32.910778525412525,0.0148163355593499,0.0250272776868521,-33.818688981868895,364000000.0,-1924000000.0,-9666000000.0,23350000000.0,3576500000.0,1550500000.0,1195000000.0,40.03767897513188,21.032976961301006,16.05932841439542,2.2478825522303785,4.278994845360825,5.604219409282701,0.0217700794874836,0.4156206415620641,2005-07-28,0.88,bmo,6870160000.0,2025-04-20,2005-06-30,0.1363636363636363,50.1025,1451177.703125
2005-03-31,NOC,USD,1133421,2005-04-28,2005-04-28 12:05:18,2005,Q1,7453000000.0,6196000000.0,1257000000.0,0.1686569167,0,662000000.0,0.0,662000000.0,0.0,662000000.0,6858000000.0,0.0,0.0,173000000.0,768000000.0,0.1030457534,595000000.0,0.079833624,198000000.0,596000000.0,0.0799677982,198000000.0,409000000.0,0.0548772306,1.13,1.11,360700000,367000000,https://www.sec.gov/Archives/edgar/data/1133421/000119312505088000/0001193125-05-088000-index.htm,https://www.sec.gov/Archives/edgar/data/1133421/000119312505088000/d10q.htm,20.662600499029665,1.1339062933185473,0.7291377876351539,0.1829775436650956,2.173551427779318,46.22400887163848,-14.16135292486831,46.22400887163848,14.31660659828112,17663479000.0,22043479000.0,10.796747555012224,2.3699824231852946,67.16151711026616,267.6284696969697,1.0594061656570504,1.0594061656570504,2.9576652354756474,28.702446614583337,83.81550950570342,333.99210606060603,0.0231551213665212,0.0037365232522992,0.3097223055239009,0.1555609109531268,5.703125,1.0160667387610072,0.0,0.6608040201005025,0.0046423470710384,0.2004889975550122,0.0888232926338387,0.0,0.6561332690685625,0.7490494296577946,0.0264323091372601,1.138728323699422,0.0,34.3410560065379,0.0145954602639349,0.0358300481822163,-34.45591904629887,104000000.0,-5108000000.0,-9946000000.0,26089000000.0,3578500000.0,1649500000.0,1133000000.0,43.605259626995846,22.5,17.50322788896062,2.0639711991138188,4.0,5.141908713692946,0.0245306783422299,0.5461602439700582,2005-04-28,0.91,bmo,6152611111.0,2025-04-20,2005-03-31,0.1868131868131868,48.03540983606557,1820256.7213114756
2004-12-31,NOC,USD,1133421,2005-03-04,2005-03-03 18:11:50,2004,Q4,7846000000.0,6558000000.0,1288000000.0,0.1641600816,0,751000000.0,0.0,751000000.0,-35000000.0,716000000.0,7274000000.0,0.0,0.0,185000000.0,757000000.0,0.096482284,572000000.0,0.0729033903,-150000000.0,422000000.0,0.0537853683,150000000.0,272000000.0,0.0346673464,0.75,0.75,360700000,360700000,https://www.sec.gov/Archives/edgar/data/1133421/000119312505041833/0001193125-05-041833-index.htm,https://www.sec.gov/Archives/edgar/data/1133421/000119312505041833/d10k.htm,21.75214859994455,0.7540892708622123,0.8982533961741059,0.2107014139173828,3.410036041031328,46.29886332131966,-5.431106182423067,46.29886332131966,14.299972276129749,17786117000.0,21714117000.0,16.34753400735294,2.2669024980881978,54.895422839506175,234.0278552631579,1.0650369461077844,1.0650369461077844,2.7675397654855978,28.684434610303832,67.01887962962962,285.7120657894737,0.0152928264218659,0.0042729956178743,0.3088622754491018,0.154611672311981,5.1889035667107,1.1099148320745622,0.0,1.1911764705882353,0.0047790082568331,0.3125,0.0957175630894723,0.0,0.5593057762057493,0.7654320987654321,0.0316084629110374,1.3405405405405406,0.0196278358399184,28.027722202914944,0.0135644762492632,0.0185008842334376,-33.93678957582478,684000000.0,-1959000000.0,-9754000000.0,23553000000.0,3470000000.0,1713000000.0,1174000000.0,40.67550344124395,24.016468435498627,14.560841720036596,2.212633953750705,3.7474285714285713,6.180961357210179,0.0162874251497006,0.6875519822567231,2005-02-02,0.81,bmo,6993000000.0,2025-04-20,2004-12-31,0.0,49.32859375,1919163.5625
2004-09-30,NOC,USD,1133421,2004-10-27,2004-10-27 12:37:40,2004,Q3,7408000000.0,6227000000.0,1181000000.0,0.1594222462,0,643000000.0,0.0,643000000.0,0.0,643000000.0,6870000000.0,0.0,0.0,191000000.0,723000000.0,0.0975971922,538000000.0,0.0726241901,-96000000.0,442000000.0,0.0596652268,151000000.0,278000000.0,0.0375269978,0.78,0.76,357500000,364000000,https://www.sec.gov/Archives/edgar/data/1133421/000119312504179091/0001193125-04-179091-index.htm,https://www.sec.gov/Archives/edgar/data/1133421/000119312504179091/d10q.htm,20.72167832167832,0.7776223776223776,2.0671328671328677,1.627972027972028,2.377622377622377,44.94545454545455,-7.5748251748251745,44.92027972027972,16.151048951048953,17295850000.0,22219850000.0,15.553821942446044,2.334752969762419,23.404397834912043,29.71795532646048,1.07701911700604,1.07701911700604,2.9994397948164147,30.73284923928077,30.06745602165088,38.17843642611684,0.0160732198764443,0.0336496905327,0.3595491624634161,0.1722091323928539,6.810511756569848,0.947565543071161,0.0,2.4309210526315788,0.0047410216901742,0.2949640287769784,0.0867980561555075,0.0,0.5599928420173581,0.2124492557510149,0.0211933045356371,0.8219895287958116,0.0,28.0347611223957,0.0130040245212387,0.0188436250254185,-37.54405594405594,-364000000.0,-2708000000.0,-10883000000.0,22464000000.0,3440500000.0,1610000000.0,1253500000.0,41.233801295896335,24.223542636903804,18.60125260960334,2.1826753093694755,3.7153937947494033,4.838383838383838,0.017311165078772,0.4391608391608391,2004-10-27,0.77,bmo,7130199999.0,2025-04-20,2004-09-30,0.0389610389610389,47.66484375,1622363.203125
2004-06-30,NOC,USD,1133421,2004-07-29,2004-07-29 12:19:14,2004,Q2,7374000000.0,6282000000.0,1092000000.0,0.1480878763,0,609000000.0,0.0,609000000.0,0.0,609000000.0,6891000000.0,0.0,0.0,172000000.0,667000000.0,0.0904529428,483000000.0,0.0655004068,-83000000.0,390000000.0,0.0528885273,101000000.0,295000000.0,0.0400054245,0.83,0.82,359000000,363500000,https://www.sec.gov/Archives/edgar/data/1133421/000119312504126981/0001193125-04-126981-index.htm,https://www.sec.gov/Archives/edgar/data/1133421/000119312504126981/d10q.htm,20.540389972144848,0.8217270194986073,1.6991643454038998,1.3203342618384402,1.5571030640668524,44.63509749303621,-7.749303621169917,44.6016713091922,16.055710306406684,17490480000.0,22695480000.0,14.8224406779661,2.3719121236777867,28.67291803278688,36.89974683544304,1.0923357481888585,1.0923357481888585,3.077770545158665,34.02620689655173,37.20570491803279,47.88075949367089,0.0168663181342078,0.0271004569342865,0.3599800149887584,0.1729528610435982,7.80359820089955,0.9937655860349128,0.0,2.110726643598616,0.0047454386614889,0.2813559322033898,0.0825874694873881,0.0,0.5642872145707685,0.2229508196721311,0.0184431787360998,0.7906976744186046,0.0,28.716440668458173,0.0131061329457462,0.0203154052751187,-37.6566852367688,-40000000.0,-2782000000.0,-10927000000.0,22799000000.0,3456500000.0,1457000000.0,1269500000.0,42.55899104963385,22.120343839541547,17.478510028653297,2.114711786636077,4.068652849740933,5.149180327868852,0.0184236822383212,0.3788300835654596,2004-07-29,0.75,bmo,7058544303.0,2025-04-20,2004-06-30,0.0533333333333333,46.17177419354839,1648126.4032258063
2004-03-31,NOC,USD,1133421,2004-05-04,2004-05-04 12:09:25,2004,Q1,7105000000.0,6042000000.0,1063000000.0,0.1496129486,0,629000000.0,0.0,629000000.0,0.0,629000000.0,6671000000.0,0.0,0.0,169000000.0,611000000.0,0.0859957776,434000000.0,0.0610837438,-83000000.0,347000000.0,0.0488388459,119000000.0,232000000.0,0.0326530612,0.65,0.65,361300000,365200000,https://www.sec.gov/Archives/edgar/data/1133421/000119312504077599/0001193125-04-077599-index.htm,https://www.sec.gov/Archives/edgar/data/1133421/000119312504077599/d10q.htm,19.665098256296705,0.6421256573484638,0.7279269305286465,0.3653473567672294,1.2648768336562413,43.94132300027678,-8.605037365070578,43.90534182120122,16.501522280653198,16128432000.0,21633432000.0,17.379775862068968,2.270011541168192,61.324836501901146,122.1850909090909,1.0167327743806345,1.0167327743806345,3.044818015482055,35.40659901800327,82.25639543726236,163.88963636363636,0.014384535334867,0.0081843045870795,0.3758431570320872,0.1788027831094049,9.009819967266775,0.9443602183141298,0.0,1.1535087719298245,0.004464166138407,0.3103448275862069,0.0885292047853624,0.0,0.569367802303263,0.4980988593155893,0.0184377199155524,0.7751479289940828,0.0,25.186043670177263,0.0104310580558081,0.0161571140051535,-38.14558538610573,-367000000.0,-3109000000.0,-11239000000.0,22637000000.0,3326000000.0,1442000000.0,1233000000.0,43.39760731878958,20.40714995034757,19.64746772591857,2.0738470519556333,4.41021897810219,4.580742987111448,0.0146252285191956,0.3625795737614171,2004-05-04,0.61,bmo,6936571428.0,2025-04-20,2004-03-31,0.0327868852459016,44.97403225806451,1981938.1290322584
2003-12-31,NOC,USD,1133421,2004-03-10,2004-03-10 17:30:30,2003,Q4,7094000000.0,6094000000.0,1000000000.0,0.1409641951,0,612000000.0,0.0,612000000.0,0.0,612000000.0,6706000000.0,0.0,0.0,168000000.0,556000000.0,0.0783760925,388000000.0,0.0546941077,-94000000.0,294000000.0,0.0414434734,91000000.0,224000000.0,0.0315759797,0.62,0.62,361320000,361320000,https://www.sec.gov/Archives/edgar/data/1133421/000119312504038360/0001193125-04-038360-index.htm,https://www.sec.gov/Archives/edgar/data/1133421/000119312504038360/d10k.htm,19.63356581423669,0.6199490756116461,2.1393778368205467,1.306321266467397,0.9465293922284956,43.72301560943208,-8.980958706963357,43.68703642200819,16.27643086460755,15666835200.0,21205835200.0,17.485307142857145,2.208462813645334,20.267574644243208,33.19244745762712,0.9925141083306938,0.9925141083306938,2.9892634902734705,38.13999136690647,27.43316326002587,44.927616949152544,0.0142977185334789,0.0301273354812591,0.372568894520114,0.178163531158169,9.962230215827338,0.9031598805219304,0.0,3.8078817733990142,0.0046595243434998,0.3258928571428571,0.0862700873978009,0.0,0.5769032688054773,0.389391979301423,0.0424302227234282,1.7916666666666667,-0.0212855934592613,24.685706421648472,0.0098788584352211,0.0160389517399398,-38.40363113030001,-616000000.0,-3245000000.0,-11466000000.0,22463000000.0,3106500000.0,1431500000.0,1136000000.0,40.927544403721456,22.359698063669185,16.93961273383656,2.199008059516429,4.025099075297226,5.312990409764604,0.014190687361419,0.8330565703531496,2004-02-04,0.55,bmo,7021339285.0,2025-04-20,2003-12-31,0.0181818181818181,40.9290625,2075958.8125
2003-09-30,NOC,USD,1133421,2003-11-06,2003-11-06 06:07:45,2003,Q3,6619000000.0,5580000000.0,1039000000.0,0.1569723523,0,608000000.0,0.0,608000000.0,0.0,608000000.0,6188000000.0,0.0,0.0,163000000.0,567000000.0,0.0856624868,431000000.0,0.0651155764,-106000000.0,324000000.0,0.0489499924,100000000.0,184000000.0,0.0277987611,0.5,0.5,366000000,366000000,https://www.sec.gov/Archives/edgar/data/1133421/000119312503073876/0001193125-03-073876-index.htm,https://www.sec.gov/Archives/edgar/data/1133421/000119312503073876/d10q.htm,18.084699453551917,0.5027322404371585,1.092896174863388,0.6256830601092896,0.9808743169398908,40.40983606557377,-11.959016393442624,40.33606557377049,17.52185792349727,14314260000.0,20368260000.0,19.44872282608696,2.16260160145037,35.78565,62.50768558951965,0.9696037390774234,0.9696037390774234,3.0772412751170872,35.92285714285714,50.92065,88.94436681222707,0.0128543145087486,0.0159980327309969,0.4343968028178555,0.1905172157689908,10.677248677248675,0.9818116333513416,0.0,1.7857142857142858,0.0050998095605361,0.3967391304347826,0.0918567759480284,0.0,0.5694126734202787,0.4275,0.0258347182353829,1.049079754601227,0.0,21.36025313209654,0.0105463052538392,0.0126949082378915,-42.92144808743169,-101000000.0,-4377000000.0,-13419000000.0,22987000000.0,2983500000.0,1324500000.0,1175500000.0,40.61489651004683,21.758064516129032,18.14516129032258,2.2159357214596587,4.1363973313565605,4.96,0.0124635914109598,0.4672131147540984,2003-10-29,0.51,bmo,5571540983.0,2025-04-20,2003-09-30,0.1960784313725489,41.34859375,2457068.40625
2003-06-30,NOC,USD,1133421,2003-08-06,2003-08-06 12:00:48,2003,Q2,6627000000.0,5685000000.0,942000000.0,0.1421457673,0,551000000.0,0.0,551000000.0,0.0,551000000.0,6236000000.0,0.0,0.0,131000000.0,522000000.0,0.0787686736,391000000.0,0.0590010563,-91000000.0,300000000.0,0.0452693526,93000000.0,205000000.0,0.0309340576,0.55,0.54,365860000,368740000,https://www.sec.gov/Archives/edgar/data/1133421/000119312503029807/0001193125-03-029807-index.htm,https://www.sec.gov/Archives/edgar/data/1133421/000119312503029807/d10q.htm,18.113486032908764,0.560323621057235,2.014431749849669,1.6317717159569234,0.7325206363089707,40.16563712895643,-21.83075493358115,40.09730498004701,17.99048816487181,14319760400.0,20633760400.0,17.463122439024392,2.160820944620492,19.429797014925377,23.986198324958124,0.9761254533060668,0.9761254533060668,3.113589920024144,39.528276628352494,27.99696119402985,34.56241273031826,0.0143158819891986,0.0416906416953736,0.4486707566462167,0.1936565846769448,12.095785440613026,0.9860537190082644,0.0,5.7578125,0.0055866856543214,0.3902439024390244,0.0831447110306322,0.0,0.6673531834765212,0.1899592944369063,0.0211256979025199,1.068702290076336,0.0,22.483727676338848,0.0095164021164021,0.0181319653281443,-44.21636691630678,-81000000.0,-7987000000.0,-13566000000.0,26521000000.0,3056000000.0,1291000000.0,1192000000.0,40.47080126754188,20.58047493403694,19.4089709762533,2.223825503355705,4.373076923076923,4.637030995106036,0.0139740967961826,0.3826600338927458,2003-07-28,0.43,bmo,5251472727.0,2025-04-20,2003-06-30,0.2790697674418606,39.36206349206349,3029531.111111111
2003-03-31,NOC,USD,1133421,2003-05-14,2003-05-13 21:02:45,2003,Q1,5866000000.0,4963000000.0,903000000.0,0.1539379475,0,575000000.0,0.0,575000000.0,0.0,575000000.0,5538000000.0,0.0,0.0,173000000.0,501000000.0,0.0854074327,328000000.0,0.0559154449,-115000000.0,213000000.0,0.0363109444,39000000.0,253000000.0,0.0431299011,0.68,0.67,365400000,368520000,https://www.sec.gov/Archives/edgar/data/1133421/000095013003003625/0000950130-03-003625-index.htm,https://www.sec.gov/Archives/edgar/data/1133421/000095013003003625/d10q.htm,16.053639846743295,0.692391899288451,-3.043240284619595,-3.286808976464149,1.116584564860427,40.10946907498632,-12.397372742200329,39.72906403940887,19.386973180076627,14221368000.0,20897368000.0,14.052735177865614,2.4243723150358,-12.789,-11.841272273105746,0.9796354618722876,0.9796354618722876,3.562456188203205,41.711313373253496,-18.79259712230216,-17.399973355537053,0.0177901310197443,-0.0844503848012371,0.4879796101122821,0.2061879675175364,13.325349301397203,1.010211027910143,0.0,-4.395256916996048,0.0055550211484577,0.3122529644268774,0.0980225025571087,0.0,0.5584305963850161,-0.0800359712230215,0.0151721786566655,0.5144508670520231,0.0,24.8783409296515,0.009317510935488,0.0166765539516182,-44.78653530377668,60000000.0,-4530000000.0,-13765000000.0,23255000000.0,3010500000.0,1354500000.0,1124500000.0,48.05318786225707,23.24803546242192,20.99939552689905,1.8729246487867173,3.871294851794072,4.285837651122625,0.0174278432182957,0.2435686918445539,2003-04-29,0.28,bmo,5185125000.0,2025-04-20,2003-03-31,0.6428571428571428,40.853442622950816,3572373.3606557376
2002-12-31,NOC,USD,1133421,2003-03-24,2003-03-21 20:57:49,2002,Q4,4830000000.0,3947000000.0,883000000.0,0.182815735,0,472000000.0,0.0,472000000.0,0.0,472000000.0,4419000000.0,0.0,0.0,127000000.0,538000000.0,0.1113871636,411000000.0,0.0850931677,-77000000.0,334000000.0,0.0691511387,108000000.0,224000000.0,0.0463768116,0.61,0.61,365400000,365400000,https://www.sec.gov/Archives/edgar/data/1133421/000089843003002012/0000898430-03-002012-index.htm,https://www.sec.gov/Archives/edgar/data/1133421/000089843003002012/d10k.htm,13.218390804597702,0.6130268199233716,2.0717022441160373,1.3902572523262178,3.864258347016968,39.57580733442802,-10.259989053092502,39.195402298850574,26.33552271483306,16077600000.0,24288600000.0,17.94375,3.328695652173913,21.238573315719947,31.6488188976378,1.1225806451612903,1.1225806451612903,5.028695652173913,45.14609665427509,32.08533685601057,47.81220472440945,0.0139324277255311,0.0315967557346867,0.6719033654517526,0.227677092698623,15.262081784386616,1.3923327178404994,0.0,3.3794642857142856,0.0031721152410807,0.2276785714285714,0.0977225672877846,0.0,0.4308427577722046,0.3289299867899604,0.0515527950310559,1.9606299212598424,0.0,23.25137068228098,0.0089370074043057,0.0093116062520784,-64.80774493705528,4462000000.0,-3749000000.0,-11970000000.0,26277000000.0,2607000000.0,1115500000.0,1099000000.0,53.83229813664597,32.538636939447684,24.877121864707373,1.6718587746625129,2.7659425367904693,3.617781851512374,0.0156402737047898,0.6814449917898193,2003-01-28,0.83,bmo,4597228915.0,2025-04-20,2002-12-31,0.0481927710843373,45.8790625,5028123.328125
2002-09-30,NOC,USD,1133421,2002-11-12,2002-11-12 14:49:56,2002,Q3,4214000000.0,3440000000.0,774000000.0,0.1836734694,0,461000000.0,0.0,461000000.0,0.0,461000000.0,3901000000.0,0.0,0.0,105000000.0,418000000.0,0.0991931656,313000000.0,0.0742762221,-115000000.0,198000000.0,0.0469862364,57000000.0,-59000000.0,-0.0140009492,-0.26,-0.26,226140000,230420000,https://www.sec.gov/Archives/edgar/data/1133421/000089843002004031/0000898430-02-004031-index.htm,https://www.sec.gov/Archives/edgar/data/1133421/000089843002004031/d10q.htm,18.63447421951004,-0.2609003272309189,2.0297161050676573,2.4321216945255157,2.0429822234014328,33.24931458388609,-9.277438754753693,33.165295834438844,22.247280445741577,12722636400.0,17291636400.0,-53.90947627118644,3.019135358329378,27.718162091503267,23.132066181818185,1.69635152,1.69635152,4.10337835785477,41.36755119617225,37.67241045751634,31.43933890909091,-0.0046374036123519,0.043230033674467,0.6708,0.2418052484860136,10.930622009569378,1.000854153320521,0.0,-0.9348268839103868,0.0040872031837677,-0.8813559322033898,0.1093972472710014,0.0,0.4622224358358165,0.1982570806100217,0.021594684385382,0.8666666666666667,0.0,,0.0137005310341102,-0.0052730360175172,-46.5541257628018,4000000.0,-2098000000.0,-8600000000.0,12445000000.0,2510500000.0,835500000.0,1135000000.0,49.65590887517798,21.03488372093023,28.96220930232558,1.81247311827957,4.278606965174129,3.107497741644083,-0.0078666666666666,0.402405589457858,2002-10-17,0.79,bmo,4323454545.0,2025-04-20,2002-09-30,-0.0253164556962025,52.85859375,4329026.03125
2002-06-30,NOC,USD,1133421,2002-07-30,2002-07-30 16:12:26,2002,Q2,4396000000.0,3587000000.0,809000000.0,0.1840309372,0,453000000.0,0.0,453000000.0,0.0,453000000.0,4040000000.0,0.0,0.0,153000000.0,507000000.0,0.1153321201,356000000.0,0.0809827116,-93000000.0,264000000.0,0.0600545951,82000000.0,182000000.0,0.0414012739,0.78,0.77,225680000,229640000,https://www.sec.gov/Archives/edgar/data/1133421/000102140802009972/0001021408-02-009972-index.htm,https://www.sec.gov/Archives/edgar/data/1133421/000102140802009972/d10q.htm,19.478908188585606,0.8064516129032258,2.5345622119815667,1.1697979439914925,0.8684863523573201,35.62123360510457,-10.909252038284295,35.54590570719603,22.886387805742643,12098704800.0,17067704800.0,16.6191,2.752207643312102,21.151581818181818,45.82842727272728,1.5081905759162304,1.5081905759162304,3.882553412192903,33.66411203155818,29.83864475524475,64.65039696969697,0.015042932529439,0.0218205175152302,0.6438544003989031,0.2415357276468387,9.800788954635108,0.889190884382187,0.0,3.142857142857143,0.0042153272472603,0.2802197802197802,0.1030482256596906,0.0,0.4910680882903105,0.5384615384615384,0.0700636942675159,2.013071895424837,0.0,25.39657835748095,0.0145643725846681,0.0167233299641642,-46.72766749379653,-530000000.0,-2462000000.0,-9092000000.0,12971000000.0,2786500000.0,850000000.0,1194000000.0,55.195632393084615,21.75355450236967,29.18037357122944,1.6305637982195846,4.137254901960785,3.0842648323301805,0.0226876090750436,1.3647642679900744,2002-07-17,0.73,bmo,4011207792.0,2025-04-20,2002-06-30,0.0547945205479452,54.70421875,2845835.6875
2002-03-31,NOC,USD,1133421,2002-05-10,2002-05-10 14:36:27,2002,Q1,4086000000.0,3386000000.0,700000000.0,0.1713166911,0,387000000.0,0.0,387000000.0,0.0,387000000.0,3773000000.0,0.0,0.0,140000000.0,453000000.0,0.110866373,313000000.0,0.0766030348,-97000000.0,216000000.0,0.0528634361,67000000.0,149000000.0,0.0364659814,-1.29,-1.29,222560000,225520000,https://www.sec.gov/Archives/edgar/data/1133421/000094018002001107/0000940180-02-001107-index.htm,https://www.sec.gov/Archives/edgar/data/1133421/000094018002001107/d10q.htm,18.359094176851187,0.6694823867721064,-0.4448238677210639,-0.7683321351545651,0.5167145938173976,35.36125089863408,-11.808051761322789,35.28936017253774,24.64503953989935,11722235200.0,17092235200.0,19.668179865771812,2.868877924620656,-118.40641616161616,-68.55108304093567,1.4925178507766743,1.4925178507766743,4.183121683798336,37.73120353200883,-172.6488404040404,-99.9545918128655,0.0127108864015968,-0.0145876615749869,0.6983702571937866,0.2556275341380435,11.85430463576159,0.9562594268476622,0.0,-0.6644295302013423,0.004350706083768,0.3422818791946309,0.0947136563876652,0.0,0.4892575849373164,-0.7272727272727273,0.0176211453744493,0.5142857142857142,0.0,23.055934468360835,0.0128023739719559,0.0135961310338534,-48.08478612508986,-203000000.0,-2628000000.0,-9149000000.0,13236000000.0,2760000000.0,907500000.0,1225500000.0,63.37004405286344,22.14116952155936,32.56054341405788,1.4202294056308655,4.064825930372149,2.764081632653061,0.0189712248535777,0.3235082674335011,2002-04-17,0.55,bmo,3378203125.0,2025-04-20,2002-03-31,0.1636363636363635,48.27033333333333,3368832.1333333333
2001-12-31,NOC,USD,1133421,2002-03-22,2002-03-22 00:00:00,2001,Q4,4304000000.0,3563000000.0,741000000.0,0.1721654275,0,427000000.0,0.0,427000000.0,0.0,427000000.0,3990000000.0,0.0,0.0,176000000.0,490000000.0,0.1138475836,314000000.0,0.0729553903,-100000000.0,214000000.0,0.0497211896,83000000.0,131000000.0,0.030436803,0.59,0.59,222560000,222560000,https://www.sec.gov/Archives/edgar/data/1133421/000089843002000975/0000898430-02-000975-index.htm,https://www.sec.gov/Archives/edgar/data/1133421/000089843002000975/d10k405.htm,19.33860531991373,0.5886053199137311,2.80823148813803,2.0488856937455067,2.0848310567936736,33.757189072609634,-10.307332854061826,33.20902228612509,24.67199856218548,10177668800.0,15204668800.0,19.423032061068703,2.3647,16.28427008,22.31944912280702,1.3770354214585303,1.3770354214585303,3.532683271375465,31.029936326530613,24.32747008,33.34357192982456,0.0128713168579429,0.0448039731849006,0.7429305912596401,0.2629033802547161,10.259183673469389,0.8941932969602494,0.0,4.770992366412214,0.0047162077036737,0.366412213740458,0.0992100371747211,0.0,0.4695489801781097,0.2704,0.0392657992565055,0.9602272727272728,0.0,20.971591777969667,0.0118563380996192,0.0118241718566657,-46.34143601725378,-543000000.0,-2294000000.0,-8784000000.0,12031000000.0,2470000000.0,869500000.0,1224000000.0,55.26719330855018,24.80493965759192,30.968285152960988,1.628452516080212,3.6283095723014256,2.9061990212071778,0.0177242592342037,0.7593457943925234,2002-01-30,0.76,bmo,4190736842.0,2025-04-20,2001-12-31,0.0263157894736842,44.84328125,3743068.65625
2001-09-30,NOC,USD,1133421,2001-11-05,2001-11-05 00:00:00,2001,Q3,3605000000.0,3089000000.0,516000000.0,0.1431345354,0,291000000.0,0.0,291000000.0,0.0,291000000.0,3380000000.0,0.0,0.0,203000000.0,443000000.0,0.1228848821,225000000.0,0.0624133148,-79000000.0,133000000.0,0.0368932039,54000000.0,79000000.0,0.0219140083,0.43,0.42,170860000,172800000,https://www.sec.gov/Archives/edgar/data/1133421/000089843001503245/0000898430-01-503245-index.htm,https://www.sec.gov/Archives/edgar/data/1133421/000089843001503245/d10q.htm,21.099145499239143,0.4623668500526747,1.2056654570993797,0.6672129228608217,1.8143509305864447,30.873229544656443,-15.691209177104062,30.873229544656443,31.13075032190097,7862977200.000001,12871977200.0,24.88283924050633,2.181130984743412,38.16979223300971,68.97348421052632,1.4906117914691943,1.4906117914691943,3.5705900693481274,29.05638194130925,62.48532621359223,112.9120807017544,0.0100470849642041,0.0144983251382186,1.008341232227488,0.3089926803764378,11.306997742663658,1.0129015937262835,0.0,2.607594936708861,0.0052143099181312,0.5189873417721519,0.0807212205270457,0.0,0.4621819449285465,0.4466019417475728,0.0255201109570041,0.4532019704433497,0.0,17.921552741018544,0.0099773509922622,0.0085331605098293,-54.40272737914082,51000000.0,-2681000000.0,-7935000000.0,10093000000.0,2176500000.0,775500000.0,1304000000.0,57.34535367545077,22.055681450307542,35.603755260602135,1.5694383979103177,4.080581241743725,2.527823240589198,0.0149763033175355,0.5384525342385579,2001-10-24,0.76,bmo,4049375000.0,2025-04-20,2001-09-30,-0.1578947368421052,37.87949152542373,1440282.1694915255
2001-06-30,NOC,USD,1133421,2001-08-09,2001-08-09 00:00:00,2001,Q2,3663000000.0,3019000000.0,644000000.0,0.1758121758,0,369000000.0,0.0,369000000.0,0.0,369000000.0,3388000000.0,0.0,0.0,167000000.0,442000000.0,0.1206661207,275000000.0,0.0750750751,-83000000.0,192000000.0,0.0524160524,78000000.0,114000000.0,0.0311220311,0.65,0.64,166800000,168100000,https://www.sec.gov/Archives/edgar/data/1133421/000102140801504756/0001021408-01-504756-index.htm,https://www.sec.gov/Archives/edgar/data/1133421/000102140801504756/d10q.htm,21.96043165467626,0.6834532374100719,0.1139088729016786,-0.4196642685851319,1.3489208633093526,31.24100719424461,-17.452038369304557,31.24100719424461,32.81774580335731,6059844000.0,11308844000.0,13.289131578947368,1.6543390663390662,318.9391578947368,-86.5692,1.162894645941278,1.162894645941278,3.087317499317499,25.585619909502263,595.2023157894737,-161.5549142857143,0.0188123654668338,-0.0115514524796347,1.0504701592784491,0.3158502106052738,11.875565610859727,1.0175812466702183,0.0,0.1666666666666666,0.0067658507380718,0.3596491228070175,0.1007371007371007,0.0,0.468640009232012,4.684210526315789,0.0242970242970242,0.5329341317365269,0.0,21.918366018120533,0.0119322749196141,0.0123791942664784,-57.9136690647482,66000000.0,-2911000000.0,-8300000000.0,10377000000.0,1774500000.0,642500000.0,1067500000.0,50.51597051597052,23.67008943358728,41.31831732361709,1.781614785992218,3.802267002518892,2.1782106782106783,0.0218767990788716,0.5335731414868106,2001-07-25,0.76,bmo,3339189873.0,2025-04-20,2001-06-30,0.0394736842105263,40.21571428571429,1660074.4603174604
2001-03-31,NOC,USD,1133421,2001-05-10,2001-05-10 00:00:00,2001,Q1,1986000000.0,1548000000.0,438000000.0,0.2205438066,0,248000000.0,0.0,248000000.0,0.0,248000000.0,1796000000.0,0.0,0.0,99000000.0,289000000.0,0.1455186304,-58000000.0,-0.029204431,57000000.0,160000000.0,0.0805639476,57000000.0,103000000.0,0.0518630413,0.72,0.71,144400000,145520000,https://www.sec.gov/Archives/edgar/data/1133421/000102140801500799/0001021408-01-500799-index.htm,https://www.sec.gov/Archives/edgar/data/1133421/000102140801500799/d10q.htm,13.753462603878116,0.7132963988919667,-0.2285318559556786,-0.5263157894736842,11.329639889196676,27.749307479224377,-2.5831024930747923,27.749307479224377,21.502770083102497,5698024000.0,7167024000.0,13.830155339805826,2.8690956696878147,-172.66739393939395,-74.974,1.4220174694285002,1.4220174694285002,3.608773413897281,24.799391003460208,-217.18254545454545,-94.30294736842106,0.0180764419384684,-0.0133379571584816,0.7748939356126778,0.2776039338399642,5.083044982698962,1.534829721362229,0.0,-0.3203883495145631,0.0049139842162826,0.2718446601941747,0.1248741188318227,0.0,0.3915958873491283,-1.303030303030303,0.0216515609264854,0.4343434343434343,0.0,21.10339604602124,-0.0043410649924427,0.0151359294636296,-28.031509695290858,1382000000.0,-373000000.0,-3212000000.0,6776000000.0,1525000000.0,527500000.0,667000000.0,67.65861027190331,28.546511627906977,43.54651162790697,1.3302076356329535,3.1527494908350304,2.0667556742323097,0.0257050162216121,0.2977839335180055,2001-04-23,0.77,bmo,2140753246.0,2025-04-20,2001-03-31,-0.0779220779220779,40.2933870967742,1630440.7258064516
2000-12-31,NOC,USD,1133421,2000-12-31,2000-12-30 19:00:00,2000,Q4,2229000000.0,1447000000.0,782000000.0,0.3508299686,0,0.0,0.0,430000000.0,100000000.0,530000000.0,1977000000.0,0.0,0.0,100000000.0,352000000.0,0.157918349,252000000.0,0.1130551817,-33000000.0,219000000.0,0.0982503365,75000000.0,125000000.0,0.0560789592,0.88,0.88,138040000,141600000,,,16.147493480150683,0.9055346276441611,2.9991306867574616,2.11532889017676,2.310924369747899,28.39032164589974,-3.716314111851637,28.39032164589974,11.699507389162562,5212390400.0,6508390400.0,10.4247808,2.3384434275459847,12.59031497584541,17.85065205479452,1.3300307221229906,1.3300307221229906,2.9198700762673844,18.489745454545453,15.720749758454106,22.289008219178083,0.0239813195880339,0.0560203625576472,0.412094922174024,0.1678445229681978,3.6818181818181817,0.9397321428571428,0.0,3.312,0.0057555167011281,0.24,0.0,0.0,0.4606110995635003,0.2946859903381642,0.0547330641543293,1.22,0.0,24.05076787042672,0.0238621299160406,0.0240847784200385,-28.42473196175022,-162000000.0,-513000000.0,-3177000000.0,5285000000.0,1424500000.0,464000000.0,594000000.0,62.86675639300135,35.07947477539737,36.385625431928126,1.4315992292870905,2.5656028368794326,2.4735042735042736,0.0318958918091349,0.8838017965807012,2001-01-24,0.98,bmo,2183510204.0,2025-04-20,2000-12-31,0.0204081632653061,37.71301587301588,1118015.5238095238
2000-09-30,NOC,USD,1133421,2000-09-30,2000-09-29 20:00:00,2000,Q3,1731000000.0,1191000000.0,540000000.0,0.3119584055,0,0.0,0.0,211000000.0,87000000.0,298000000.0,1489000000.0,0.0,0.0,87000000.0,329000000.0,0.1900635471,242000000.0,0.1398035817,-2000000.0,240000000.0,0.1386481802,90000000.0,132000000.0,0.0762564991,0.94,0.93,141600000,141600000,,,12.22457627118644,0.9322033898305084,1.3771186440677967,1.2005649717514124,5.317796610169491,26.87146892655367,-2.323446327683616,26.87146892655367,12.853107344632768,5836752000.0,6903752000.0,11.054454545454544,3.371896013864818,29.932061538461536,34.33383529411765,1.533968988173456,1.533968988173456,3.9883027151935297,20.984048632218844,35.40385641025641,40.61030588235294,0.0226153175601773,0.029125787766895,0.4783180026281209,0.1945691682702587,3.243161094224924,1.1111566858080393,0.0,1.4772727272727273,0.0047971885733709,0.2121212121212121,0.0,0.0,0.441949967928159,0.1282051282051282,0.0144425187752744,0.2873563218390804,0.0,23.74063340601544,0.0212102089468517,0.025287356321839,-24.8975988700565,271000000.0,-329000000.0,-2840000000.0,5368000000.0,1316500000.0,406500000.0,615000000.0,67.17504332755632,27.506297229219143,45.56675062972292,1.339783281733746,3.271978021978022,1.9751243781094527,0.0346911957950065,0.1765536723163842,2000-10-18,0.91,bmo,1445670329.0,2025-04-20,2000-09-30,0.1648351648351648,34.51666666666667,901608.3492063492
2000-06-30,NOC,USD,1133421,2000-06-30,2000-06-29 20:00:00,2000,Q2,1856000000.0,1220000000.0,636000000.0,0.3426724138,0,0.0,0.0,220000000.0,99000000.0,319000000.0,1539000000.0,0.0,0.0,99000000.0,416000000.0,0.224137931,317000000.0,0.1707974138,-44000000.0,273000000.0,0.1470905172,98000000.0,178000000.0,0.0959051724,1.27,1.27,139800000,139800000,,,13.276108726752504,1.273247496423462,2.217453505007153,1.5665236051502145,0.6938483547925608,25.486409155937057,-3.125894134477825,25.486409155937057,14.0343347639485,4200990000.0,6065990000.0,5.900266853932584,2.2634644396551726,13.551580645161293,19.18260273972603,1.1790597810833567,1.1790597810833567,3.268313577586207,14.58170673076923,19.567709677419355,27.698584474885845,0.0423709649392167,0.0521305692229688,0.5506595565534662,0.2164607237422771,4.483173076923077,1.1905158069883528,0.0,1.7415730337078652,0.0066650956084161,0.1573033707865168,0.0,0.0,0.4413062665489849,0.2935483870967741,0.0490301724137931,0.9191919191919192,0.0,27.021036242878797,0.0295700128354377,0.0351500789889415,-29.218526466380546,458000000.0,-437000000.0,-2639000000.0,5411000000.0,1395500000.0,442500000.0,933500000.0,65.02693965517241,33.12295081967213,46.25409836065574,1.384041759880686,2.717149220489978,1.9457735247208927,0.0499579006455234,0.6509298998569385,2000-07-20,1.18,bmo,1745898305.0,2025-04-20,2000-06-30,0.0593220338983051,32.01761904761904,1185376.111111111
2000-03-31,NOC,USD,1133421,2000-03-31,2000-03-30 19:00:00,2000,Q1,2080000000.0,1426000000.0,654000000.0,0.3144230769,0,0.0,0.0,245000000.0,95000000.0,340000000.0,1766000000.0,0.0,0.0,95000000.0,382000000.0,0.1836538462,314000000.0,0.1509615385,-71000000.0,270000000.0,0.1298076923,97000000.0,173000000.0,0.0831730769,1.24,1.24,139800000,139800000,,,14.878397711015737,1.2374821173104436,0.6509298998569385,0.3934191702432045,0.2932761087267525,24.38483547925608,-5.522174535050072,24.38483547925608,14.985693848354792,3356598000.0,5410598000.0,4.850575144508671,1.6137490384615385,36.88569230769231,61.02905454545454,0.9846283367556468,0.9846283367556468,2.6012490384615385,14.163869109947644,59.45712087912088,98.37450909090909,0.0515402797713637,0.0163856380776011,0.614549721325902,0.223133454041964,5.37696335078534,1.106156274664562,0.0,0.5260115606936416,0.0083417793849606,0.1618497109826589,0.0,0.0,0.4453083395462776,0.3956043956043956,0.0173076923076923,0.3789473684210526,0.0,26.056773618016763,0.0281388241388241,0.0332181259600614,-30.26824034334764,269000000.0,-772000000.0,-3177000000.0,5674000000.0,1426000000.0,463000000.0,1215000000.0,62.74038461538461,27.517531556802243,78.26086956521739,1.4344827586206896,3.270642201834862,1.15,0.0507480199471985,0.2575107296137339,2000-04-24,0.83,bmo,1736674698.0,2025-04-20,2000-03-31,0.4939759036144578,22.586031746031747,770355.1746031746
1999-12-31,NOC,USD,1133421,1999-12-31,1999-12-30 19:00:00,1999,Q4,2506000000.0,1779000000.0,727000000.0,0.290103751,0,0.0,0.0,373000000.0,101000000.0,474000000.0,2253000000.0,0.0,0.0,101000000.0,354000000.0,0.1412609737,253000000.0,0.1009577015,-38000000.0,215000000.0,0.0857940942,77000000.0,138000000.0,0.0550678372,0.99,0.99,139130435,139130435,,,18.011874971856447,0.9918749984501952,4.125624993553711,3.600937494373535,1.0206249984052735,23.40968746342236,-1.5237499976191409,23.40968746342236,15.992187475012209,3411478266.2,5494478266.2,6.180214250362319,1.3613241285714286,5.943341927177701,6.809337856686627,1.0474296181148297,1.0474296181148297,2.192529236312849,15.52112504576271,9.572261787804878,10.96702248742515,0.0404516720411988,0.1468571571930479,0.6831439975437519,0.2396338179859989,5.884180790960452,1.1335227272727273,0.0,4.159420289855072,0.0082075856315475,0.2028985507246377,0.0,0.0,0.3736133548734518,0.127177700348432,0.0291300877893056,0.7227722772277227,0.0,22.856911069111817,0.0230472179498181,0.0237276478679504,-30.47140620238843,329000000.0,-212000000.0,-3235000000.0,5038000000.0,1377000000.0,458500000.0,1307000000.0,50.351157222665606,24.78920741989882,60.20236087689713,1.7874465049928674,3.630612244897959,1.494957983193277,0.0423702793982192,0.5246874991801758,2000-01-26,0.85,bmo,2122729411.0,2025-04-20,1999-12-31,0.1529411764705882,24.81390625,804057.15625
1999-09-30,NOC,USD,1133421,1999-09-30,1999-09-29 20:00:00,1999,Q3,2122000000.0,1491000000.0,631000000.0,0.2973609802,0,0.0,0.0,274000000.0,95000000.0,369000000.0,1860000000.0,0.0,0.0,95000000.0,338000000.0,0.1592836946,262000000.0,0.123468426,-40000000.0,203000000.0,0.0956644675,75000000.0,128000000.0,0.0603204524,0.92,0.91,138797814,139560440,,,15.28842521972284,0.9222047257891252,1.8372047271580227,0.4611023628945626,0.266574803548419,22.58681105741334,-8.479960642607816,22.58681105741334,18.72507876817138,4001540977.62,6563540977.62,7.815509721914062,1.8857403287558907,15.692317559294118,62.5240777753125,1.2764086053014354,1.2764086053014354,3.093091883892554,19.418760288816568,25.73937638282353,102.55532777531248,0.0319876769264351,0.0159938384632175,0.8290271132376396,0.2698857736240914,7.579881656804734,1.1772410970118707,0.0,1.9921875,0.0069973043276576,0.21875,0.0,0.0,0.4477673935617861,0.7490196078431373,0.090009425070688,2.0105263157894737,0.0,21.648728315935436,0.0220681232224618,0.0240691989469725,-34.09275595651672,433000000.0,-1177000000.0,-3619000000.0,5980000000.0,1428500000.0,392000000.0,1380000000.0,57.342130065975496,25.774647887323944,85.95573440643864,1.569526627218935,3.4918032786885247,1.0470505617977528,0.0408293460925039,1.3761023642634602,1999-10-20,0.82,bmo,1863219512.0,2025-04-20,1999-09-30,0.1219512195121952,31.69046875,529548.296875
1999-06-30,NOC,USD,1133421,1999-06-30,1999-06-29 20:00:00,1999,Q2,2274000000.0,1674000000.0,600000000.0,0.2638522427,0,0.0,0.0,259000000.0,103000000.0,362000000.0,2036000000.0,0.0,0.0,103000000.0,357000000.0,0.1569920844,238000000.0,0.1046613896,-42000000.0,180000000.0,0.0791556728,67000000.0,113000000.0,0.0496921724,0.83,0.82,136969697,137804878,,,16.602212385707475,0.8249999998174778,1.7157079642221884,0.788495575046793,0.6351769910099166,22.128982295989164,-8.563938051202669,22.128982295989164,22.924778755990097,4120048485.76,7173048485.76,9.115151517168142,1.8118067219700968,17.532121216,38.148597090370366,1.3593033605278784,1.3593033605278784,3.1543748837994725,20.092572789243697,30.52361057770213,66.41711560888889,0.0274268616960597,0.0262132837449066,1.0359617288023757,0.3251527389458424,8.551820728291316,1.287166454891995,0.0,2.079646017699115,0.0065533209362266,0.2389380530973451,0.0,0.0,0.4353318836077456,0.5404255319148936,0.05584872471416,1.233009708737864,0.0,20.267442704456343,0.0188270049283154,0.0207225380524481,-34.62262167375606,678000000.0,-1173000000.0,-3587000000.0,6124000000.0,1497000000.0,389500000.0,1380000000.0,59.56464379947229,19.193548387096776,71.82795698924731,1.5109634551495017,4.689075630252101,1.252994011976048,0.0372814252721874,0.9272123891753956,1999-07-21,0.8,bmo,2217150000.0,2025-04-20,1999-06-30,0.0249999999999998,29.67730158730159,670008.1904761905
1999-03-31,NOC,USD,1133421,1999-03-31,1999-03-30 19:00:00,1999,Q1,2093000000.0,1519000000.0,574000000.0,0.2742474916,0,0.0,0.0,268000000.0,90000000.0,358000000.0,1877000000.0,0.0,0.0,90000000.0,306000000.0,0.1462016245,216000000.0,0.1032011467,-52000000.0,164000000.0,0.0783564262,60000000.0,88000000.0,0.0420449116,0.64,0.63,137800000,137800000,,,15.18867924528302,0.6386066763425254,1.0377358490566038,0.7329462989840348,0.2104499274310595,21.124818577648767,-8.831640058055152,21.124818577648767,19.796806966618288,3742648000.0,6441648000.0,10.632522727272727,1.7881739130434782,26.17236363636364,37.055920792079206,1.2856915149433183,1.2856915149433183,3.077710463449594,21.05113725490196,45.04648951048951,63.77869306930693,0.0235127642246879,0.0269862407578805,0.9371350051528684,0.2853258027402991,8.820261437908497,1.2095808383233533,0.0,1.375,0.0074813340714916,0.3181818181818182,0.0,0.0,0.4317540006275494,0.2937062937062937,0.020066889632107,0.4666666666666667,0.0,17.42225958521885,0.0184877324545954,0.0161973127185716,-34.77685050798258,525000000.0,-1217000000.0,-3620000000.0,5919000000.0,1498000000.0,419000000.0,1398500000.0,64.02771141901576,25.00329163923634,84.37129690585913,1.4056413700470114,3.5995260663507107,1.0667134831460674,0.0302301614565441,0.3047895500725689,1999-04-21,0.66,bmo,1775878787.0,2025-04-20,1999-03-31,0.1515151515151514,28.51983606557377,888243.393442623
1998-12-31,NOC,USD,1133421,1998-12-31,1998-12-30 19:00:00,1998,Q4,2536000000.0,1729000000.0,807000000.0,0.3182176656,0,0.0,0.0,600000000.0,104000000.0,704000000.0,2433000000.0,0.0,0.0,104000000.0,207000000.0,0.0816246057,103000000.0,0.040615142,-103000000.0,60000000.0,0.023659306,3000000.0,-3000000.0,-0.0011829653,-0.0217,-0.0217,137993227,138095238,,,18.377713567057896,-0.0217401974373713,1.2464379864092896,0.7754003752662441,0.3188562290814462,20.65318756550276,-9.609167267318128,20.65318756550276,20.51549964839941,4577235339.59,7364235339.59,-381.4362782991666,1.8049035250749208,26.611833369709306,42.777900370000005,1.6060474875754387,1.6060474875754387,2.903878288481861,35.57601613328502,42.81532174180233,68.82462934196262,-0.0006554174687178,0.0233765563842702,0.9933333333333332,0.296875,13.46376811594203,1.2813688212927756,0.0,-57.333333333333336,0.0058987572184607,-9.0,0.0,0.0,0.4379194630872483,0.377906976744186,0.0256309148264984,0.625,0.0,,0.0131554181231513,-0.0005597014925373,-34.967295894892004,666000000.0,-1326000000.0,-3653000000.0,6116000000.0,1462500000.0,408000000.0,1476500000.0,53.48186119873817,21.654135338345863,71.46905725853094,1.6828135368281354,4.15625,1.2592862345229423,-0.0010526315789473,0.4710376111430454,1999-02-03,0.39,bmo,2534780764.0,2025-04-20,1998-12-31,0.8205128205128204,34.9078125,790280.84375
1998-09-30,NOC,USD,1133421,1998-09-30,1998-09-29 20:00:00,1998,Q3,2213000000.0,1667000000.0,546000000.0,0.2467239042,0,0.0,0.0,206000000.0,102000000.0,308000000.0,1975000000.0,0.0,0.0,102000000.0,340000000.0,0.153637596,238000000.0,0.1075463172,-54000000.0,184000000.0,0.083145052,68000000.0,116000000.0,0.0524175328,0.84,0.84,138095238,138922156,,,16.025172424844946,0.8400000005793103,0.7241379315338883,-0.0724137931533888,0.5793103452271106,20.898620704068016,-9.71068966186944,20.898620704068016,21.26068966983496,4572333330.18,7428333330.18,9.854166659870687,2.066124414902847,45.7233333018,-457.23333301800005,1.584315083222453,1.584315083222453,3.356680221500226,21.84803920641177,74.2833333018,-742.8333330180001,0.0253699788758474,-0.0021870671444696,1.0173250173250172,0.2944243882872042,8.4,1.2520388349514564,0.0,0.8620689655172413,0.0061237880045149,0.2413793103448276,0.0,0.0,0.4238868832731648,1.1,0.0497062810664256,1.0784313725490196,0.0,19.87420266524643,0.0196829959675809,0.0201914708442123,-37.31120692228359,649000000.0,-1341000000.0,-3862000000.0,6184000000.0,1425000000.0,432500000.0,1581000000.0,57.66832354270222,21.595680863827237,85.30293941211757,1.5606488011283497,4.1675,1.0550632911392406,0.0401940401940401,0.7965517246872771,1998-10-14,0.9,bmo,2188411111.0,2025-04-20,1998-09-30,0.0111111111111111,34.9790625,1112911.625
1998-06-30,NOC,USD,1133421,1998-06-30,1998-06-29 20:00:00,1998,Q2,2139000000.0,1615000000.0,524000000.0,0.2449742871,0,0.0,0.0,221000000.0,95000000.0,316000000.0,1931000000.0,0.0,0.0,95000000.0,303000000.0,0.141654979,208000000.0,0.0972417017,-61000000.0,147000000.0,0.0687237027,54000000.0,93000000.0,0.0434782609,0.68,0.67,136764706,138805970,,,15.639999986546236,0.6799999994150537,0.0658064515562955,-0.2705376341758816,0.2924731180279801,20.261075251388323,-10.631397840317078,20.261075251388323,21.14580643342296,6397852946.68,9249852946.68,17.19852942655914,2.9910485959233286,710.8725496311112,-172.91494450486488,2.3088606808661134,2.3088606808661134,4.324381929256663,30.52756748079208,1027.76143852,-249.99602558594592,0.0145361265373034,-0.0057831901277443,1.0436665463731505,0.2898666933948081,9.412541254125411,1.2242101256185762,0.0,0.0967741935483871,0.0042201657688945,0.2903225806451613,0.0,0.0,0.423473990177408,5.111111111111111,0.021505376344086,0.4842105263157895,0.0,17.60665928220284,0.0174617617747736,0.0161682892906815,-38.759999966658064,589000000.0,-1454000000.0,-3990000000.0,6135000000.0,1417500000.0,461000000.0,1503000000.0,60.25245441795231,25.91331269349845,88.16099071207431,1.4937150837988826,3.4731182795698925,1.0208596713021492,0.0335618910140743,0.3363440857321771,1998-07-15,0.87,bmo,2089827586.0,2025-04-20,1998-06-30,0.0229885057471264,47.94126984126984,615630.5714285715
1998-03-31,NOC,USD,1133421,1998-03-31,1998-03-30 19:00:00,1998,Q1,2014000000.0,1450000000.0,564000000.0,0.2800397219,0,0.0,0.0,445000000.0,92000000.0,537000000.0,1987000000.0,0.0,0.0,92000000.0,119000000.0,0.0590863952,27000000.0,0.0134061569,-46000000.0,-19000000.0,-0.0094339623,-7000000.0,-12000000.0,-0.005958292,-0.09,-0.09,133333333,133333333,,,15.1050000377625,-0.090000000225,-0.27750000069375,-0.57750000144375,0.18000000045,20.16750005041875,-11.8650000296625,20.16750005041875,21.270000053175,6497333317.089999,9309333317.09,-135.36111077270832,3.2260840700546174,-175.60360316459457,-84.38095216999999,2.4162637847117887,2.4162637847117887,4.622310485148957,78.22969174025211,-251.6036031645946,-120.90043268948052,-0.0018469115580751,-0.0118510158309819,1.0546671625139457,0.2911106548963252,23.630252100840337,1.1820684231222964,0.0,3.083333333333333,0.0041555510056689,-2.25,0.0,0.0,0.4384110039006364,-1.0810810810810811,0.0198609731876861,0.4347826086956521,0.0,,0.0023028536906073,-0.0021933832937305,-39.48562509871406,463000000.0,-1582000000.0,-4047000000.0,6061000000.0,1422000000.0,460000000.0,1353500000.0,62.6961271102284,28.365517241379308,88.38620689655173,1.435495367070563,3.1728665207877462,1.0182584269662922,-0.0044626255113425,0.30000000075,1998-04-15,0.72,bmo,1902111111.0,2025-04-20,1998-03-31,0.0555555555555556,55.20655737704918,1107619.7049180327
1997-12-31,NOC,USD,1133421,1997-12-31,1997-12-30 19:00:00,1997,Q4,2510000000.0,1596000000.0,914000000.0,0.3641434263,0,0.0,0.0,553000000.0,115000000.0,668000000.0,2264000000.0,0.0,0.0,115000000.0,361000000.0,0.1438247012,246000000.0,0.0980079681,-62000000.0,184000000.0,0.0733067729,67000000.0,117000000.0,0.0466135458,0.87,0.87,133770492,134246575,,,18.76348036456351,0.8746323516549525,3.438725485139129,2.713602937185878,0.470955881660359,19.60821075547812,-12.663480373534098,19.60821075547812,20.86409310657241,6977468862.719999,9705468862.72,14.90912150153846,2.7798680727968126,15.168410571130432,19.22167730776859,2.660110126847121,2.660110126847121,3.866720662438247,26.88495529839335,21.09884535373913,26.73682882292011,0.0167682582755934,0.0520245961883795,1.0640487990850171,0.2884158313526919,7.556786703601108,1.0813996316758747,0.0,3.931623931623931,0.0040129165103984,0.2393162393162393,0.0,0.0,0.4461093314043609,0.2108695652173913,0.0386454183266932,0.8434782608695652,0.0,19.643687240643487,0.0215667879558083,0.0218283582089552,-39.38648891266693,221000000.0,-1694000000.0,-4118000000.0,5884000000.0,1507500000.0,451500000.0,1299000000.0,51.66932270916335,26.10902255639098,72.34962406015038,1.7418459403192228,3.447084233261339,1.243959469992206,0.044605413648494,0.7251225479532512,1998-01-21,0.88,bmo,2567045454.0,2025-04-20,1997-12-31,-0.0227272727272727,51.114375,512735.203125
1997-09-30,NOC,USD,1133421,1997-09-30,1997-09-29 20:00:00,1997,Q3,2297000000.0,1770000000.0,527000000.0,0.2294296909,0,0.0,0.0,222000000.0,100000000.0,322000000.0,2092000000.0,0.0,0.0,100000000.0,305000000.0,0.1327818894,205000000.0,0.0892468437,-43000000.0,162000000.0,0.0705267741,64000000.0,98000000.0,0.0426643448,0.73,0.72,134246575,136111111,,,17.11030616609772,0.7300000018622449,1.020510206684975,0.6108163280888171,0.3575510213202832,18.6447959659306,-13.855102076160977,18.6447959659306,23.74734699935548,7390273953.75,10530273953.75,18.852739677933677,3.217359143992164,53.94360550182482,90.12529211890244,2.9525665016979623,2.9525665016979623,4.584359579342621,34.52548837295082,76.8633135310219,128.4179750457317,0.0132606721500861,0.0110956644521129,1.2736715940870955,0.3260380445898956,10.295081967213116,1.158426966292135,0.0,1.191304347826087,0.0037887634714531,0.2857142857142857,0.0,0.0,0.4462057680507261,0.4014598540145985,0.0239442751414888,0.55,0.0,17.49973641291881,0.0165880612197715,0.0180978762696214,-40.14255112281264,423000000.0,-1860000000.0,-4182000000.0,6166000000.0,1558000000.0,465000000.0,1292500000.0,61.67174575533304,22.3728813559322,66.86440677966101,1.4593392630241424,4.0227272727272725,1.3460076045627376,0.0391530163803435,0.4096938785961578,1997-10-22,0.81,bmo,2523864197.0,2025-04-20,1997-09-30,-0.0987654320987655,52.653125,923671.46875
1997-06-30,NOC,USD,1133421,1997-06-30,1997-06-29 20:00:00,1997,Q2,2087000000.0,1526000000.0,561000000.0,0.2688068999,0,0.0,0.0,230000000.0,110000000.0,340000000.0,1866000000.0,0.0,0.0,110000000.0,343000000.0,0.1643507427,221000000.0,0.1058936272,-62000000.0,158000000.0,0.0757067561,58000000.0,100000000.0,0.0479156684,0.81,0.8,133333333,135849057,,,15.65250003913125,0.750000001875,0.750000001875,0.36750000091875,0.35250000088125,16.965000042412502,-15.8550000396375,16.965000042412502,24.81750006204375,5310666653.389999,8572666653.389999,13.276666633475,2.544641424719693,53.1066665339,108.38095210999998,2.3477748246640138,2.3477748246640138,4.107650528696693,24.99319724020408,85.72666653389999,174.95238068142856,0.0188300276644489,0.0092267135555799,1.4628647214854111,0.3411340206185567,9.510204081632653,1.1924453280318092,0.0,1.0,0.0043309063628232,0.23,0.0,0.0,0.4511340206185567,0.51,0.024436990896023,0.4636363636363636,0.0,16.9199402017685,0.0188788524391306,0.0187828700225394,-41.99625010499062,484000000.0,-2114000000.0,-4439000000.0,6245000000.0,1495000000.0,463500000.0,1221000000.0,66.4973646382367,28.899082568807337,74.90170380078636,1.353437094682231,3.1142857142857143,1.2015748031496063,0.04420866489832,0.38250000095625,1997-07-16,0.77,bmo,1843064935.0,2025-04-20,1997-06-30,0.1168831168831168,37.5528125,534833.25
1997-03-31,NOC,USD,1133421,1997-03-31,1997-03-30 19:00:00,1997,Q1,1964000000.0,1483000000.0,481000000.0,0.2449083503,0,0.0,0.0,206000000.0,93000000.0,299000000.0,1782000000.0,0.0,0.0,93000000.0,275000000.0,0.1400203666,182000000.0,0.0926680244,-62000000.0,120000000.0,0.0610997963,45000000.0,75000000.0,0.0381873727,0.64,0.63,118110236,120000000,,,16.62853336437326,0.6350000011853333,0.2794000005215467,-0.0169333333649422,0.3640666673462577,18.491200034516908,-18.939933368687875,18.491200034516908,28.600400053387418,4051181094.8,7386181094.799999,13.503936982666666,2.062719498370672,122.76306347878788,-2025.5905474,1.8549363987179488,1.8549363987179488,3.7607846714867614,26.85884034472727,223.8236695393939,-3693.0905474,0.0185131195680855,-0.0004936831884822,1.5467032967032968,0.3526832324076007,12.127272727272729,1.057132046916383,0.0,0.44,0.0056773566675462,0.3066666666666666,0.0,0.0,0.4615786176654834,1.0606060606060606,0.0178207739307535,0.3763440860215054,0.0,16.254015534209405,0.0153591682419659,0.0145433391506689,-48.08220008975344,151000000.0,-2237000000.0,-4600000000.0,5969000000.0,1402000000.0,457000000.0,1112500000.0,66.35437881873726,26.520566419420096,71.12609575185435,1.356353591160221,3.393592677345538,1.265358361774744,0.0343406593406593,0.2963333338864889,1997-04-16,0.62,bmo,1647225806.0,2025-04-20,1997-03-31,0.1612903225806451,34.61081967213115,471332.737704918
1996-12-31,NOC,USD,1133421,1996-12-31,1996-12-30 19:00:00,1996,Q4,2282000000.0,1559000000.0,723000000.0,0.3168273444,0,0.0,0.0,483000000.0,94000000.0,577000000.0,2136000000.0,0.0,0.0,94000000.0,240000000.0,0.1051709027,146000000.0,0.0639789658,-117000000.0,29000000.0,0.0127081507,12000000.0,17000000.0,0.0074496056,0.14,0.14,118644068,118644068,,,19.23399996702743,0.1432857140400816,1.297999997774857,25.01599995711543,0.3708571422213877,17.93599996925257,-19.351999966825144,17.93599996925257,28.471714236905637,4452711872.04,7786711872.04,65.4810569417647,1.9512321963365469,28.9137134548052,1.5002398490700808,2.0924397894924813,2.0924397894924813,3.4122313199123577,32.444632800166666,50.56306410415584,2.6235552129514823,0.0038178980559574,0.6665600841224468,1.587406015037594,0.3585226066652515,13.891666666666667,0.9988461538461538,0.0,9.058823529411764,0.004940809248886,1.2941176470588236,0.0,0.0,0.4695393759286775,18.272727272727277,1.2331288343558282,29.93617021276596,0.0,7.604234521560197,0.0118049940546967,0.0034013605442176,-48.09764277468975,-3000000.0,-2296000000.0,-4697000000.0,5823000000.0,1350000000.0,470000000.0,1083500000.0,53.47940403155127,27.53688261706222,60.788967286722254,1.682890855457227,3.268343815513626,1.480531813865147,0.0079887218045112,23.71799995934057,1997-02-05,0.59,bmo,2282000000.0,2025-04-20,1996-12-31,0.0,36.595,287091.84375
1996-09-30,NOC,USD,1133421,1996-09-30,1996-09-29 20:00:00,1996,Q3,2043000000.0,1504000000.0,539000000.0,0.2638277044,0,0.0,0.0,272000000.0,102000000.0,374000000.0,1878000000.0,0.0,0.0,103000000.0,287000000.0,0.1404796867,165000000.0,0.080763583,-49000000.0,113000000.0,0.0553108174,43000000.0,70000000.0,0.0342633382,0.59,0.59,132203390,132203390,,,15.453461518649409,0.5294871788083497,0.6505128196788297,-21.459358946846976,0.7034615375596647,15.967820492348949,-9.818205115617683,15.967820492348949,26.731538427267257,4812203396.0,8253203396.0,17.186440700000002,2.3554593225648555,55.95585344186047,-1.6962296073316885,2.279584744670772,2.279584744670772,4.039747134605972,28.75680625783972,95.9674813488372,-2.9091305590412406,0.0145463510661634,-0.5895428282100817,1.6740881099005211,0.3714916430148218,11.989547038327526,1.0567375886524824,0.0,1.2285714285714286,0.0049873203655417,0.3428571428571428,0.0,0.0,0.3583517292126563,33.98837209302326,1.430739109153206,28.37864077669903,0.0,13.792462254607404,0.0137975687608708,0.0114678899082568,-43.448205072502304,144000000.0,-1298000000.0,-4720000000.0,5092000000.0,1297500000.0,460000000.0,1101500000.0,59.20704845814978,27.706117021276597,66.6622340425532,1.5200892857142858,3.248380129589633,1.3500897666068223,0.0331596399810516,22.109871766525806,1996-10-16,0.57,bmo,,2025-04-20,1996-09-30,0.0701754385964913,32.31328125,303365.375
1996-06-30,NOC,USD,1133421,1996-06-30,1996-06-29 20:00:00,1996,Q2,2143000000.0,1531000000.0,612000000.0,0.2855809613,0,0.0,0.0,304000000.0,100000000.0,404000000.0,1935000000.0,0.0,0.0,100000000.0,308000000.0,0.1437237517,208000000.0,0.097060196,-68000000.0,140000000.0,0.0653289781,54000000.0,86000000.0,0.040130658,0.79,0.78,108860759,110967742,,,19.685697763690957,0.7900000035825582,2.121976753808964,1.7177907054643995,1.0931395398409816,18.96918613253468,-21.66069777264735,18.96918613253468,32.95953503318859,3363797453.1,6832797453.1,9.778480968313954,1.5696675002799814,14.561893736363636,17.98822167433155,1.6289576044067795,1.6289576044067795,3.188426249696687,22.18440731525974,29.579209753679656,36.539023813368985,0.0255663431580115,0.0555919322156763,1.7375302663438257,0.3804474605025978,11.262987012987011,1.1308370044052865,0.0,2.686046511627907,0.0059456611995375,0.2325581395348837,0.0,0.0,0.4689852613720708,0.1904761904761904,0.0205319645356976,0.44,0.0,18.362387781409684,0.0172407810783198,0.0171725239616613,-52.95066884477629,297000000.0,-2358000000.0,-4799000000.0,6277000000.0,1348500000.0,453000000.0,1042500000.0,52.53849743350443,26.864794252122795,64.01698236446767,1.713029576338929,3.350109409190372,1.4058769513314968,0.0416464891041162,0.4041860483445646,1996-07-17,0.61,bmo,,2025-04-20,1996-06-30,0.2622950819672132,28.643809523809523,408408.2222222223
1996-03-31,NOC,USD,1133421,1996-03-31,1996-03-30 19:00:00,1996,Q1,1603000000.0,1203000000.0,400000000.0,0.2495321273,0,0.0,0.0,191000000.0,70000000.0,261000000.0,1464000000.0,0.0,0.0,70000000.0,209000000.0,0.1303805365,139000000.0,0.0867124142,-37000000.0,102000000.0,0.0636306925,41000000.0,61000000.0,0.0380536494,0.59,0.57,104273504,106086957,,,15.373032827207956,0.5850000015344262,2.2057377107035743,1.8125409883607635,0.7576229528068799,14.43319675916904,-18.691229557222897,14.43319675916904,40.28827879419877,2991606829.76,7113606829.76,12.26068372852459,1.8662550403992515,13.006986216347826,15.828607564867726,1.987778624425249,1.987778624425249,4.437683611827823,34.03639631464115,30.92872534678261,37.638131374391534,0.0203903799768011,0.0631767510756627,2.791362126245847,0.4424433912585571,19.72248803827751,1.14835886214442,0.0,3.7704918032786887,0.0063511019599872,0.3114754098360656,0.0,0.0,0.3637704054765666,0.1782608695652174,0.0255770430442919,0.5857142857142857,0.0,13.783212718407224,0.0111430899437523,0.0100976659493461,-60.69135261820683,339000000.0,-1949000000.0,-5366000000.0,5471000000.0,1321500000.0,404500000.0,883500000.0,81.18527760449157,33.591022443890274,74.51371571072319,1.1085753803596128,2.6792873051224944,1.2078313253012047,0.040531561461794,0.393196722342811,1996-04-17,0.6,bmo,,2025-04-20,1996-03-31,0.0333333333333333,28.63015873015873,335004.0793650793
1995-12-31,NOC,USD,1133421,1995-12-31,1995-12-30 19:00:00,1995,Q4,1812000000.0,1316000000.0,496000000.0,0.2737306843,0,0.0,0.0,300000000.0,75000000.0,375000000.0,1691000000.0,0.0,0.0,75000000.0,196000000.0,0.1081677704,121000000.0,0.0667770419,-28000000.0,93000000.0,0.0513245033,35000000.0,58000000.0,0.03200883,0.59,0.59,97600000,97600000,,,18.5655737704918,0.5942622950819673,4.477459016393443,4.108606557377049,0.1844262295081967,14.94877049180328,-3.0737704918032787,14.94877049180328,14.057377049180328,2866512000.0,4220512000.0,12.355655172413792,1.5819602649006623,6.559524027459954,7.14840897755611,1.9647100753941056,1.9647100753941056,2.3292008830022075,21.53322448979592,9.657922196796338,10.52496758104738,0.0202336498155249,0.1398912685521637,0.9403701165181632,0.2515123739688359,6.908163265306122,1.2081632653061225,0.0,7.5344827586206895,0.0061525366019748,0.3040744827586207,0.0,0.0,0.3224564619615032,0.0823798627002288,0.0198675496688741,0.48,0.0,14.13784070765524,0.0191092341330457,0.0156926406926406,-27.610143442622952,357000000.0,-300000000.0,-1924000000.0,3292000000.0,1222500000.0,349500000.0,846500000.0,59.45364238410596,24.62006079027356,52.72796352583587,1.513784461152882,3.655555555555555,1.7068741893644617,0.0397532556545579,0.3688524590163934,1996-02-07,0.64,bmo,,2025-04-20,1995-12-31,-0.078125,27.26984126984127,188392.5873015873
1995-09-30,NOC,USD,1133421,1995-09-30,1995-09-29 20:00:00,1995,Q3,1630000000.0,1205000000.0,425000000.0,0.2607361963,0,0.0,0.0,230000000.0,64000000.0,294000000.0,1499000000.0,0.0,0.0,64000000.0,195000000.0,0.1196319018,131000000.0,0.0803680982,-31000000.0,100000000.0,0.0613496933,39000000.0,61000000.0,0.0374233129,0.63,0.63,97600000,97600000,,,16.700819672131146,0.625,1.3729508196721312,1.1065573770491803,0.3278688524590163,14.64139344262295,-5.942622950819672,14.64139344262295,17.889344262295083,2694736000.0,4408736000.0,11.044,1.6532122699386502,20.10997014925373,24.95125925925926,1.8857494751574528,1.8857494751574528,2.7047460122699385,22.608902564102564,32.90101492537313,40.821629629629626,0.0226367258239768,0.0400781375244179,1.2218334499650103,0.3009307135470527,8.78974358974359,1.269271948608137,0.0,2.19672131147541,0.0074218773193366,0.3278688524590163,0.0,0.0,0.3462599103757325,0.1940298507462686,0.0159509202453987,0.40625,0.0,14.349027677403276,0.0188156345655757,0.0160822567888215,-30.16393442622951,503000000.0,-580000000.0,-2002000000.0,3789000000.0,1249000000.0,367000000.0,954500000.0,68.9079754601227,25.3195020746888,68.8630705394191,1.3060897435897436,3.5545722713864305,1.306941431670282,0.0426871938418474,0.2663934426229508,1995-10-18,0.57,bmo,,2025-04-20,1995-09-30,0.1052631578947369,26.55238095238095,293721.9682539682
1995-06-30,NOC,USD,1133421,1995-06-30,1995-06-29 20:00:00,1995,Q2,1759000000.0,1285000000.0,474000000.0,0.2694712905,0,0.0,0.0,232000000.0,75000000.0,307000000.0,1592000000.0,0.0,0.0,75000000.0,242000000.0,0.1375781694,167000000.0,0.094940307,-39000000.0,128000000.0,0.0727686185,49000000.0,79000000.0,0.0449118818,0.8,0.8,99371069,99371069,,,17.701329146413833,0.7950000014591773,-0.1811392408387998,-0.4427848109392885,0.0301898734731333,13.94772154458759,-0.3622784816775997,13.94772154458759,18.456075983242165,2349132071.16,4180132071.16,7.433962250506329,1.3354929341444002,-130.50733728666668,-53.38936525363636,1.6949004842424242,1.6949004842424242,2.376425282069357,17.273273021322314,-232.22955950888888,-95.00300161727272,0.0336294416860904,-0.0187303219517465,1.323232323232323,0.3033912324234905,7.566115702479339,1.2728232189973614,0.0,-0.2278481012658227,0.0085137827053393,0.2531645569620253,0.0,0.0,0.2352357320099255,-1.4444444444444444,0.0147811256395679,0.3466666666666667,0.0,15.795248323047504,0.0229657559046345,0.0170884706900281,-32.45411398361831,517000000.0,-36000000.0,-2247000000.0,3269000000.0,1186000000.0,423000000.0,1031500000.0,63.95679363274588,27.66536964980545,69.1284046692607,1.4072,3.2531645569620253,1.301925025329281,0.056998556998557,0.2616455701004887,1995-07-20,0.64,bmo,,2025-04-20,1995-06-30,0.25,23.10825396825397,260057.44444444444
1995-03-31,NOC,USD,1133421,1995-03-31,1995-03-30 19:00:00,1995,Q1,1617000000.0,1233000000.0,384000000.0,0.2374768089,0,0.0,0.0,201000000.0,66000000.0,267000000.0,1500000000.0,0.0,0.0,66000000.0,183000000.0,0.1131725417,117000000.0,0.0723562152,-29000000.0,88000000.0,0.0544217687,34000000.0,54000000.0,0.0333951763,0.55,0.55,98181818,98181818,,,16.469444474943415,0.5500000010185185,1.945370373972908,1.4870370397908093,0.1018518520404663,13.505555580565844,-4.8481481571262,13.505555580565844,18.200925959631345,2176690905.06,3953690905.06,10.077272708611112,1.346129192987013,11.39628746104712,14.908841815479452,1.641546685565611,1.641546685565611,2.4450778633642547,21.6048683336612,20.69995238251309,27.08007469219178,0.0248082995497753,0.0670742913753184,1.347662141779789,0.293431855500821,9.710382513661202,1.2436363636363637,0.0,3.537037037037037,0.0087288461378839,0.3518518518518518,0.0,0.0,0.2958949096880131,0.2356020942408377,0.0278293135435992,0.6818181818181818,0.0,12.927925224838075,0.0163692326825021,0.0125932835820895,-34.369907471055384,469000000.0,-476000000.0,-2370000000.0,3643000000.0,1162000000.0,423500000.0,1059500000.0,62.44897959183673,32.91970802919708,78.54014598540147,1.4411764705882353,2.7339246119733924,1.145910780669145,0.0407239819004524,0.4583333341820987,1995-04-19,0.57,bmo,,2025-04-20,1995-03-31,0.0,19.91492063492064,290359.38095238095
1994-12-31,NOC,USD,1133421,1994-12-31,1994-12-30 19:00:00,1994,Q4,1880000000.0,1485000000.0,395000000.0,0.210106383,0,0.0,0.0,449000000.0,68000000.0,517000000.0,2002000000.0,0.0,0.0,68000000.0,-54000000.0,-0.0287234043,-122000000.0,-0.064893617,-60000000.0,-182000000.0,-0.0968085106,-61000000.0,-121000000.0,-0.0643617021,-1.23,-1.23,98484000,98734177,,,19.089395231712764,-1.228625969700662,0.4873888144267089,0.132001137240567,0.172616871776126,13.098574387717802,-4.518500467080947,13.098574387717802,19.63770764794281,1876120200.0,3793120200.0,-3.876281404958678,0.9979362765957448,39.0858375,144.31693846153846,1.4543567441860463,1.4543567441860463,2.0176171276595745,-70.24296666666666,79.0233375,291.77847692307694,-0.0644948015590898,0.0069291935559352,1.4992248062015503,0.3198280138911857,-35.5,1.2377800407331976,0.0,-0.396694214876033,0.0106602977783619,-0.1652892561983471,0.0,0.0,0.2869191334546055,0.7291666666666666,0.0186170212765957,0.5147058823529411,0.0,,-0.0185013435469639,-0.0280612244897959,-33.68059786361236,467000000.0,-445000000.0,-2326000000.0,3580000000.0,1217000000.0,419000000.0,1052000000.0,57.54255319148936,24.0,63.21212121212121,1.5640599001663893,3.75,1.423777564717162,-0.0937984496124031,0.3553876771861419,1995-02-15,0.57,bmo,,2025-04-20,1994-12-31,0.6140350877192985,19.74,221287.6031746032
1994-09-30,NOC,USD,1133421,1994-09-30,1994-09-29 20:00:00,1994,Q3,1927000000.0,1473000000.0,454000000.0,0.2355993773,0,0.0,0.0,267000000.0,82000000.0,349000000.0,1822000000.0,0.0,0.0,82000000.0,187000000.0,0.0970420343,105000000.0,0.0544888428,-43000000.0,62000000.0,0.0321743643,23000000.0,39000000.0,0.020238713,0.4,0.4,98734177,98734177,,,19.517051324588444,0.3950000008608974,0.3950000008608974,0.0,0.1417948721039119,14.432692339148176,1.9142307734028103,14.432692339148176,19.709487222443755,2026025312.04,3958025312.04,12.987341743846152,1.0513883300674625,51.94936697538461,0.0,1.4217721488,1.4217721488,2.0539830368655942,21.165910759572192,101.48782851384615,0.0,0.0192495127125193,0.0,1.3656140350877193,0.3144288253352723,10.331550802139038,1.3050108932461877,0.0,1.0,0.0098715449807791,0.5128205128205128,0.0,0.0,0.1997091614154144,1.0,0.0202387130254281,0.4756097560975609,0.0,11.325659073261187,0.0144273453684522,0.0078740157480314,-33.37750007274583,560000000.0,189000000.0,-2368000000.0,3342000000.0,1150000000.0,450500000.0,1038000000.0,57.54021795537104,27.0061099796334,64.82688391038697,1.5641233766233766,3.332579185520362,1.3883129123468425,0.0273684210526315,0.3950000008608974,1994-10-19,0.56,bmo,,2025-04-20,1994-09-30,-0.2857142857142857,19.2615625,246019.0
1994-06-30,NOC,USD,1133421,1994-06-30,1994-06-29 20:00:00,1994,Q2,1686000000.0,1274000000.0,412000000.0,0.2443653618,0,0.0,0.0,203000000.0,76000000.0,279000000.0,1553000000.0,0.0,0.0,76000000.0,209000000.0,0.1239620403,133000000.0,0.0788849348,-27000000.0,106000000.0,0.0628706999,41000000.0,65000000.0,0.0385527877,0.67,0.67,98200000,98200000,,,17.169042769857434,0.6619144602851323,2.077393075356416,1.720977596741344,1.0285132382892055,14.317718940936864,-2.25050916496945,14.317718940936864,20.570264765784117,1653688000.0,3572688000.0,6.360338461538462,0.980835112692764,8.106313725490196,9.785136094674556,1.1761650071123757,1.1761650071123757,2.119032028469751,17.094200956937797,17.513176470588235,21.140165680473373,0.0393060843399722,0.1021958192839278,1.4366998577524894,0.3427795689801459,9.181818181818182,1.1385151968111609,0.0,3.1384615384615384,0.0114894708070688,0.2923076923076923,0.0,0.0,0.2760902765993551,0.1715686274509804,0.0207591933570581,0.4605263157894737,0.0,14.60256371735285,0.0188832145805938,0.0152367557430848,-31.33910386965377,278000000.0,-221000000.0,-2202000000.0,3323000000.0,940000000.0,376500000.0,789500000.0,57.01067615658364,32.425431711146,71.7032967032967,1.5786516853932584,2.775599128540305,1.2551724137931035,0.046230440967283,0.3564154786150713,1994-07-27,0.5,bmo,,2025-04-20,1994-06-30,0.3400000000000001,16.892258064516128,255586.6935483871
1994-03-31,NOC,USD,1133421,1994-03-31,1994-03-30 19:00:00,1994,Q1,1218000000.0,978000000.0,240000000.0,0.197044335,0,0.0,0.0,116000000.0,41000000.0,157000000.0,1135000000.0,0.0,0.0,41000000.0,124000000.0,0.1018062397,83000000.0,0.0681444992,-4000000.0,79000000.0,0.0648604269,27000000.0,52000000.0,0.0426929392,0.53,0.53,98200000,98200000,,,12.40325865580448,0.5295315682281059,1.5274949083503055,1.2729124236252545,2.09775967413442,13.84928716904277,10.814663951120163,13.84928716904277,1.629327902240326,1776438000.0,1730438000.0,8.540567307692308,1.458487684729064,11.84292,14.211504,1.3062044117647058,1.3062044117647058,1.420720853858785,13.955145161290323,11.536253333333333,13.843504,0.0292720601563353,0.0703655292219599,0.1176470588235294,0.0527182866556836,-0.3709677419354839,1.4631765749778172,0.0,2.8846153846153846,0.0112584846755135,0.3846153846153846,0.0,0.0,0.0981878088962108,0.1666666666666666,0.0205254515599343,0.6097560975609756,0.0,12.84549656311322,0.0286336013587028,0.0189989039093898,-5.885947046843177,522000000.0,1062000000.0,-26000000.0,1818000000.0,816000000.0,309000000.0,566500000.0,60.0,27.055214723926383,51.90184049079755,1.5,3.326530612244898,1.7340425531914894,0.038235294117647,0.2545824847250509,1994-04-20,0.54,bmo,,2025-04-20,1994-03-31,-0.0185185185185185,18.163968253968253,434433.98412698414
1993-12-31,NOC,USD,1133421,1993-12-31,1993-12-30 19:00:00,1993,Q4,1256000000.0,1101000000.0,155000000.0,0.1234076433,0,0.0,0.0,131000000.0,64000000.0,195000000.0,1296000000.0,0.0,0.0,64000000.0,24000000.0,0.0191082803,-40000000.0,-0.0318471338,-17000000.0,-57000000.0,-0.0453821656,-22000000.0,-35000000.0,-0.027866242,-0.36,-0.36,96296296,96296296,,,13.043076963209469,-0.3634615395798816,3.530769241633136,3.219230779136095,1.0384615416568048,13.72846158070296,10.841538494897042,13.72846158070296,1.6615384666508877,1632222217.2,1692222217.2,-11.658730122857143,1.2995399818471338,4.80065358,5.265232958709678,1.2346612838124054,1.2346612838124054,1.3473106824840764,70.50925905,4.977124168235294,5.458781345806452,-0.0214431586772791,0.1899251197130439,0.1210287443267776,0.0544402858115005,2.5,1.4457831325301205,0.0,-9.714285714285714,0.0122532335298738,-0.5714285714285714,0.0,0.0,0.0945899965974821,0.088235294117647,0.0238853503184713,0.46875,0.0,,-0.0132050556498773,-0.0131529500187899,-6.4125000197307696,481000000.0,1044000000.0,-57000000.0,1775000000.0,963000000.0,328000000.0,612000000.0,58.75796178343949,26.4850136239782,46.51226158038147,1.5317073170731708,3.3981481481481484,1.934973637961336,-0.0264750378214826,0.3115384624970414,1994-02-01,0.54,bmo,,2025-04-20,1993-12-31,0.3518518518518517,16.349375,218583.921875
1993-09-30,NOC,USD,1133421,1993-09-30,1993-09-29 20:00:00,1993,Q3,1220000000.0,940000000.0,280000000.0,0.2295081967,0,0.0,0.0,119000000.0,78000000.0,197000000.0,1137000000.0,0.0,0.0,78000000.0,161000000.0,0.1319672131,83000000.0,0.0680327869,-14000000.0,69000000.0,0.056557377,43000000.0,26000000.0,0.0213114754,0.27,0.27,96296296,96296296,,,12.669230808213015,0.2700000008307692,0.9138461566579882,0.5503846170781065,0.1246153849988165,14.226923120698226,11.610000035723075,14.226923120698226,3.8423077041301776,1533999995.28,1891999995.28,14.749999954615385,1.2573770453114754,17.431818128181817,28.94339613735849,1.1197080257518248,1.1197080257518248,1.550819668262295,11.751552765714283,21.49999994636364,35.69811311849057,0.0169491525945241,0.034550195673453,0.2700729927007299,0.1136014737488486,2.2236024844720497,1.361764705882353,0.0,3.3846153846153846,0.0123859192036907,0.7307692307692307,0.0,0.0,0.0773718145532698,0.3977272727272727,0.0286885245901639,0.4487179487179487,0.0,9.296696091847672,0.0148435511717325,0.0086522462562396,-7.456153869095858,492000000.0,1118000000.0,-35000000.0,1812000000.0,1084500000.0,352000000.0,655000000.0,81.59016393442623,31.787234042553195,62.71276595744681,1.1030741410488245,2.8313253012048194,1.4351145038167938,0.018978102189781,0.3634615395798816,1993-10-20,0.46,bmo,,2025-04-20,1993-09-30,0.0,17.3603125,298979.65625
1993-06-30,NOC,USD,1133421,1993-06-30,1993-06-29 20:00:00,1993,Q2,1312000000.0,1064000000.0,248000000.0,0.1890243902,0,0.0,0.0,117000000.0,38000000.0,155000000.0,1219000000.0,0.0,0.0,38000000.0,131000000.0,0.099847561,93000000.0,0.0708841463,-13000000.0,80000000.0,0.0609756098,27000000.0,53000000.0,0.0403963415,0.56,0.56,94642857,94642857,,,13.862641530358705,0.560000000845283,-1.1094339639387685,-1.479245285251691,0.0422641510071911,14.105660398650054,11.664905677984764,14.105660398650054,4.490566044514062,1792535711.5800002,2213535711.58,8.45535713009434,1.3662619752896343,-17.071768681714286,-12.803826511285717,1.3427233794606743,1.3427233794606743,1.6871461216310977,16.897219172366412,-21.08129249123809,-15.810969368428571,0.0295670538989061,-0.0781016518084314,0.3183520599250936,0.1316604708798017,3.213740458015267,1.3135531135531135,0.0,-1.981132075471698,0.0105995098882871,0.3584905660377358,0.0,0.0,0.0715613382899628,-0.3333333333333333,0.0266768292682926,0.9210526315789472,0.0,13.331591101262608,0.028953242481203,0.0176843510176843,-8.075094351811464,428000000.0,1104000000.0,-100000000.0,1777000000.0,977000000.0,377000000.0,659000000.0,72.91920731707317,31.46616541353384,55.40413533834587,1.2342427093132644,2.860215053763441,1.6244274809160306,0.0397003745318352,0.3698113213129227,1993-07-23,0.58,bmo,,2025-04-20,1993-06-30,-0.0344827586206894,17.547619047619047,174274.61904761905
1993-03-31,NOC,USD,1133421,1993-03-31,1993-03-30 19:00:00,1993,Q1,1275000000.0,1043000000.0,232000000.0,0.1819607843,0,0.0,0.0,118000000.0,31000000.0,149000000.0,1192000000.0,0.0,0.0,31000000.0,114000000.0,0.0894117647,83000000.0,0.0650980392,-5000000.0,78000000.0,0.0611764706,26000000.0,52000000.0,0.0407843137,0.55,0.55,95412844,95412844,,,13.362980774370378,0.5450000002096154,0.5974038463836169,0.2410576924004068,1.0061538465408284,13.50971154365758,11.35067308128872,13.50971154365758,3.8778846168761096,1596256880.12,1870256880.12,7.674311923653847,1.2519661804862745,28.00450666877193,69.40247304869565,1.238368409712956,1.238368409712956,1.4668681412705884,16.40576210631579,32.81152421263158,81.31551652695653,0.0325762104130074,0.0144087084519071,0.287044220325834,0.117759388924252,2.4035087719298245,1.287210172026926,0.0,1.0961538461538465,0.011902846112445,0.3653846153846153,0.0,0.0,0.0655633354551241,0.5964912280701754,0.0266666666666666,1.096774193548387,0.0,12.87100764772586,0.027460711331679,0.0177111716621253,-7.936562503052524,384000000.0,1083000000.0,-132000000.0,1714000000.0,841000000.0,372500000.0,666500000.0,62.89411764705883,32.962607861936725,57.20997123681688,1.430976430976431,2.730366492146597,1.5731523378582202,0.0403413498836307,0.35634615398321,1993-04-21,0.53,bmo,,2025-04-20,1993-03-31,0.0377358490566038,15.328387096774192,237383.01612903227
1992-12-31,NOC,USD,1133421,1992-12-31,1992-12-30 19:00:00,1992,Q4,1514100000.0,1281000000.0,233100000.0,0.1539528433,0,0.0,0.0,92900000.0,41500000.0,134400000.0,1415400000.0,0.0,0.0,41500000.0,140200000.0,0.0925962618,98700000.0,0.0651872399,-17000000.0,81700000.0,0.0539594479,26400000.0,55300000.0,0.0365233472,0.59,0.59,94202899,94202899,,,16.072753769499176,0.587030766431084,2.9372769090683715,2.5179692187604545,2.441538449894201,13.311692244205776,13.311692244205776,13.311692244205776,5.413846128026273,1458260876.52,1738260876.52,6.592499441772152,0.9631205841886268,5.2701874829056745,6.147811452445194,1.162887461339713,1.162887461339713,1.148048924456773,12.39843706504993,6.282113756848572,7.328249901011804,0.0379218841363749,0.1626595102558433,0.4066985645933014,0.1612903225806451,1.9971469329529243,1.2517780938833571,0.0,5.003616636528029,0.0099433511749988,0.2622061482820976,0.0,0.0,0.0,0.1427538850740874,0.0260881051449706,0.9518072289156626,0.0,13.259841260880302,0.0317220949411891,0.0174889310562934,-7.958884577426858,354000000.0,1254000000.0,-148000000.0,1478000000.0,945400000.0,426800000.0,692200000.0,47.01803051317615,25.50351288056206,47.07259953161592,1.9141592920353985,3.5289256198347108,1.9119402985074627,0.0440988835725677,0.4193076903079171,1992-12-30,,bmo,,2025-04-20,1992-12-31,,12.685625,180658.578125
1992-09-30,NOC,USD,1133421,1992-09-30,1992-09-29 20:00:00,1992,Q3,1293600000.0,1172400000.0,121200000.0,0.0936920223,0,0.0,0.0,119400000.0,40900000.0,160300000.0,1332700000.0,0.0,0.0,40900000.0,1800000.0,0.0013914657,-39100000.0,-0.0302257267,-10300000.0,-49400000.0,-0.0381880025,-16900000.0,-32500000.0,-0.0251236858,-0.34,-0.34,94202899,94202899,,,13.732061472970168,-0.3449999983546153,-0.640107689254871,-0.941584610893981,0.044584615171981,12.828692246509316,12.828692246509316,12.828692246509316,5.42446151259103,1041884062.94,1548684062.94,-8.014492791846155,0.8054143962121213,-17.27834266898839,-11.746156290191658,0.8621299651965246,0.8621299651965246,1.197189287987013,860.3800349666667,-25.68298611840796,-17.459797778354,-0.0311934899054805,-0.085134232449727,0.4228382292097641,0.1560210063507572,281.55555555555554,1.3550380911312347,0.0,1.8553846153846152,0.0136291555894715,-0.4369230769230769,0.0,0.0,0.0,-0.4709784411276949,0.0219542362399505,0.6943765281173594,0.0,,-0.0127043086776601,-0.0099230581338544,-9.34631534004065,494000000.0,1208500000.0,-181300000.0,1628100000.0,1061150000.0,473150000.0,707350000.0,76.51669758812615,37.66120777891505,54.84135107471853,1.176213857064921,2.389726865063188,1.6410974244120942,-0.0268928423665701,0.30147692163911,1993-02-17,0.64,bmo,,2025-04-20,1992-09-30,-0.078125,11.69140625,139571.796875
1992-06-30,NOC,USD,1133421,1992-06-30,1992-06-29 20:00:00,1992,Q2,1441800000.0,1191900000.0,249900000.0,0.1733250104,0,0.0,0.0,122900000.0,37800000.0,160700000.0,1352600000.0,0.0,0.0,37400000.0,127000000.0,0.088084339,89200000.0,0.0618671106,-12600000.0,76600000.0,0.0531280344,25600000.0,51000000.0,0.0353724511,0.54,0.54,94444444,94444444,,,15.266117718899377,0.5400000025411765,-1.3637647123000691,-1.6284705958986851,0.9232941219919724,13.28823535665052,13.28823535665052,13.28823535665052,4.764705904775087,1124833328.04,1487633328.04,5.513888862941176,0.7801590567623803,-8.73317801273292,-7.313610715474642,0.8962815362868526,0.8962815362868526,1.031788963822999,11.713648252283464,-11.549948199068323,-9.672518387776332,0.0453400505911987,-0.136731368253458,0.3585657370517928,0.1404450547735713,2.8566929133858268,1.4564114571138689,0.0,-2.5254901960784317,0.0125351904575667,0.2764705882352941,0.0,0.0,0.0,-0.1940993788819875,0.0173394368150922,0.6684491978609626,0.0,12.706378726571872,0.029653002767405,0.0159171062076714,-7.886911801820761,584800000.0,1255000000.0,-83000000.0,1734500000.0,886400000.0,409550000.0,686700000.0,63.82646691635456,34.409765919959725,52.8794361943116,1.4100733496332518,2.6155365371955237,1.701984863629873,0.0406374501992031,0.2647058835986159,1992-06-29,,bmo,,2025-04-20,1992-06-30,,11.567301587301587,118961.84126984129
1992-03-31,NOC,USD,1133421,1992-03-31,1992-03-30 19:00:00,1992,Q1,1300500000.0,1062300000.0,238200000.0,0.183160323,0,0.0,0.0,119800000.0,38200000.0,158000000.0,1220300000.0,0.0,0.0,38200000.0,118400000.0,0.091041907,80200000.0,0.061668589,-9100000.0,71100000.0,0.0546712803,23900000.0,47200000.0,0.0362937332,0.5,0.5,94400000,94400000,,,13.77648305084746,0.5,2.080508474576271,1.7616525423728813,2.941737288135593,12.902542372881356,12.902542372881356,12.902542372881356,4.978813559322034,1028016000.0,1220316000.0,5.445,0.790477508650519,5.234297352342159,6.181695730607336,0.8440197044334975,0.8440197044334975,0.9383437139561708,10.306722972972972,6.213421588594705,7.338039687312087,0.0459136822773186,0.1617679102270781,0.3858784893267651,0.1525082743850996,1.6241554054054057,1.4708056792405275,0.0,4.161016949152542,0.0138130145834306,0.3008474576271186,0.0,0.0,0.0,0.1532586558044806,0.0231449442522106,0.7879581151832461,0.0,12.047970853837391,0.0270053608506306,0.0153157245765461,-7.275688559322034,560400000.0,1218000000.0,-113100000.0,1725100000.0,805150000.0,385100000.0,683200000.0,51.92387543252595,30.78791301892121,57.02626376729737,1.7333066773290684,2.923225096312603,1.5782201753082752,0.0387520525451559,0.3188559322033898,1992-03-30,,bmo,,2025-04-20,1992-03-31,,11.467460317460318,170437.7142857143
1991-12-31,NOC,USD,1133421,1991-12-31,1991-12-30 19:00:00,1991,Q4,1567300000.0,1249700000.0,317600000.0,0.2026414854,0,0.0,0.0,177100000.0,43600000.0,220700000.0,1470400000.0,0.0,0.0,43600000.0,140500000.0,0.0896446118,96900000.0,0.0618260703,-17200000.0,79700000.0,0.0508517833,-59200000.0,138900000.0,0.0886237478,1.47,1.47,94385965,94385965,,,16.605223032894774,1.4716170990040731,2.8341078040575205,2.3880669122787483,2.151802971977878,12.5272862337107,12.5272862337107,12.5272862337107,5.827137541052847,1124136843.15,1471036843.15,2.023284454913607,0.7172442054169592,4.202380722056075,4.987297440771961,0.95072466436908,0.95072466436908,0.938580261054042,10.47001311850534,5.499203151962617,6.526339144409938,0.1235614692698634,0.2005093964969561,0.4651556156968877,0.1758424451691284,2.469039145907473,1.510492433742998,0.0,1.925845932325414,0.0125429569237226,0.101511879049676,0.0,0.0,0.0,0.1573831775700934,0.0268614815287436,0.9655963302752294,0.0,20.36653613349746,0.0839468656664659,0.0444082102436217,-7.952983263984216,610600000.0,1182400000.0,-138700000.0,1787300000.0,990600000.0,480800000.0,696650000.0,49.38429145664519,29.29663119148596,49.92958309994398,1.822441860465116,3.072025565388397,1.8025385835857493,0.1174729364005412,0.4460408917787724,1991-12-30,,bmo,,2025-04-20,1991-12-31,,10.49453125,205928.359375
1991-09-30,NOC,USD,1133421,1991-09-30,1991-09-29 20:00:00,1991,Q3,1555100000.0,1303200000.0,251900000.0,0.1619831522,0,0.0,0.0,107800000.0,44300000.0,152100000.0,1455300000.0,0.0,0.0,44300000.0,144100000.0,0.0926628513,99800000.0,0.0641759372,-17400000.0,82400000.0,0.0529869462,28600000.0,53800000.0,0.0345958459,0.57,0.57,94385965,94385965,,,16.475966527438693,0.5699999994702603,2.2121933064942443,1.8975278792773904,2.657174718720098,11.922323408994124,11.922323408994124,11.922323408994124,8.581784378641464,995771930.75,1554971930.75,4.627192986756506,0.6403266225644654,4.769022656848659,5.559865609994417,0.8848946332089221,0.8848946332089221,0.9999176456497976,10.790922489590562,7.447183576388888,8.68214366694584,0.054028435968745,0.1798604624907478,0.7198080511863503,0.2359796067006555,3.8806384455239415,1.3187147199305254,0.0,3.8810408921933086,0.0141598689063067,0.2620817843866171,0.0,0.0,0.0,0.1422413793103448,0.0190984502604334,0.6704288939051919,0.0,12.365427512959094,0.0313212265005049,0.0156737072104879,-9.169795530511342,513800000.0,1125300000.0,-181300000.0,1694900000.0,1052800000.0,461300000.0,732750000.0,64.88843161211499,38.31491712707182,48.34254143646409,1.38699607563325,2.348954578226388,1.8617142857142857,0.0478094730294143,0.3146654272168537,1991-09-29,,bmo,,2025-04-20,1991-09-30,,12.3471875,258453.234375
1991-06-30,NOC,USD,1133421,1991-06-30,1991-06-29 20:00:00,1991,Q2,1325000000.0,1075400000.0,249600000.0,0.1883773585,0,0.0,0.0,131500000.0,41800000.0,173300000.0,1248700000.0,0.0,0.0,41800000.0,118100000.0,0.0891320755,76300000.0,0.0575849057,-20400000.0,55900000.0,0.0421886792,19700000.0,36200000.0,0.0273207547,0.39,0.39,94025974,94025974,,,14.091850832622058,0.3850000001063536,0.8497651936049075,0.6051519338688265,1.173080110821293,11.537237572247856,11.537237572247856,11.537237572247856,8.827348068736837,1087880519.18,1807580519.18,7.512987010911602,0.8210419012679245,13.6155258971214,19.119165539191567,1.0028397116334808,1.0028397116334808,1.3642117125886792,15.305508206435224,22.62303528385482,31.76767169033392,0.0332757130601861,0.0523035379316185,0.765117994100295,0.2598622417031935,6.093988145639289,1.3553189959001657,0.0,2.207182320441989,0.0129609821588017,0.3895027624309392,0.0,0.0,0.0,0.2878598247809762,0.0173584905660377,0.5502392344497608,0.0,9.997065594323423,0.0239427888998371,0.0113337507827175,-9.336250002579074,494000000.0,1084800000.0,-224900000.0,1691800000.0,997900000.0,385400000.0,764000000.0,66.86490566037736,30.781104705225964,64.06453412683653,1.3459975619666802,2.923871669385536,1.404833442194644,0.0333702064896755,0.244613259736081,1991-06-29,,bmo,,2025-04-20,1991-06-30,,11.44859375,268116.296875
1991-03-31,NOC,USD,1133421,1991-03-31,1991-03-30 19:00:00,1991,Q1,1246800000.0,1011700000.0,235100000.0,0.1885627206,0,0.0,0.0,115000000.0,41600000.0,156600000.0,1168300000.0,0.0,0.0,41600000.0,120100000.0,0.0963265961,78500000.0,0.0629611806,-19300000.0,59200000.0,0.0474815528,19900000.0,39300000.0,0.031520693,0.42,0.42,93571429,93571429,,,13.324580091643144,0.4199999980763358,0.5685496157165666,0.3270228992655439,0.95862594980782,11.352824375483246,11.352824375483246,11.352824375483246,9.083969424042888,1193971434.04,1954271434.04,7.595238130025446,0.9576286766442093,22.443072068421053,39.01867431503267,1.1239493872164172,1.1239493872164172,1.5674297674366378,16.27203525428809,36.7344254518797,63.86507954379085,0.03291536035081,0.025628753860936,0.8001506165866517,0.2653927813163482,6.330557868442964,1.3641308237314822,0.0,1.3536895674300256,0.0118093277594509,0.3587786259541984,0.0,0.0,0.0,0.424812030075188,0.0181264035931985,0.5432692307692307,0.0,10.357808158917535,0.0252298867494945,0.0122705133008617,-9.735877818003614,508800000.0,1062300000.0,-234400000.0,1727400000.0,927850000.0,366750000.0,741700000.0,73.00769971126083,35.85054858159533,67.83137293664129,1.2327466877595412,2.510421836228288,1.3268196721311476,0.0369951990963004,0.2415267164510226,1991-03-30,,bmo,,2025-04-20,1991-03-31,,10.585081967213114,465991.524590164
1990-12-31,NOC,USD,1133421,1990-12-31,1990-12-30 19:00:00,1990,Q4,1521100000.0,1276300000.0,244800000.0,0.1609361646,0,0.0,0.0,112800000.0,47600000.0,160400000.0,1436700000.0,0.0,0.0,47600000.0,132000000.0,0.0867793045,84400000.0,0.0554861613,-21100000.0,63300000.0,0.041614621,20600000.0,42700000.0,0.0280717902,0.45,0.45,93865546,94222222,,,16.205094039510513,0.4549059992683577,2.421548797042101,2.1456222073219497,1.8419964232669568,11.00084156544511,11.00084156544511,11.00084156544511,10.523563139983226,739660502.48,1554560502.48,4.330565002810305,0.486266847991585,3.2541157170259565,3.672594351936445,0.7163088344760797,0.7163088344760797,1.0219975691801986,11.776973503636365,6.839245501451826,7.718771114597815,0.0577291877244108,0.2722870821474555,0.9566143714894442,0.3192424536229074,6.173484848484849,1.470345963756178,0.0,5.323185011709602,0.0189276025325937,0.3278688524590163,0.0,0.0,0.0,0.1139463264408271,0.0170271514035895,0.5441176470588235,0.0,10.611213340859663,0.0266018752141544,0.0138000129274125,-9.535181311362106,571000000.0,1032600000.0,-276600000.0,1810300000.0,957500000.0,352300000.0,722150000.0,49.95529550982841,23.30564914205124,50.83522682754838,1.8016108018476844,3.861724659606657,1.7704258565681787,0.0413519271741235,0.2759265897201514,1990-12-30,,bmo,,2025-04-20,1990-12-31,,7.593125,339201.703125
1990-09-30,NOC,USD,1133421,1990-09-30,1990-09-29 20:00:00,1990,Q3,1277400000.0,1043000000.0,234400000.0,0.1834977298,0,0.0,0.0,100800000.0,46500000.0,147300000.0,1190300000.0,0.0,0.0,46900000.0,134000000.0,0.1049005793,87100000.0,0.0681853765,-23200000.0,63900000.0,0.0500234852,21500000.0,42400000.0,0.0331924221,0.45,0.45,94222222,94222222,,,13.557311352729508,0.4500000010613207,-0.1899764155423972,-0.4128537745586174,0.0403301887743636,10.659905685518645,10.659905685518645,10.659905685518645,10.282075495948291,700071109.4599999,1665071109.46,4.127777768042453,0.5480437681697197,-39.11011784692737,-17.996686618508996,0.6970042905814416,0.6970042905814416,1.3034845071708157,12.4259038019403,-93.02073237206704,-42.80388456195373,0.0605652760513217,-0.0555657839244438,0.9645559538032656,0.3050185756564448,7.201492537313433,1.2695390095212,0.0,-0.4221698113207547,0.0201408111397084,0.3325471698113207,0.0,0.0,0.0,-1.1731843575418994,0.0164396430248943,0.4477611940298507,0.0,10.38901079604944,0.0270786924088168,0.0133492853094893,-10.64796582699992,393500000.0,1004400000.0,-318400000.0,1660800000.0,1063050000.0,421750000.0,721350000.0,75.43682480037576,32.280920421860024,62.42186001917546,1.1930512748669095,2.788024592354985,1.4418025988388168,0.0422142572680207,0.2228773590162202,1990-09-29,,bmo,,2025-04-20,1990-09-30,,7.438253968253968,287049.5238095238
1990-06-30,NOC,USD,1133421,1990-06-30,1990-06-29 20:00:00,1990,Q2,1414100000.0,1177400000.0,236700000.0,0.1673856163,0,0.0,0.0,123900000.0,46100000.0,170000000.0,1347400000.0,0.0,0.0,64600000.0,131300000.0,0.0928505763,66700000.0,0.0471678099,-23300000.0,43400000.0,0.0306908988,14100000.0,29300000.0,0.0207198925,0.32,0.32,93015873,93015873,,,15.202781572560202,0.3150000000537543,-0.0225767918127264,-0.6719283277597148,0.0397781570033751,10.48960751032246,10.48960751032246,10.48960751032246,9.845631400997547,780403174.47,1692503174.47,6.658730157593856,0.5518726925040662,-371.6205592714286,-12.48645079152,0.7998392686993953,0.7998392686993953,1.1968765819036844,12.890351671515614,-805.9538926047619,-27.08005079152,0.037544696073153,-0.0800868090297633,0.9386081787434662,0.2900947131679812,6.946686976389946,1.240806319803868,0.0,-0.0193014705882352,0.0242182510506004,0.6450511945392492,0.0,0.0,0.0,-28.761904761904763,0.0427126794427551,0.934984520123839,0.0,8.622360073790546,0.0219285046660809,0.009281256929266,-11.033600684476724,353600000.0,975700000.0,-359200000.0,1648600000.0,851850000.0,362200000.0,895100000.0,67.17063856870094,35.8807542041787,54.983013419398674,1.339871138904681,2.508308478909246,1.6368691783678575,0.0300297222506918,0.6493515359469884,1990-06-29,,bmo,,2025-04-20,1990-06-30,,7.856190476190476,352874.14285714284
1990-03-31,NOC,USD,1133421,1990-03-31,1990-03-30 19:00:00,1990,Q1,853900000.0,761100000.0,92800000.0,0.1086778311,0,0.0,0.0,26900000.0,27500000.0,54400000.0,815500000.0,0.0,0.0,27500000.0,65900000.0,0.0771753133,38400000.0,0.044970137,-13700000.0,24700000.0,0.0289261038,8200000.0,16500000.0,0.0193231058,0.24,0.24,70212766,70212766,,,12.16160605323539,0.2349999998575757,0.8374545449469972,0.6394848480972819,0.109666666600202,12.227121204710835,12.227121204710835,12.227121204710835,12.9776969618317,469723404.54,1373223404.54,7.117021280909092,0.5500918193465277,7.988493274489796,10.461545758129176,0.5471443267792662,0.5471443267792662,1.6081782463286098,20.8379879292868,23.3541395329932,30.584040190200444,0.0351270552851383,0.0955881686244068,1.0613861386138614,0.3568295739348371,13.710166919575114,2.328346855983773,0.0,3.5636363636363635,0.0197988857061689,0.5636363636363636,0.0,0.0,0.0,0.2363945578231292,0.0162782527228012,0.5054545454545455,0.0,8.040578544528135,0.0138628522818569,0.0064614661654135,-9.481537873041493,1047800000.0,858500000.0,141500000.0,1572200000.0,833950000.0,382850000.0,876850000.0,68.33001522426514,30.153724871895943,126.63381947181712,1.3171371278728985,2.9847058823529413,0.7107106172378373,0.0192195690157251,0.1979696968497153,1990-03-30,,bmo,,2025-04-20,1990-03-31,,7.757301587301587,260247.12698412695
1989-12-31,NOC,USD,1133421,1989-12-31,1989-12-30 19:00:00,1989,Q4,1325000000.0,0.0,1325000000.0,1.0,0,0.0,0.0,0.0,-5225100000.0,-5225100000.0,-5225100000.0,0.0,0.0,0.0,-3900100000.0,-2.9434716981,-3900100000.0,-2.9434716981,3900100000.0,0.0,0.0,0.0,0.0,0.0,-0.35,-0.35,93862000,94002000,,,14.116468858537,0.0,,,0.050073512177452,9.323261809891116,9.323261809891116,9.323261809891116,12.291449148750292,765913920.0,1914913920.0,0.0,0.578048241509434,0.0,0.0,0.8752301679808022,0.8752301679808022,1.4452180528301888,-0.4909909797184688,0.0,0.0,0.0,,1.3183636155867902,0.3609598898692197,-0.2946078305684469,1.0556394611248716,0.0,0.0,0.0166090686274509,0.0,0.0,0.0,0.0,0.0,,0.0,,0.0,,0.0,-12.894462082631948,92100000.0,875100000.0,-573700000.0,1531600000.0,,,,69.25584905660378,0.0,0.0,1.299529227147901,0.0,0.0,0.0,,1989-12-30,,bmo,,2025-04-20,1989-12-31,,,
1989-09-30,NOC,USD,1133421,1989-09-30,1989-09-29 20:00:00,1989,Q3,1245600000.0,0.0,1245600000.0,1.0,0,0.0,0.0,0.0,0.0,0.0,0.0,0.0,0.0,0.0,1245600000.0,1.0,1245600000.0,1.0,-1245600000.0,0.0,0.0,0.0,0.0,0.0,0.23,0.23,94002000,94002000,,,13.250781898257484,0.0,,,,,,,,980440860.0,,0.0,0.7871233622350674,0.0,0.0,0.0,0.0,,,0.0,0.0,0.0,,0.0,0.0,,0.0,0.0,0.0,0.0129942473633748,0.0,0.0,0.0,0.0,0.0,,0.0,,,0.0,0.0,,,,,,,,,,0.0,0.0,0.0,0.0,0.0,0.0,,1989-09-29,,bmo,,2025-04-20,1989-09-30,,,
1989-06-30,NOC,USD,1133421,1989-06-30,1989-06-29 20:00:00,1989,Q2,1397100000.0,0.0,1397100000.0,1.0,0,0.0,0.0,0.0,0.0,0.0,0.0,0.0,0.0,0.0,1397100000.0,1.0,1397100000.0,1.0,-1397100000.0,0.0,0.0,0.0,0.0,0.0,-0.83,-0.83,93792000,93792000,,,14.895726714431934,0.0,,,,,,,,1111435200.0,,0.0,0.7955301696371054,0.0,0.0,0.0,0.0,,,0.0,0.0,0.0,,0.0,0.0,,0.0,0.0,0.0,0.0114371308016877,0.0,0.0,0.0,0.0,0.0,,0.0,,,0.0,0.0,,,,,,,,,,0.0,0.0,0.0,0.0,0.0,0.0,,1989-06-29,,bmo,,2025-04-20,1989-06-30,,,
1989-03-31,NOC,USD,1133421,1989-03-31,1989-03-30 19:00:00,1989,Q1,1280700000.0,0.0,1280700000.0,1.0,0,0.0,0.0,0.0,0.0,0.0,0.0,0.0,0.0,0.0,1280700000.0,1.0,1280700000.0,1.0,-1280700000.0,0.0,0.0,0.0,0.0,0.0,0.11,0.11,93964000,93964000,,,13.629687965603848,0.0,,,,,,,,1171731080.0,,0.0,0.9149145623487156,0.0,0.0,0.0,0.0,,,0.0,0.0,0.0,,0.0,0.0,,0.0,0.0,0.0,0.0108684843624699,0.0,0.0,0.0,0.0,0.0,,0.0,,,0.0,0.0,,,,,,,,,,0.0,0.0,0.0,0.0,0.0,0.0,,1989-03-30,,bmo,,2025-04-20,1989-03-31,,,
1988-12-31,NOC,USD,1133421,1988-12-31,1988-12-30 19:00:00,1988,Q4,1726000000.0,0.0,1726000000.0,1.0,0,0.0,0.0,0.0,-5771900000.0,-5771900000.0,-5771900000.0,0.0,0.0,0.0,-4045900000.0,-2.3440903824,-4045900000.0,-2.3440903824,4045900000.0,0.0,0.0,0.0,0.0,0.0,-0.91,-0.91,93792000,93964000,,,18.40242238143978,0.0,,,0.0383828045035824,10.70027294438758,10.70027294438758,10.70027294438758,10.913510747185262,1180841280.0,2200841280.0,0.0,0.6841490614136733,0.0,0.0,1.1766055001992826,1.1766055001992826,1.2751108227114716,-0.5439682839417682,0.0,0.0,0.0,,1.0199282582702272,0.3260703363914373,-0.2521070713561877,1.0804336188436832,0.0,0.0,0.0107648927720413,0.0,0.0,0.0,0.0,0.0,,0.0,,0.0,,0.0,-11.797114892528148,120200000.0,1003600000.0,-521000000.0,1616300000.0,,,,49.77114716106605,0.0,0.0,1.8082765845992663,0.0,0.0,0.0,,1988-12-30,,bmo,,2025-04-20,1988-12-31,,,
1988-09-30,NOC,USD,1133421,1988-09-30,1988-09-29 20:00:00,1988,Q3,1356500000.0,0.0,1356500000.0,1.0,0,0.0,0.0,0.0,0.0,0.0,0.0,0.0,0.0,0.0,1356500000.0,1.0,1356500000.0,1.0,-1356500000.0,0.0,0.0,0.0,0.0,0.0,0.31,0.31,93964000,93964000,,,14.436379890170704,0.0,,,,,,,,1315496000.0,,0.0,0.9697722078879468,0.0,0.0,0.0,0.0,,,0.0,0.0,0.0,,0.0,0.0,,0.0,0.0,0.0,0.0096807142857142,0.0,0.0,0.0,0.0,0.0,,0.0,,,0.0,0.0,,,,,,,,,,0.0,0.0,0.0,0.0,0.0,0.0,,1988-09-29,,bmo,,2025-04-20,1988-09-30,,,
1988-06-30,NOC,USD,1133421,1988-06-30,1988-06-29 20:00:00,1988,Q2,1345700000.0,0.0,1345700000.0,1.0,0,0.0,0.0,0.0,0.0,0.0,0.0,0.0,0.0,0.0,1345700000.0,1.0,1345700000.0,1.0,-1345700000.0,0.0,0.0,0.0,0.0,0.0,0.24,0.24,93964000,93964000,,,14.32144225448044,0.0,,,,,,,,1273212200.0,,0.0,0.9461337593817344,0.0,0.0,0.0,0.0,,,0.0,0.0,0.0,,0.0,0.0,,0.0,0.0,0.0,0.0100022140221402,0.0,0.0,0.0,0.0,0.0,,0.0,,,0.0,0.0,,,,,,,,,,0.0,0.0,0.0,0.0,0.0,0.0,,1988-06-29,,bmo,,2025-04-20,1988-06-30,,,
1988-03-31,NOC,USD,1133421,1988-03-31,1988-03-30 19:00:00,1988,Q1,1368900000.0,0.0,1368900000.0,1.0,0,0.0,0.0,0.0,0.0,0.0,0.0,0.0,0.0,0.0,1368900000.0,1.0,1368900000.0,1.0,-1368900000.0,0.0,0.0,0.0,0.0,0.0,0.05,0.05,93642000,93642000,,,14.618440443390789,0.0,,,,,,,,1268849100.0,,0.0,0.9269114617576156,0.0,0.0,0.0,0.0,,,0.0,0.0,0.0,,0.0,0.0,,0.0,0.0,0.0,0.0100022140221402,0.0,0.0,0.0,0.0,0.0,,0.0,,,0.0,0.0,,,,,,,,,,0.0,0.0,0.0,0.0,0.0,0.0,,1988-03-30,,bmo,,2025-04-20,1988-03-31,,,
1987-12-31,NOC,USD,1133421,1987-12-31,1987-12-30 19:00:00,1987,Q4,1766500000.0,0.0,1766500000.0,1.0,0,0.0,0.0,0.0,-5885300000.0,-5885300000.0,-5885300000.0,0.0,0.0,0.0,-4118800000.0,-2.3316161902,-4118800000.0,-2.3316161902,4118800000.0,0.0,0.0,0.0,0.0,0.0,0.37,0.37,93622000,93622000,,,18.86842836085535,0.0,,,0.0534062506675781,10.120484501506056,10.120484501506056,10.120484501506056,9.826750122834376,1083206540.0,1998206540.0,0.0,0.613193625813756,0.0,0.0,1.143225899736148,1.143225899736148,1.1311670195301444,-0.4851428911333398,0.0,0.0,0.0,,0.9709762532981532,0.2945319503137406,-0.222152083131009,0.7629784747248466,0.0,0.0,0.0117139152981849,0.0,0.0,0.0,0.0,0.0,,0.0,,0.0,,0.0,-12.608147657601846,-486700000.0,947500000.0,-609400000.0,1010600000.0,,,,46.11831304840079,0.0,0.0,1.951502430402121,0.0,0.0,0.0,,1987-12-30,,bmo,,2025-04-20,1987-12-31,,,
1987-09-30,NOC,USD,1133421,1987-09-30,1987-09-29 20:00:00,1987,Q3,1459000000.0,0.0,1459000000.0,1.0,0,0.0,0.0,0.0,0.0,0.0,0.0,0.0,0.0,0.0,1459000000.0,1.0,1459000000.0,1.0,-1459000000.0,0.0,0.0,0.0,0.0,0.0,0.37,0.37,93622000,93622000,,,15.5839439447993,0.0,,,,,,,,1985722620.0,,0.0,1.361016189170665,0.0,0.0,0.0,0.0,,,0.0,0.0,0.0,,0.0,0.0,,0.0,0.0,0.0,0.0063899104196133,0.0,0.0,0.0,0.0,0.0,,0.0,,,0.0,0.0,,,,,,,,,,0.0,0.0,0.0,0.0,0.0,0.0,,1987-09-29,,bmo,,2025-04-20,1987-09-30,,,
1987-06-30,NOC,USD,1133421,1987-06-30,1987-06-29 20:00:00,1987,Q2,1420000000.0,0.0,1420000000.0,1.0,0,0.0,0.0,0.0,0.0,0.0,0.0,0.0,0.0,0.0,1420000000.0,1.0,1420000000.0,1.0,-1420000000.0,0.0,0.0,0.0,0.0,0.0,-0.16,-0.16,93174000,93174000,,,15.240303088844527,0.0,,,,,,,,1743285540.0,,0.0,1.2276658732394363,0.0,0.0,0.0,0.0,,,0.0,0.0,0.0,,0.0,0.0,,0.0,0.0,0.0,0.0072437199358631,0.0,0.0,0.0,0.0,0.0,,0.0,,,0.0,0.0,,,,,,,,,,0.0,0.0,0.0,0.0,0.0,0.0,,1987-06-29,,bmo,,2025-04-20,1987-06-30,,,
1987-03-31,NOC,USD,1133421,1987-03-31,1987-03-30 19:00:00,1987,Q1,1400000000.0,0.0,1400000000.0,1.0,0,0.0,0.0,0.0,0.0,0.0,0.0,0.0,0.0,0.0,1400000000.0,1.0,1400000000.0,1.0,-1400000000.0,0.0,0.0,0.0,0.0,0.0,0.44,0.44,93156000,93156000,,,15.028554253080854,0.0,,,,,,,,2096941560.0,,0.0,1.4978154,0.0,0.0,0.0,0.0,,,0.0,0.0,0.0,,0.0,0.0,,0.0,0.0,0.0,0.0060208796090626,0.0,0.0,0.0,0.0,0.0,,0.0,,,0.0,0.0,,,,,,,,,,0.0,0.0,0.0,0.0,0.0,0.0,,1987-03-30,,bmo,,2025-04-20,1987-03-31,,,
1986-12-31,NOC,USD,1133421,1986-12-31,1986-12-30 19:00:00,1986,Q4,1658400000.0,0.0,1658400000.0,1.0,0,0.0,0.0,0.0,-5537600000.0,-5537600000.0,-5537600000.0,0.0,0.0,0.0,-3879200000.0,-2.3391220453,-3879200000.0,-2.3391220453,3879200000.0,0.0,0.0,0.0,0.0,0.0,0.14,0.14,93138000,93138000,,,17.805836500676417,0.0,,,0.0515364298138246,9.649122807017545,9.649122807017545,9.649122807017545,5.715175331228929,1657856400.0,2185356400.0,0.0,0.9996722141823444,0.0,0.0,1.8447272727272728,1.8447272727272728,1.3177498794018332,-0.5633523406888018,0.0,0.0,0.0,,0.5922999888728163,0.1972358085074848,-0.1359816457001443,0.6789726187690147,0.0,0.0,0.0076140449438202,0.0,0.0,0.0,0.0,0.0,,0.0,,0.0,,0.0,-11.564828534003308,-548700000.0,898700000.0,-639600000.0,938400000.0,,,,33.66316931982634,0.0,0.0,2.673545058842496,0.0,0.0,0.0,,1986-12-30,,bmo,,2025-04-20,1986-12-31,,,
1986-09-30,NOC,USD,1133421,1986-09-30,1986-09-29 20:00:00,1986,Q3,1260000000.0,0.0,1260000000.0,1.0,0,0.0,0.0,0.0,0.0,0.0,0.0,0.0,0.0,0.0,1260000000.0,1.0,1260000000.0,1.0,-1260000000.0,0.0,0.0,0.0,0.0,0.0,-0.37,-0.37,93138000,93138000,,,13.52831282612897,0.0,,,,,,,,1869279660.0,,0.0,1.4835552857142855,0.0,0.0,0.0,0.0,,,0.0,0.0,0.0,,0.0,0.0,,0.0,0.0,0.0,0.0067528649725959,0.0,0.0,0.0,0.0,0.0,,0.0,,,0.0,0.0,,,,,,,,,,0.0,0.0,0.0,0.0,0.0,0.0,,1986-09-29,,bmo,,2025-04-20,1986-09-30,,,
1986-06-30,NOC,USD,1133421,1986-06-30,1986-06-29 20:00:00,1986,Q2,1400000000.0,0.0,1400000000.0,1.0,0,0.0,0.0,0.0,0.0,0.0,0.0,0.0,0.0,0.0,1400000000.0,1.0,1400000000.0,1.0,-1400000000.0,0.0,0.0,0.0,0.0,0.0,0.25,0.25,92944000,92944000,,,15.062833534171114,0.0,,,,,,,,2107969920.0,,0.0,1.5056928,0.0,0.0,0.0,0.0,,,0.0,0.0,0.0,,0.0,0.0,,0.0,0.0,0.0,0.0059757495590828,0.0,0.0,0.0,0.0,0.0,,0.0,,,0.0,0.0,,,,,,,,,,0.0,0.0,0.0,0.0,0.0,0.0,,1986-06-29,,bmo,,2025-04-20,1986-06-30,,,
1986-03-31,NOC,USD,1133421,1986-03-31,1986-03-30 19:00:00,1986,Q1,1300000000.0,0.0,1300000000.0,1.0,0,0.0,0.0,0.0,0.0,0.0,0.0,0.0,0.0,0.0,1300000000.0,1.0,1300000000.0,1.0,-1300000000.0,0.0,0.0,0.0,0.0,0.0,0.43,0.43,92598000,92598000,,,14.039180111881466,0.0,,,,,,,,2074195200.0,,0.0,1.595534769230769,0.0,0.0,0.0,0.0,,,0.0,0.0,0.0,,0.0,0.0,,0.0,0.0,0.0,0.0060504464285714,0.0,0.0,0.0,0.0,0.0,,0.0,,,0.0,0.0,,,,,,,,,,0.0,0.0,0.0,0.0,0.0,0.0,,1986-03-30,,bmo,,2025-04-20,1986-03-31,,,
1985-12-31,NOC,USD,1133421,1985-12-31,1985-12-30 19:00:00,1985,Q4,1531400000.0,0.0,1531400000.0,1.0,0,0.0,0.0,0.0,-4748800000.0,-4748800000.0,-4748800000.0,0.0,0.0,0.0,-3217400000.0,-2.100953376,-3217400000.0,-2.100953376,3217400000.0,0.0,0.0,0.0,0.0,0.0,0.32,0.32,92590000,92590000,,,16.539583108327033,0.0,,,0.0766821471001188,9.709471865212226,9.709471865212226,9.709471865212226,2.1849011772329625,1852725900.0,2047925900.0,0.0,1.209824931435288,0.0,0.0,2.060874193548387,2.060874193548387,1.3372899960820166,-0.6365157891465159,0.0,0.0,0.0,,0.225027808676307,0.0867235392463668,-0.06067010629701,0.6924335986905736,0.0,0.0,0.0067731134432783,0.0,0.0,0.0,0.0,0.0,,0.0,,0.0,,0.0,-9.223998271951617,-413400000.0,899000000.0,-503000000.0,937900000.0,,,,28.961734360715685,0.0,0.0,3.1075487012987013,0.0,0.0,0.0,,1985-12-30,,bmo,,2025-04-20,1985-12-31,,,
1985-09-30,NOC,USD,1133421,1985-09-30,1985-09-29 20:00:00,1985,Q3,1213300000.0,0.0,1213300000.0,1.0,0,0.0,0.0,0.0,0.0,0.0,0.0,0.0,0.0,0.0,1213300000.0,1.0,1213300000.0,1.0,-1213300000.0,0.0,0.0,0.0,0.0,0.0,0.52,0.52,92590000,92590000,,,13.104006912193542,0.0,,,,,,,,1968463400.0,,0.0,1.622404516607599,0.0,0.0,0.0,0.0,,,0.0,0.0,0.0,,0.0,0.0,,0.0,0.0,0.0,0.0063748824082784,0.0,0.0,0.0,0.0,0.0,,0.0,,,0.0,0.0,,,,,,,,,,0.0,0.0,0.0,0.0,0.0,0.0,,1985-09-29,,bmo,,2025-04-20,1985-09-30,,,
