date,symbol,reportedCurrency,cik,fillingDate,acceptedDate,calendarYear,period,revenue,costOfRevenue,grossProfit,grossProfitRatio,researchAndDevelopmentExpenses,generalAndAdministrativeExpenses,sellingAndMarketingExpenses,sellingGeneralAndAdministrativeExpenses,otherExpenses,operatingExpenses,costAndExpenses,interestIncome,interestExpense,depreciationAndAmortization,ebitda,ebitdaratio,operatingIncome,operatingIncomeRatio,totalOtherIncomeExpensesNet,incomeBeforeTax,incomeBeforeTaxRatio,incomeTaxExpense,netIncome,netIncomeRatio,eps,epsdiluted,weightedAverageShsOut,weightedAverageShsOutDil,link,finalLink,revenuePerShare,netIncomePerShare,operatingCashFlowPerShare,freeCashFlowPerShare,cashPerShare,bookValuePerShare,tangibleBookValuePerShare,shareholdersEquityPerShare,interestDebtPerShare,marketCap,enterpriseValue,peRatio,priceToSalesRatio,pocfratio,pfcfRatio,pbRatio,ptbRatio,evToSales,enterpriseValueOverEBITDA,evToOperatingCashFlow,evToFreeCashFlow,earningsYield,freeCashFlowYield,debtToEquity,debtToAssets,netDebtToEBITDA,currentRatio,interestCoverage,incomeQuality,dividendYield,payoutRatio,salesGeneralAndAdministrativeToRevenue,researchAndDdevelopementToRevenue,intangiblesToTotalAssets,capexToOperatingCashFlow,capexToRevenue,capexToDepreciation,stockBasedCompensationToRevenue,grahamNumber,roic,returnOnTangibleAssets,grahamNetNet,workingCapital,tangibleAssetValue,netCurrentAssetValue,investedCapital,averageReceivables,averagePayables,averageInventory,daysSalesOutstanding,daysPayablesOutstanding,daysOfInventoryOnHand,receivablesTurnover,payablesTurnover,inventoryTurnover,roe,capexPerShare,report_date,epsEstimated,time,revenueEstimated,updatedFromDate,fiscalDateEnding,surprise(%),QuarterAvgPrice,QuarterAvgVolume
2025-03-31,NOW,USD,1373715,2025-04-23,2025-04-23 16:22:37,2025,Q1,3088000000.0,651000000.0,2437000000.0,0.7891839378,703000000,229000000.0,1054000000.0,1283000000.0,0.0,1986000000.0,2637000000.0,115000000.0,6000000.0,160000000.0,721000000.0,0.233484456,451000000.0,0.1460492228,104000000.0,555000000.0,0.1797279793,95000000.0,460000000.0,0.1489637306,2.22,2.2,206820000,209371000,https://www.sec.gov/Archives/edgar/data/1373715/000137371525000126/0001373715-25-000126-index.htm,https://www.sec.gov/Archives/edgar/data/1373715/000137371525000126/now-20250331.htm,14.930857750701092,2.22415627115366,8.10850014505367,7.117300067691713,31.897302001740645,49.02330528962383,41.60139251523064,49.02330528962383,11.628469200270766,164657674800.0,163687674800.0,89.48786673913044,53.32178588082902,98.18585259391772,111.85983342391305,16.240031048426868,16.240031048426868,53.00766670984456,227.02867517337032,97.60743875968991,111.2008660326087,0.0027936748199483,0.0089397594238346,0.2366111056317191,0.1143906160595079,-1.345353675450763,1.1225478324049407,75.16666666666667,3.645652173913043,0.0,0.0,0.0741580310880829,0.2276554404145077,0.0731928285332824,0.122242098986285,0.0663860103626943,1.28125,0.1522020725388601,49.53078403966,0.029164531622205,0.0236662036322477,-15.553379750507688,1012000000.0,8604000000.0,-1563000000.0,5242000000.0,1799500000.0,188500000.0,0.0,39.608160621761655,42.71889400921659,0.0,2.2722590139808685,2.1067961165048543,0.0,0.0453693658151691,0.9912000773619573,2025-04-23,3.83,amc,3083239432.0,2025-04-30,2025-03-31,0.0548302872062663,963.74025,1817571.0
2024-12-31,NOW,USD,1373715,2025-01-30,2025-01-29 21:49:31,2024,Q4,2957000000.0,631000000.0,2326000000.0,0.7866080487,668000000,257000000.0,1027000000.0,1284000000.0,0.0,1952000000.0,2583000000.0,106000000.0,5000000.0,154000000.0,622000000.0,0.210348326,374000000.0,0.1264795401,89000000.0,463000000.0,0.1565776124,79000000.0,384000000.0,0.129861346,1.86,1.84,205834000,209000000,https://www.sec.gov/Archives/edgar/data/1373715/000137371525000010/0001373715-25-000010-index.htm,https://www.sec.gov/Archives/edgar/data/1373715/000137371525000010/now-20241231.htm,14.36594537345628,1.865581002166795,7.9432941107883055,6.714148294256537,27.993431600221538,46.68324960890815,39.48327292867068,46.68324960890815,11.09146205194477,218208740080.0,218182740080.0,142.06298182291664,73.793960121745,133.46100310703363,157.89344434153398,22.70878760328858,22.70878760328858,73.78516742644571,350.77610945337614,133.44510096636083,157.87463102749635,0.001759782856815,0.0063333851773917,0.2370694140909564,0.1117597998331943,-0.0418006430868167,1.0991864082316345,74.8,4.2578125,0.0,0.0,0.0869124112275955,0.2259046330740615,0.0727076485306382,0.1547400611620795,0.0855596888738586,1.6428571428571428,0.1535339871491376,44.26687396654821,0.0255781104263534,0.0203163853764351,-16.18780182088479,829000000.0,8127000000.0,-1587000000.0,4767000000.0,1774000000.0,116500000.0,0.0,68.17720662833953,9.698890649762282,0.0,1.3200892857142856,9.279411764705882,0.0,0.0399625351233218,1.2291458165317684,2025-01-29,3.65,amc,2963305321.0,2025-04-25,2024-12-31,0.0054794520547945,1012.876875,1225590.3125
2024-09-30,NOW,USD,1373715,2024-10-24,2024-10-23 19:13:09,2024,Q3,2797000000.0,584000000.0,2213000000.0,0.7912048624,626000000,225000000.0,944000000.0,1169000000.0,0.0,1795000000.0,2379000000.0,108000000.0,6000000.0,119000000.0,641000000.0,0.2291741151,418000000.0,0.1494458348,98000000.0,516000000.0,0.184483375,84000000.0,432000000.0,0.1544511977,2.1,2.07,206158000,208552000,https://www.sec.gov/Archives/edgar/data/1373715/000137371524000344/0001373715-24-000344-index.htm,https://www.sec.gov/Archives/edgar/data/1373715/000137371524000344/now-20240930.htm,13.567263943189204,2.0954801656981537,3.2547851647765307,2.2749541613713755,25.68418397539751,45.06252485957373,37.76229881935215,45.06252485957373,10.91880984487626,184385653620.0,184745653620.0,106.70466065972224,65.92265056131569,274.79233028315946,393.1463829850746,19.8477560409042,19.8477560409042,66.05135989274223,288.21474823712947,275.32884295081965,393.91397360341153,0.0023429154683059,0.002543581839434,0.2416576964477933,0.1217858305305413,0.5616224648985959,1.1340996168582376,69.66666666666667,1.5532407407407407,0.0,0.0,0.0804433321415802,0.2238112263139077,0.0816426169035478,0.3010432190760059,0.0722202359671076,1.4027777777777777,0.1523060421880586,46.0936178753537,0.0297731400690907,0.0255183413078149,-13.91165998894052,910000000.0,7785000000.0,-1448000000.0,4794000000.0,1413000000.0,230500000.0,0.0,42.0879513764748,25.42808219178082,0.0,2.138379204892966,3.5393939393939395,0.0,0.0465016146393972,0.9798310034051552,2024-10-23,3.45,amc,2745530127.0,2025-04-25,2024-09-30,0.0782608695652174,822.02171875,1294399.515625
2024-06-30,NOW,USD,1373715,2024-07-25,2024-07-24 19:24:14,2024,Q2,2627000000.0,552000000.0,2075000000.0,0.7898743814,643000000,232000000.0,960000000.0,1192000000.0,-4000000.0,1835000000.0,2387000000.0,104000000.0,6000000.0,112000000.0,352000000.0,0.1339931481,240000000.0,0.0913589646,94000000.0,334000000.0,0.1271412257,72000000.0,262000000.0,0.0997335364,1.27,1.26,205644000,207799000,https://www.sec.gov/Archives/edgar/data/1373715/000137371524000272/0001373715-24-000272-index.htm,https://www.sec.gov/Archives/edgar/data/1373715/000137371524000272/now-20240630.htm,12.774503510921788,1.2740464103012974,3.014918986209177,1.6971076228822626,26.32218785862948,42.14078699111085,35.04600182840248,42.14078699111085,10.994728754546692,162244890240.0,162340890240.0,154.81382656488552,61.76052159878188,261.68530683870966,464.8850723209169,18.722004412647127,18.722004412647127,61.79706518462124,461.1957109090909,261.8401455483871,465.1601439541547,0.0016148428441255,0.0021510692847321,0.260212324024925,0.1238534629538089,0.2727272727272727,1.118377021751255,40.0,2.366412213740458,0.0,0.0,0.0883136657784545,0.2447658926532166,0.0801340143900697,0.4370967741935483,0.1031594975256947,2.419642857142857,0.1690140845070422,34.75643341669523,0.0169103990886456,0.0156436589443515,-14.537258563342474,849000000.0,7207000000.0,-1520000000.0,4589000000.0,1412000000.0,259500000.0,0.0,52.0060905976399,48.26086956521739,0.0,1.730566534914361,1.864864864864865,0.0,0.0302330948534502,1.3178113633269144,2024-07-24,2.83,amc,2606801917.0,2025-04-25,2024-06-30,0.1060070671378091,733.6823809523809,1333251.2698412698
2024-03-31,NOW,USD,1373715,2024-05-06,2024-05-06 16:45:56,2024,Q1,2603000000.0,520000000.0,2083000000.0,0.8002305033,606000000,222000000.0,923000000.0,1145000000.0,-2000000.0,1751000000.0,2271000000.0,101000000.0,6000000.0,104000000.0,436000000.0,0.1674990396,332000000.0,0.1275451402,93000000.0,425000000.0,0.1632731464,78000000.0,347000000.0,0.1333077219,1.69,1.67,205108000,207684000,https://www.sec.gov/Archives/edgar/data/1373715/000137371524000169/0001373715-24-000169-index.htm,https://www.sec.gov/Archives/edgar/data/1373715/000137371524000169/now-20240331.htm,12.690875051192542,1.6917916414766854,6.538018994870995,5.7774440782417065,24.913703999843985,39.52551826354896,32.46582288355403,39.52551826354896,11.111219455116329,157598833960.0,157815833960.0,113.54382850144091,60.54507643488283,117.52336611483967,132.9947965907173,19.43984630072777,19.43984630072777,60.62844178255859,361.96292192660553,117.68518565249812,133.1779189535865,0.0022017929402197,0.0075190911647275,0.2803749845812261,0.1295599635202918,0.4977064220183486,1.0482013365562348,55.333333333333336,3.8645533141210375,0.0,0.0,0.0852862082212831,0.2328082981175566,0.0825353397172822,0.116331096196868,0.0599308490203611,1.5,0.1621206300422589,38.788544469010304,0.025565239582582,0.0215581510934393,-16.32067008600347,339000000.0,6659000000.0,-2065000000.0,3935000000.0,1671000000.0,174500000.0,230500000.0,45.15558970418747,38.59615384615385,0.0,1.9931087289433385,2.3318385650224216,0.0,0.0428025163439003,0.760574916629288,2024-04-24,3.14,amc,2588085530.0,2025-04-25,2024-03-31,0.0859872611464968,757.5331147540983,1235416.3770491802
2023-12-31,NOW,USD,1373715,2024-01-25,2024-01-25 16:59:25,2023,Q4,2437000000.0,516000000.0,1921000000.0,0.7882642593,562000000,242000000.0,847000000.0,1089000000.0,-3000000.0,1651000000.0,2167000000.0,86000000.0,6000000.0,127000000.0,480000000.0,0.1969634797,270000000.0,0.1107919573,77000000.0,347000000.0,0.1423881822,52000000.0,295000000.0,0.1210504719,1.44,1.43,205000000,207000000,https://www.sec.gov/Archives/edgar/data/1373715/000137371524000030/0001373715-24-000030-index.htm,https://www.sec.gov/Archives/edgar/data/1373715/000137371524000030/now-20231231.htm,11.88780487804878,1.4390243902439024,7.829268292682927,6.556097560975609,23.790243902439023,37.20975609756098,30.11219512195122,37.20975609756098,11.170731707317072,144830450000.0,145217450000.0,122.73766949152542,59.42981124333197,90.23704049844235,107.76075148809524,18.986687205034084,18.986687205034084,59.58861304883053,302.5363541666667,90.47816199376948,108.04869791666668,0.0020368644853344,0.009279816502676,0.2994231777661248,0.1313625122217749,0.80625,1.055940257976918,45.0,5.440677966101695,0.0,0.0,0.0993024210094378,0.2306114074681986,0.0836832115948697,0.1626168224299065,0.1070988920804267,1.6948051948051948,0.1694706606483381,34.70993082731342,0.0225038142057975,0.0185161938237509,-15.241463414634149,412000000.0,6173000000.0,-1982000000.0,3940000000.0,1602000000.0,97500000.0,439000000.0,75.19080837094789,21.976744186046517,80.40697674418605,1.1969548133595285,4.095238095238095,1.119305856832972,0.038673308862087,1.273170731707317,2024-01-24,2.77,amc,2398380000.0,2025-04-25,2023-12-31,0.1227436823104692,630.2203174603175,1189119.380952381
2023-09-30,NOW,USD,1373715,2023-10-26,2023-10-25 19:20:50,2023,Q3,2288000000.0,496000000.0,1792000000.0,0.7832167832,549000000,213000000.0,799000000.0,1012000000.0,-14000000.0,1561000000.0,2057000000.0,82000000.0,6000000.0,119000000.0,424000000.0,0.1853146853,231000000.0,0.1009615385,68000000.0,299000000.0,0.1306818182,57000000.0,242000000.0,0.1057692308,1.18,1.17,204464000,206277000,https://www.sec.gov/Archives/edgar/data/1373715/000137371523000419/0001373715-23-000419-index.htm,https://www.sec.gov/Archives/edgar/data/1373715/000137371523000419/now-20230930.htm,11.190233977619531,1.1835824399405277,1.5210501604194382,0.8558963925189764,19.891032162141013,35.1259879489788,28.05383832850771,35.1259879489788,11.082635573988576,114287197440.0,115435197440.0,118.06528661157026,49.95069818181818,367.4829499678457,653.0696996571429,15.913004377610694,15.913004377610694,50.45244643356643,272.2528241509434,371.17426829582,659.6296996571429,0.0021174725202886,0.0015312301283078,0.3146755778334725,0.1497581339871446,2.707547169811321,1.0794500981967503,38.5,1.2851239669421488,0.0,0.0,0.0930944055944056,0.2399475524475524,0.09581869988735,0.4372990353697749,0.0594405594405594,0.9315068493150684,0.180506993006993,30.58473976911382,0.0193303567723677,0.0177354342249908,-13.486481727834729,445000000.0,5736000000.0,-1863000000.0,3789000000.0,1130500000.0,120000000.0,409000000.0,45.94405594405594,12.52016129032258,75.66532258064517,1.9589041095890407,7.188405797101449,1.1894484412470023,0.0336953494848231,0.6651537679004617,2023-10-25,2.55,amc,2270750000.0,2025-04-25,2023-09-30,0.1450980392156863,570.4077777777778,1083877.396825397
2023-06-30,NOW,USD,1373715,2023-07-27,2023-07-26 19:16:15,2023,Q2,2150000000.0,471000000.0,1679000000.0,0.7809302326,521000000,209000000.0,832000000.0,1041000000.0,-17000000.0,1562000000.0,2033000000.0,74000000.0,6000000.0,110000000.0,290000000.0,0.1348837209,117000000.0,0.0544186047,57000000.0,174000000.0,0.0809302326,-870000000.0,1044000000.0,0.4855813953,5.12,5.08,204021000,205351000,https://www.sec.gov/Archives/edgar/data/1373715/000137371523000325/0001373715-23-000325-index.htm,https://www.sec.gov/Archives/edgar/data/1373715/000137371523000325/now-20230630.htm,10.538130878684058,5.117120296440072,2.842844609133373,2.1958523877443987,23.26721268888987,33.9474857980306,28.987212100715123,33.9474857980306,10.871429901823833,114653681370.0,115202681370.0,27.455383469827588,53.32729366046512,197.67876098275863,255.92339591517856,16.55409780103956,16.55409780103956,53.58264249767442,397.2506254137931,198.62531270689652,257.14884234375,0.0091056823254623,0.0039074192354474,0.3193762633554721,0.1482275681833411,1.893103448275862,1.1449627189179816,19.5,0.5555555555555556,0.0,0.0,0.0972093023255813,0.2423255813953488,0.0678147825504255,0.2275862068965517,0.0613953488372093,0.9705882352941176,0.1846511627906976,62.51840363668768,0.0751928020565552,0.0750485227517791,-10.929022012439896,836000000.0,5914000000.0,-1394000000.0,3652000000.0,1101000000.0,199500000.0,200500000.0,45.753488372093024,32.675159235668794,76.62420382165605,1.9670631290027447,2.754385964912281,1.174563591022444,0.1507363557609009,0.6469922213889747,2023-07-26,2.05,amc,2126690000.0,2025-04-25,2023-06-30,0.1560975609756099,499.8991935483871,1613534.4032258063
2023-03-31,NOW,USD,1373715,2023-04-27,2023-04-26 19:12:19,2023,Q1,2096000000.0,438000000.0,1658000000.0,0.7910305344,492000000,199000000.0,823000000.0,1022000000.0,0.0,1514000000.0,1952000000.0,60000000.0,6000000.0,126000000.0,320000000.0,0.1526717557,144000000.0,0.0687022901,44000000.0,188000000.0,0.0896946565,38000000.0,150000000.0,0.0715648855,0.74,0.73,203385000,204263000,https://www.sec.gov/Archives/edgar/data/1373715/000137371523000166/0001373715-23-000166-index.htm,https://www.sec.gov/Archives/edgar/data/1373715/000137371523000166/now-20230331.htm,10.30557809081299,0.737517516041006,4.434938663126583,3.623669395481476,24.161073825503355,27.53398726553089,22.445116404847948,27.53398726553089,11.03326203997345,94517077200.0,94903077200.0,157.528462,45.09402538167939,104.78611662971176,128.24569497964723,16.8780495,16.8780495,45.2781856870229,296.57211625,105.21405454545454,128.76943989145184,0.0015870147960944,0.0077975326981439,0.3996428571428571,0.1643895989422653,1.20625,1.168894289185905,24.0,6.013333333333334,0.0,0.0,0.094942748091603,0.2347328244274809,0.0760246804759806,0.1829268292682926,0.0787213740458015,1.3095238095238095,0.1817748091603053,21.37528836372806,0.0144520272982737,0.0119246362985928,-11.15249403840008,973000000.0,4565000000.0,-1280000000.0,3807000000.0,1417000000.0,251000000.0,184500000.0,47.61927480916031,46.84931506849315,0.0,1.889990982867448,1.9210526315789471,0.0,0.0267857142857142,0.8112692676451065,2023-04-26,2.04,amc,2083810000.0,2025-04-25,2023-03-31,0.1617647058823529,435.46403225806455,1634292.661290323
2022-12-31,NOW,USD,1373715,2023-01-31,2023-01-30 17:43:36,2022,Q4,1940000000.0,415000000.0,1525000000.0,0.7860824742,454000000,194000000.0,722000000.0,916000000.0,35000000.0,1370000000.0,1785000000.0,39000000.0,7000000.0,98000000.0,288000000.0,0.1484536082,155000000.0,0.0798969072,28000000.0,183000000.0,0.0943298969,33000000.0,150000000.0,0.0773195876,0.74,0.74,203000000,203000000,https://www.sec.gov/Archives/edgar/data/1373715/000137371523000035/0001373715-23-000035-index.htm,https://www.sec.gov/Archives/edgar/data/1373715/000137371523000035/now-20221231.htm,9.556650246305418,0.7389162561576355,5.724137931034483,5.014778325123153,21.08374384236453,24.78817733990148,19.58620689655172,24.78817733990148,11.029556650246306,78818810000.0,79580810000.0,131.36468333333332,40.62825257731959,67.83030120481926,77.42515717092338,15.663515500794912,15.663515500794912,41.02103608247423,276.32225694444446,68.48606712564543,78.1736836935167,0.00190309901913,0.0129156986764961,0.4435612082670906,0.1678321678321678,2.645833333333333,1.108076602830974,22.142857142857142,7.746666666666667,0.0,0.0,0.1,0.234020618556701,0.0794044665012407,0.1239242685025817,0.0742268041237113,1.2203389830508475,0.1871134020618556,20.30070717812213,0.0171920406397657,0.0122518990443518,-12.358374384236454,649000000.0,3976000000.0,-1613000000.0,3440000000.0,1311500000.0,234500000.0,184500000.0,80.02577319587628,59.42168674698795,80.02409638554217,1.1246376811594203,1.5145985401459854,1.124661246612466,0.0298092209856915,0.7093596059113301,2023-01-25,2.01,amc,1938341582.0,2025-04-25,2022-12-31,0.1343283582089552,390.7898412698413,1683852.619047619
2022-09-30,NOW,USD,1373715,2022-10-27,2022-10-26 19:05:08,2022,Q3,1831000000.0,400000000.0,1431000000.0,0.781540142,456000000,187000000.0,697000000.0,884000000.0,19000000.0,1340000000.0,1740000000.0,26000000.0,8000000.0,86000000.0,196000000.0,0.1070453304,91000000.0,0.0496996177,11000000.0,102000000.0,0.0557072638,22000000.0,80000000.0,0.0436919716,0.4,0.39,202000000,203000000,https://www.sec.gov/Archives/edgar/data/1373715/000137371522000330/0001373715-22-000330-index.htm,https://www.sec.gov/Archives/edgar/data/1373715/000137371522000330/now-20220930.htm,9.064356435643564,0.396039603960396,1.311881188118812,0.5099009900990099,19.584158415841586,22.39108910891089,17.301980198019802,22.39108910891089,10.55940594059406,76277220000.0,77154220000.0,238.3663125,41.6587766247952,287.83856603773586,740.5555339805825,16.86429803227946,16.86429803227946,42.13774986346259,393.6439795918368,291.148,749.0700970873786,0.0010488059213484,0.0013503376237361,0.4698209153216891,0.191338015487124,4.474489795918367,1.2355595667870036,11.375,3.3125,0.0,0.0,0.1021299836155106,0.2490442381212452,0.0925625787862416,0.6113207547169811,0.0884762424904423,1.4862385321100915,0.1971600218459858,14.125316152781773,0.0104163089637489,0.0079380829529668,-9.67079207920792,1044000000.0,3495000000.0,-1107000000.0,3567000000.0,875500000.0,230000000.0,0.0,44.1398143091207,43.87500000000001,0.0,2.038975501113586,2.051282051282051,0.0,0.01768737563564,0.801980198019802,2022-10-26,1.85,amc,1851245022.0,2025-04-25,2022-09-30,0.0594594594594593,450.26671875,1667894.6875
2022-06-30,NOW,USD,1373715,2022-07-28,2022-07-27 19:11:16,2022,Q2,1752000000.0,389000000.0,1363000000.0,0.7779680365,444000000,175000000.0,722000000.0,897000000.0,13000000.0,1341000000.0,1730000000.0,12000000.0,6000000.0,81000000.0,116000000.0,0.0662100457,22000000.0,0.0125570776,7000000.0,29000000.0,0.0165525114,9000000.0,20000000.0,0.0114155251,0.0995,0.0985,201000000,203000000,https://www.sec.gov/Archives/edgar/data/1373715/000137371522000241/0001373715-22-000241-index.htm,https://www.sec.gov/Archives/edgar/data/1373715/000137371522000241/now-20220630.htm,8.716417910447761,0.099502487562189,2.154228855721393,1.4029850746268655,19.074626865671643,20.86567164179105,15.592039800995025,20.86567164179105,10.696517412935323,95579520000.0,96059520000.0,1194.744,54.5545205479452,220.73792147806003,338.9344680851064,22.78958512160229,22.78958512160229,54.828493150684935,828.0993103448276,221.84646651270208,340.63659574468085,0.0002092498476661,0.0029504228520921,0.5112064854554125,0.1931183570527833,4.137931034482759,1.1241830065359475,3.6666666666666665,21.65,0.0,0.0,0.0998858447488584,0.2534246575342466,0.0954782921996036,0.348729792147806,0.0861872146118721,1.438095238095238,0.2009132420091324,6.8347779951375,0.0023224267247977,0.0019916351324437,-12.110696517412936,589000000.0,3134000000.0,-1576000000.0,3129000000.0,838500000.0,215500000.0,0.0,43.81849315068493,61.31105398457584,0.0,2.0539273153575617,1.467924528301887,0.0,0.0047687172150691,0.7512437810945274,2022-07-27,1.53,amc,1761428117.0,2025-04-25,2022-06-30,0.0588235294117647,476.5908064516129,1712377.435483871
2022-03-31,NOW,USD,1373715,2022-04-28,2022-04-27 19:12:19,2022,Q1,1722000000.0,369000000.0,1353000000.0,0.7857142857,414000000,179000000.0,673000000.0,852000000.0,4000000.0,1266000000.0,1635000000.0,6000000.0,6000000.0,78000000.0,169000000.0,0.0981416957,87000000.0,0.0505226481,-2000000.0,85000000.0,0.0493612079,10000000.0,75000000.0,0.043554007,0.38,0.37,200000000,203000000,https://www.sec.gov/Archives/edgar/data/1373715/000137371522000134/0001373715-22-000134-index.htm,https://www.sec.gov/Archives/edgar/data/1373715/000137371522000134/now-20220331.htm,8.61,0.375,4.315,3.85,20.07,19.985,14.785,19.985,11.065,111378000000.0,111333000000.0,371.26,64.6794425087108,129.05909617612977,144.64675324675324,27.865399049286964,27.865399049286964,64.65331010452962,658.7751479289941,129.0069524913094,144.58831168831168,0.0006733825351505,0.0069133940275458,0.5521641230923192,0.2007641226234876,-0.2662721893491124,1.1215993404781532,14.5,11.506666666666666,0.0,0.0,0.1039488966318234,0.2404181184668989,0.0946056581460929,0.1077636152954808,0.0540069686411149,0.9207920792079208,0.1887340301974448,12.985508750141443,0.0119888655134082,0.0075354164573495,-11.82,590000000.0,2957000000.0,-1554000000.0,3011000000.0,1107000000.0,127500000.0,151500000.0,43.066202090592334,40.48780487804878,0.0,2.0898058252427183,2.2228915662650603,0.0,0.018764073054791,0.465,2022-04-27,1.69,amc,1698235152.0,2025-04-25,2022-03-31,0.0236686390532544,560.271935483871,1846291.2096774196
2021-12-31,NOW,USD,1373715,2022-02-03,2022-02-03 17:07:54,2021,Q4,1614000000.0,375000000.0,1239000000.0,0.7676579926,392000000,180000000.0,632000000.0,812000000.0,4000000.0,1204000000.0,1579000000.0,5000000.0,7000000.0,104000000.0,143000000.0,0.0885997522,35000000.0,0.021685254,-3000000.0,32000000.0,0.019826518,6000000.0,26000000.0,0.0161090458,0.13,0.13,199000000,204000000,https://www.sec.gov/Archives/edgar/data/1373715/000137371522000024/0001373715-22-000024-index.htm,https://www.sec.gov/Archives/edgar/data/1373715/000137371522000024/now-20211231.htm,8.110552763819095,0.1306532663316583,4.241206030150754,3.7035175879396975,16.603015075376884,18.5678391959799,13.22110552763819,18.5678391959799,11.160804020100503,129172890000.0,129658890000.0,1242.0470192307691,80.03276951672862,153.04844786729856,175.26850746268656,34.958833558863326,34.958833558863326,80.3338847583643,906.7055244755244,153.62427725118482,175.92793758480326,0.0002012806247502,0.0057055315554215,0.5991880920162381,0.2050379699944434,3.3986013986013988,1.0547585370781976,5.0,32.46153846153846,0.0,0.0,0.1115241635687732,0.2428748451053283,0.0985367660677903,0.1267772511848341,0.0662949194547707,0.8492063492063492,0.1871127633209417,7.388088311106245,0.0047214843101444,0.0026710499280871,-13.090452261306533,271000000.0,2631000000.0,-1883000000.0,2692000000.0,1083000000.0,76500000.0,285500000.0,77.5092936802974,21.36,72.72,1.1611510791366906,4.213483146067416,1.2376237623762376,0.0070365358592692,0.5376884422110553,2022-01-26,1.43,amc,1599710000.0,2025-04-25,2021-12-31,0.0209790209790209,656.4615625,1119028.421875
2021-09-30,NOW,USD,1373715,2021-10-28,2021-10-27 19:41:33,2021,Q3,1512000000.0,350000000.0,1162000000.0,0.7685185185,358000000,151000000.0,579000000.0,730000000.0,1000000.0,1088000000.0,1438000000.0,5000000.0,7000000.0,103000000.0,178000000.0,0.1177248677,74000000.0,0.0489417989,-6000000.0,68000000.0,0.044973545,5000000.0,63000000.0,0.0416666667,0.32,0.31,199000000,203000000,https://www.sec.gov/Archives/edgar/data/1373715/000137371521000292/0001373715-21-000292-index.htm,https://www.sec.gov/Archives/edgar/data/1373715/000137371521000292/now-20210930.htm,7.597989949748744,0.3165829145728643,1.6080402010050252,1.135678391959799,15.231155778894472,17.758793969849247,12.371859296482413,17.758793969849247,11.226130653266331,123831730000.0,124658730000.0,491.395753968254,81.89929232804232,386.97415625,547.9280088495575,35.04010469722694,35.04010469722694,82.44625,700.3299438202247,389.55853125,551.5873008849558,0.0005087549047404,0.001825057277323,0.6301641199773628,0.2349651825279594,4.646067415730337,1.130801687763713,10.571428571428571,5.079365079365079,0.0,0.0,0.0998677248677248,0.2367724867724867,0.1131040303861574,0.29375,0.0621693121693121,0.752,0.1924603174603174,11.247130388288488,0.0115360631885262,0.0074946466809421,-11.040201005025123,496000000.0,2462000000.0,-1656000000.0,2914000000.0,778500000.0,81000000.0,261500000.0,46.19047619047619,16.457142857142856,68.91428571428571,1.9484536082474224,5.46875,1.3059701492537314,0.0178268251273344,0.4723618090452261,2021-10-27,1.39,amc,1473310000.0,2025-04-25,2021-09-30,0.1151079136690648,605.485625,1000007.875
2021-06-30,NOW,USD,1373715,2021-07-29,2021-07-28 19:36:33,2021,Q2,1409000000.0,329000000.0,1080000000.0,0.7665010646,333000000,139000000.0,557000000.0,696000000.0,6000000.0,1029000000.0,1358000000.0,5000000.0,7000000.0,94000000.0,151000000.0,0.1071682044,51000000.0,0.0361958836,-1000000.0,50000000.0,0.0354861604,-9000000.0,59000000.0,0.0418736693,0.3,0.29,198000000,202000000,https://www.sec.gov/Archives/edgar/data/1373715/000137371521000202/0001373715-21-000202-index.htm,https://www.sec.gov/Archives/edgar/data/1373715/000137371521000202/now-20210630.htm,7.116161616161616,0.2979797979797979,1.5151515151515151,1.0555555555555556,15.070707070707073,16.54040404040404,10.969696969696969,16.54040404040404,10.585858585858588,108810899999.99998,109537899999.99998,461.0631355932203,77.22562100780695,362.703,520.6263157894737,33.22470229007633,33.22470229007633,77.7415897799858,725.4165562913906,365.12633333333326,524.1047846889951,0.000542225089582,0.0019207634529261,0.6378625954198474,0.227386524436704,4.814569536423841,1.0811156601842375,7.285714285714286,5.084745762711864,0.0,0.0,0.098651525904897,0.2363378282469836,0.1200609556982693,0.3033333333333333,0.0645848119233498,0.7913043478260869,0.1994322214336409,10.53071178626764,0.0108667388949079,0.0072983671449777,-11.18560606060606,317000000.0,2172000000.0,-1687000000.0,2618000000.0,713000000.0,103500000.0,248000000.0,49.88644428672818,26.80851063829787,69.75683890577508,1.8040973111395648,3.357142857142857,1.2901960784313726,0.0180152671755725,0.4595959595959596,2021-07-28,1.2,amc,1359910000.0,2025-04-25,2021-06-30,0.1833333333333333,506.8828571428571,1602484.1587301588
2021-03-31,NOW,USD,1373715,2021-04-29,2021-04-28 19:14:06,2021,Q1,1360000000.0,299000000.0,1061000000.0,0.7801470588,314000000,126000000.0,524000000.0,650000000.0,9000000.0,964000000.0,1263000000.0,6000000.0,7000000.0,106000000.0,203000000.0,0.1492647059,97000000.0,0.0713235294,2000000.0,99000000.0,0.0727941176,17000000.0,82000000.0,0.0602941176,0.42,0.41,197000000,202000000,https://www.sec.gov/Archives/edgar/data/1373715/000137371521000114/0001373715-21-000114-index.htm,https://www.sec.gov/Archives/edgar/data/1373715/000137371521000114/now-20210331.htm,6.903553299492386,0.416243654822335,3.6903553299492384,3.1472081218274117,17.543147208121827,15.416243654822336,12.461928934010151,15.416243654822336,10.736040609137056,98521670000.0,98808670000.0,300.3709451219512,72.44240441176471,135.51811554332875,158.90591935483872,32.4404576885084,32.4404576885084,72.65343382352941,486.7422167487685,135.91288858321872,159.36882258064517,0.00083230420272,0.0062930317766639,0.6941060256832401,0.238948084334618,1.4137931034482758,1.23471615720524,13.857142857142858,8.865853658536585,0.0,0.0,0.0926470588235294,0.2308823529411764,0.0659714350487417,0.1471801925722145,0.0786764705882352,1.009433962264151,0.188235294117647,12.015846039983405,0.0151248935134477,0.0099514563106796,-8.75507614213198,860000000.0,2455000000.0,-1261000000.0,2590000000.0,827000000.0,71618000.0,234962000.0,42.68382352941176,32.80936454849498,72.5418060200669,2.108527131782946,2.743119266055046,1.2406639004149378,0.0270003292723082,0.5431472081218274,2021-04-28,1.34,amc,1336070000.0,2025-04-25,2021-03-31,0.1343283582089551,527.8624590163935,1607658.5901639345
2020-12-31,NOW,USD,1373715,2021-02-12,2021-02-11 19:17:55,2020,Q4,1250330000.0,279104000.0,971226000.0,0.7767757312,284297000,135146000.0,533853000.0,668999000.0,3138000.0,953296000.0,1232400000.0,6750000.0,7708000.0,93033000.0,97068000.0,0.0776339046,17930000.0,0.0143402142,-4570000.0,13360000.0,0.0106851791,-3288000.0,16648000.0,0.0133148849,0.09,0.08,195461000,202455000,https://www.sec.gov/Archives/edgar/data/1373715/000137371521000061/0001373715-21-000061-index.htm,https://www.sec.gov/Archives/edgar/data/1373715/000137371521000061/now-20201231.htm,6.396825965282077,0.0851730012636792,3.507221389433186,2.787435856769381,15.81919666838909,14.501516926650329,12.485099329277965,14.501516926650329,10.963189587692684,107587598229.99998,108045972229.99998,1615.6234717383468,86.04736208041076,156.9419032566281,197.4682210761056,37.95671878908343,37.95671878908343,86.41396449737267,1113.0956878682985,157.61054991429924,198.3095289950168,0.0001547390245147,0.0050641059839932,0.753283581720957,0.2449975943932437,4.722194750072115,1.209972642210201,2.3261546445251686,41.17761893320519,0.0,0.0,0.1080882646981196,0.2273775723209072,0.0452241448334761,0.2052295685788264,0.1125222941143538,1.5122590908602325,0.1962673854102516,5.271678925083944,0.0042963730965955,0.0020007388600739,-9.809261182537693,784698000.0,2440350000.0,-1358734000.0,2292688000.0,820027500.0,42846000.0,215832500.0,72.62882598993865,11.039755789956432,73.81893487732172,1.239177403369673,8.152354246991472,1.2191993849487166,0.0058733856392052,0.7197855326638051,2021-01-27,1.06,amc,1107435142.0,2025-04-25,2020-12-31,0.1037735849056602,519.9290625,1292700.609375
2020-09-30,NOW,USD,1373715,2020-10-29,2020-10-28 20:12:16,2020,Q3,1151972000.0,251704000.0,900268000.0,0.7815016337,268292000,109234000.0,453410000.0,562644000.0,-35919000.0,830936000.0,1082640000.0,8245000.0,43899000.0,84720000.0,154052000.0,0.1337289448,69332000.0,0.0601854906,-43899000.0,25433000.0,0.0220777936,12575000.0,12858000.0,0.0111617296,0.07,0.06,193237000,201861000,https://www.sec.gov/Archives/edgar/data/1373715/000137371520000257/0001373715-20-000257-index.htm,https://www.sec.gov/Archives/edgar/data/1373715/000137371520000257/now-20200930.htm,5.961446306866697,0.0665400518534235,1.249512256969421,0.775193156590094,15.274564395017515,13.83645989122166,11.82972722615234,13.83645989122166,11.62834757318733,93719945000.0,94574779000.0,1822.210783170011,81.35609632873022,388.1514545334062,625.6505180378648,35.05231857085794,35.05231857085794,82.09815776772352,613.914645704048,391.69184351341056,631.3571724211595,0.0001371959832029,0.0015983364053404,0.8239947698259651,0.285917814889418,5.548996442759588,1.398785308752244,1.579352604842935,18.778348110125997,0.0,0.0,0.0948234852930453,0.2328980218269194,0.0503247113507449,0.3796033994334277,0.0795644338577673,1.0818696883852692,0.190915230578521,4.551403307680867,0.0070028126007402,0.0017571133161803,-7.790797052324348,1130934000.0,2285941000.0,-1064862000.0,2540442000.0,631523500.0,68606500.0,197309000.0,49.30237019649783,18.39875409210819,72.49265009693926,1.825470046192487,4.891635572139304,1.241505171622908,0.0048090373098713,0.4743191003793269,2020-10-28,1.03,amc,980604264.0,2025-04-25,2020-09-30,0.1747572815533979,446.55359375,1631639.515625
2020-06-30,NOW,USD,1373715,2020-07-30,2020-07-29 20:06:18,2020,Q2,1070842000.0,232939000.0,837903000.0,0.7824711769,245081000,104037000.0,426519000.0,530556000.0,1123000.0,775637000.0,1008576000.0,8252000.0,8488000.0,82390000.0,146000000.0,0.136341309,62266000.0,0.0581467667,-236000.0,62030000.0,0.0579263794,21264000.0,40766000.0,0.0380691082,0.21,0.2,191319000,201453000,https://www.sec.gov/Archives/edgar/data/1373715/000137371520000191/0001373715-20-000191-index.htm,https://www.sec.gov/Archives/edgar/data/1373715/000137371520000191/now-20200630.htm,5.597154490667419,0.2130786801101824,1.9237712929714248,1.312415390003084,12.244842383662888,12.956402657341926,10.994898572541148,12.956402657341926,6.308061405296913,77495674140.0,77856729140.0,475.24698363832607,72.36891543290233,210.5551743494161,308.6370390696563,31.26330747141971,31.26330747141971,72.70608468849747,533.2652680821918,211.53615811810224,310.0749896053208,0.0005260422656154,0.0032400518194911,0.4834440452379089,0.183761266334719,2.4729794520547945,1.1713840324816391,7.335768143261075,9.028455085119951,0.0,0.0,0.0971543887893825,0.2288675640290537,0.0575456553277877,0.3177903242458987,0.1092261977023687,1.419638305619614,0.2024948591855754,7.881401936651611,0.0107576072166214,0.0066328931363239,-5.905840507215697,488251000.0,2103533000.0,-705381000.0,1873997000.0,623613000.0,79830500.0,187353500.0,53.11640746253882,33.13369594614899,74.1349881299396,1.694391701160774,2.7162680597502247,1.2140016781584035,0.0164458210928971,0.6113559029683409,2020-07-29,1.02,amc,879309284.0,2025-04-25,2020-06-30,0.2058823529411764,353.0669841269841,2176070.73015873
2020-03-31,NOW,USD,1373715,2020-04-30,2020-04-30 08:07:04,2020,Q1,1046340000.0,223366000.0,822974000.0,0.7865263681,226657000,105748000.0,441234000.0,546982000.0,129000.0,773639000.0,997005000.0,7597000.0,8570000.0,76238000.0,125000000.0,0.1194640365,49335000.0,0.0471500659,-973000.0,48362000.0,0.0462201579,131000.0,48231000.0,0.0460949596,0.25,0.24,190163000,199938000,https://www.sec.gov/Archives/edgar/data/1373715/000137371520000101/0001373715-20-000101-index.htm,https://www.sec.gov/Archives/edgar/data/1373715/000137371520000101/now-20200331x10q.htm,5.502332209735858,0.2536297807670262,2.584982357240893,2.1474261554561087,9.7742725977188,11.916592607394708,9.925385064392128,11.916592607394708,6.371854672044509,54496912540.0,54891308540.0,282.4786576061039,52.08336921077279,110.86342589428116,133.45278452153855,24.04882078641893,24.04882078641893,52.460298316034944,439.13046832,111.6657482586336,134.41858683860605,0.0008850226141636,0.0074932868848353,0.5309225782679013,0.1941326836862331,3.155168,1.031164314214198,5.756709451575262,10.191951234683089,0.0,0.0,0.1010646634937018,0.2166188810520481,0.0610986901637714,0.1692685447384695,0.0795219527113557,1.091411107321808,0.1799462889691687,8.246457562876827,0.0136740916215626,0.0082888765685896,-7.991962158779573,84800000.0,1887441000.0,-1125460000.0,1398999000.0,725256500.0,63432000.0,178934500.0,52.91880268364011,29.77785338860883,73.66698602293992,1.7007187509142865,3.022380385364797,1.2217141606957282,0.0212837502399502,0.4375562017847846,2020-04-29,0.96,amc,946688571.0,2025-04-25,2020-03-31,0.09375,312.5946774193548,2390118.596774193
2019-12-31,NOW,USD,1373715,2020-02-20,2020-02-20 07:38:20,2019,Q4,951774000.0,211453000.0,740321000.0,0.7778327628,202328000,93476000.0,416005000.0,509481000.0,192000.0,711809000.0,923262000.0,14149000.0,8475000.0,72331000.0,100843000.0,0.1059526736,28512000.0,0.0299566914,5674000.0,34186000.0,0.0359181907,-564538000.0,598724000.0,0.6290611006,3.17,3.03,189042000,197843000,https://www.sec.gov/Archives/edgar/data/1373715/000137371520000072/0001373715-20-000072-index.htm,https://www.sec.gov/Archives/edgar/data/1373715/000137371520000072/now-20191231x10kxinpro.htm,5.0347224426317965,3.167148041176035,2.228134488632156,1.6233376709937477,8.945604680441383,11.25644565757874,9.666291088752764,11.25644565757874,6.026941103035305,53370337440.0,53725429440.0,22.28503343777767,56.074590648620365,126.7068937895734,173.9132929917003,25.08074116716582,25.08074116716582,56.447675015287246,532.7631014547366,127.5499202062624,175.07040051616434,0.0112182914465005,0.0057499917504737,0.531438606615503,0.1877763626974493,3.521235980682844,1.0269240060520528,3.36424778761062,0.7035144741149512,0.0,0.0,0.0982123907566292,0.2125798771557113,0.049914403322247,0.2714364059818001,0.1201251557617669,1.5806777177143962,0.178667414743416,28.32214100024241,0.1503022617128193,0.1046386606788324,-7.878753134224141,74116000.0,1827335000.0,-1067588000.0,1245235000.0,687347500.0,57433000.0,166640000.0,78.98420213201874,22.54117936373568,74.50123668143748,1.1394683692514718,3.992692598187311,1.2080336382177683,0.2813630641075105,0.6047968176384084,2020-01-29,0.88,amc,862545187.0,2025-04-25,2019-12-31,0.0909090909090908,263.41671875,3056041.015625
2019-09-30,NOW,USD,1373715,2019-10-25,2019-10-24 18:49:57,2019,Q3,885833000.0,200793000.0,685040000.0,0.7733286071,190099000,75642000.0,362975000.0,438617000.0,206000.0,628716000.0,829509000.0,12817000.0,8371000.0,64006000.0,120330000.0,0.1358382449,56324000.0,0.0635830907,4446000.0,60770000.0,0.0686020954,20172000.0,40598000.0,0.0458303089,0.22,0.21,188074303,197878215,https://www.sec.gov/Archives/edgar/data/1373715/000137371519000267/0001373715-19-000267-index.htm,https://www.sec.gov/Archives/edgar/data/1373715/000137371519000267/now-20190930x10q.htm,4.71001612591381,0.2158614938479926,1.1175264065713433,0.6386252565295962,7.821764996784276,7.600575821355031,6.181727016688718,7.600575821355031,6.022625004756764,47742661816.55,48244066816.55,293.9963903181807,53.89578150345493,227.1534690431444,397.4944576721977,33.39878529818331,33.39878529818331,54.46180805699268,400.9313289832128,229.53908980269105,401.669040759227,0.0008503505765136,0.0025157583475658,0.7865346180025786,0.2363622832790392,4.166915981052107,1.047730485035536,6.728467327678891,5.177053056800828,0.0,0.0,0.0853908129410396,0.214599140018491,0.0560983331679563,0.428536764076164,0.1016771784297943,1.4071962003562166,0.1839330889682366,6.075780784829979,0.0141303385484065,0.0090419533897748,-7.298070380194364,104652000.0,1162624000.0,-1030122000.0,1177783000.0,521396000.0,63808500.0,155143000.0,54.8042802650161,27.747680447027538,70.92722355859019,1.6422074984798374,3.243514360482021,1.2689062885092992,0.0284006763331661,0.478901150041747,2019-10-23,0.89,amc,796354919.0,2025-04-25,2019-09-30,0.1123595505617977,271.88296875,1691113.4375
2019-06-30,NOW,USD,1373715,2019-08-06,2019-08-06 16:19:52,2019,Q2,833904000.0,198147000.0,635757000.0,0.7623863178,183420000,85442000.0,393895000.0,479337000.0,3090000.0,662757000.0,860904000.0,18954000.0,8269000.0,60328000.0,40054000.0,0.0480319077,-27000000.0,-0.0323778277,10685000.0,-16315000.0,-0.0195646022,-5236000.0,-11079000.0,-0.013285702,-0.06,-0.0593,184650000,186677622,https://www.sec.gov/Archives/edgar/data/1373715/000137371519000208/0001373715-19-000208-index.htm,https://www.sec.gov/Archives/edgar/data/1373715/000137371519000208/now-20190630x10q.htm,4.516133225020309,-0.06,1.319983753046304,0.8539344706200921,8.954151096669374,6.828843758461956,5.344570809639859,6.828843758461956,6.040389926888708,52350121500.0,52873629500.0,-1181.2916666666667,62.77715600356875,214.78294664287031,332.0043981760412,41.51654511771321,41.51654511771321,63.40493570003262,1320.0586583112795,216.93080394690955,335.3244851882622,-0.0002116327466403,0.0030120082911364,0.8779828795206139,0.2405301841113797,13.070055425176012,1.0976674386589715,-3.265207401136776,-21.9997292174384,0.0,0.0,0.1024602352309138,0.2199533759281643,0.0595456626247663,0.353071983916959,0.1031965310155605,1.4264686381116565,0.2059709510926917,,-0.0074230503283606,-0.0025594691348213,-6.687346330896291,217308000.0,986875000.0,-899470000.0,1253336000.0,462967500.0,52189500.0,148337000.0,54.327404593334485,29.846477615103936,69.06009175006434,1.6566224849814055,3.015431206342926,1.3032128646124503,-0.0087862604742788,0.4660492824262117,2019-07-24,0.64,amc,739942985.0,2025-04-25,2019-06-30,0.1093749999999999,262.7893650793651,1734437.9047619049
2019-03-31,NOW,USD,1373715,2019-05-03,2019-05-03 16:36:13,2019,Q1,788926000.0,186252000.0,602674000.0,0.7639170214,172522000,84456000.0,361409000.0,445865000.0,42000.0,618387000.0,804639000.0,12425000.0,8168000.0,55449000.0,39736000.0,0.0503672081,-15713000.0,-0.0199169504,4257000.0,-11456000.0,-0.014521007,-9911000.0,-1545000.0,-0.0019583586,-0.0085,-0.0085,182061579,182061579,https://www.sec.gov/Archives/edgar/data/1373715/000137371519000116/0001373715-19-000116-index.htm,https://www.sec.gov/Archives/edgar/data/1373715/000137371519000116/now-20190331x10q.htm,4.333292089046421,-0.0084861397362702,1.9820107129797,1.7231752120528407,9.12940011357366,6.563444119091156,5.220843437812873,6.563444119091156,6.047069381947962,44737991807.67,45191040807.67,-7239.157250432039,56.70746281358454,123.98015731740232,142.6030262513228,37.4391852115024,37.4391852115024,57.28172326386758,1137.2820819325043,125.23566933354208,144.0471267983004,-3.453440660997933e-05,0.0070124739024654,0.914490217590512,0.2484194326075071,11.40147473323938,1.131871290531551,-1.9237267384916747,-233.5585760517799,0.0,0.0,0.1070518654474564,0.2186795719750648,0.0555675914064782,0.1305923823881523,0.059731837967059,0.8498620353838663,0.1995751185789288,,-0.0008885335971342,-0.0003718895769581,-6.330809917890473,276645000.0,950515000.0,-829458000.0,1265293000.0,498684500.0,34700500.0,142259500.0,48.20516753155556,18.68500740931641,69.88708846079506,1.8670197534545472,4.816695976000828,1.2877915217556646,-0.0012929400452403,0.2588355009268595,2019-04-24,0.54,amc,635850805.0,2025-04-25,2019-03-31,0.2407407407407407,219.82639344262296,2065607.491803279
2018-12-31,NOW,USD,1373715,2019-02-27,2019-02-27 08:09:32,2018,Q4,715441000.0,168162000.0,547279000.0,0.7649533644,148662000,79176000.0,319163000.0,398339000.0,-2311000.0,547001000.0,715163000.0,10615000.0,8938000.0,43112000.0,43390000.0,0.0606479081,278000.0,0.0003885715,1677000.0,1955000.0,0.0027325803,-5060000.0,7015000.0,0.0098051412,0.04,0.04,179763953,190662082,https://www.sec.gov/Archives/edgar/data/1373715/000137371519000070/0001373715-19-000070-index.htm,https://www.sec.gov/Archives/edgar/data/1373715/000137371519000070/now-20181231x10k.htm,3.979891341174501,0.0390233964203045,1.611068265727334,1.0608300319252548,8.332716181424871,6.181433938538278,4.7939088210860605,6.181433938538278,3.7306978891368727,32006971831.65,32102474831.65,1140.6618614272986,44.73740228984641,110.51673215077416,167.84027095920797,28.80399625238144,28.80399625238144,44.8708905858764,739.8588345621112,110.84649403909368,168.3410758926371,0.0002191709992715,0.005958045672144,0.5954891968045327,0.1705808503946751,2.201037105323808,1.165022585516153,0.0311031550682479,41.284675694939416,0.0,0.0,0.1106674065366676,0.2077907192906193,0.0642995612429559,0.3415362623095728,0.1382545870309361,2.294326405641121,0.1993791242045116,2.329691462010332,0.0005344192904753,0.0019326596896228,-4.277645696854474,332120000.0,861772000.0,-423248000.0,928763000.0,499754000.0,36978000.0,133037500.0,72.30910724993396,16.448246333892317,74.86887644057515,1.2446564951897148,5.471707936094751,1.202101651297448,0.0063130006416492,0.5502382338020794,2019-01-30,0.64,amc,594618181.0,2025-04-25,2018-12-31,0.203125,177.43825396825395,2338802.936507937
2018-09-30,NOW,USD,1373715,2018-11-07,2018-11-07 16:12:36,2018,Q3,673097000.0,157858000.0,515239000.0,0.7654751098,135655000,80693000.0,289323000.0,370016000.0,894000.0,505671000.0,663529000.0,8895000.0,11233000.0,37874000.0,56337000.0,0.0836981891,9568000.0,0.0142148903,-2338000.0,7230000.0,0.0107413939,-1175000.0,8405000.0,0.0124870561,0.05,0.04,178719694,192190899,https://www.sec.gov/Archives/edgar/data/1373715/000137371518000195/0001373715-18-000195-index.htm,https://www.sec.gov/Archives/edgar/data/1373715/000137371518000195/now-2018930x10q.htm,3.76621616194128,0.0470289525003327,0.8141296392327082,0.5302381504748995,9.098269830296374,5.70829088371201,4.437367713935321,5.70829088371201,4.620884142740307,34780639649.340004,34891620649.340004,1034.5222977198098,51.67255187490065,239.04055401227484,367.0237605983285,34.09251630033406,34.09251630033406,51.83743301387468,619.3375694364273,239.8033047837472,368.1948909853953,0.0002416574302468,0.0027246192409172,0.7984932129890294,0.2274530761631767,1.9699487015638035,1.260164478874432,0.8517760170924953,17.311243307555028,0.0,0.0,0.1198831669135355,0.2015385598212442,0.0634211024497953,0.3487055071786448,0.075378437283185,1.3396261287426732,0.2145426290712928,2.457689192846387,0.0057827991069482,0.0025057366612378,-3.097599305424057,473228000.0,793045000.0,-269073000.0,997738000.0,396148000.0,36939500.0,122626500.0,56.78649585423794,24.64284356827022,71.94218854920246,1.5848838468747204,3.6521759248548222,1.2510044775527995,0.0082387098797863,0.2838914887578086,2018-10-24,0.6,amc,593911764.0,2025-04-25,2018-09-30,0.1333333333333334,189.1155555555556,1787003.253968254
2018-06-30,NOW,USD,1373715,2018-08-08,2018-08-08 16:09:35,2018,Q2,631056000.0,153165000.0,477891000.0,0.7572877843,127916000,71095000.0,310869000.0,381964000.0,663000.0,509880000.0,663045000.0,6638000.0,15498000.0,35207000.0,9856000.0,0.0156182653,-31989000.0,-0.0506912223,-8860000.0,-40849000.0,-0.0647311808,11897000.0,-52746000.0,-0.0835837073,-0.3,-0.3,177343176,177343176,https://www.sec.gov/Archives/edgar/data/1373715/000137371518000157/0001373715-18-000157-index.htm,https://www.sec.gov/Archives/edgar/data/1373715/000137371518000157/now-2018630x10q.htm,3.5583889622006093,-0.2974233415104734,0.7099004474804264,0.3941792493893309,9.865944884171917,5.028160767798587,3.727107041321962,5.028160767798587,4.920567115590622,30586377564.72,30738662564.72,-144.97012837333637,48.46856311439873,242.94955808540385,437.5420580032902,34.300812556458936,34.300812556458936,48.70988084214397,3118.776640089286,244.15916760437187,439.7205144799371,-0.0017244931959788,0.0022854945752265,0.9612216976371242,0.2468066886196026,15.450994318181818,1.2801178634554156,-2.0640727835849786,-2.386835020665074,0.0,0.0,0.1126603661164777,0.2027015035115742,0.0664384413645834,0.4447401029421109,0.0887258816967115,1.590337148862442,0.2148145331000735,,-0.0223599034665299,-0.0162688289348645,-2.798435841703884,514588000.0,660977000.0,-229545000.0,1032274000.0,369303000.0,34185500.0,117467500.0,52.42612383053168,18.013514836940555,69.9645480364313,1.716701396634367,4.99624869519833,1.2863657741794603,-0.0591515178701595,0.3157211980910954,2018-07-25,0.43,amc,553822448.0,2025-04-25,2018-06-30,0.1395348837209302,173.26484375,1807688.90625
2018-03-31,NOW,USD,1373715,2018-05-08,2018-05-08 08:10:28,2018,Q1,589222000.0,143473000.0,445749000.0,0.7565043396,117268000,65063000.0,283701000.0,348764000.0,-2033000.0,466032000.0,609505000.0,29987000.0,17064000.0,33411000.0,43115000.0,0.07317276,-20283000.0,-0.0344233583,12923000.0,-7360000.0,-0.0124910475,-17982000.0,10622000.0,0.0180271612,0.06,0.06,175482833,190249786,https://www.sec.gov/Archives/edgar/data/1373715/000137371518000087/0001373715-18-000087-index.htm,https://www.sec.gov/Archives/edgar/data/1373715/000137371518000087/now-2018331x10q.htm,3.357718757594938,0.0605301374408515,1.4250966645837089,1.1787990680547082,10.747256399718598,4.930185962976789,3.7264328870277583,4.930185962976789,6.677485084823084,29033634719.85,29505500719.85,683.3372886426756,49.2745259339434,116.09738771533108,140.3547088589329,33.558571875877725,33.558571875877725,50.07535482356395,684.344212451583,117.98424792006556,142.63580854519262,0.0003658515408936,0.0071248054883935,1.3346849090864958,0.3117086450613243,10.944358112025975,1.1868002913228497,-1.1886427566807314,23.54358877800791,0.0,0.0,0.1104218783412703,0.1990217608982692,0.0570222311603367,0.1728286948176583,0.0733526582510497,1.293615875011224,0.2059342658624423,2.591246565618312,0.0137857401313344,0.0030407240026256,-3.517002144591545,391910000.0,653925000.0,-349396000.0,870602000.0,402951500.0,34912000.0,117278500.0,56.66916713904097,23.658458385898392,72.68287412962718,1.5881652147662584,3.804136285297627,1.2382559313695876,0.0122774552309795,0.2462975965290006,2018-04-25,0.37,amc,389292857.0,2025-04-25,2018-03-31,0.5135135135135137,154.32868852459015,1997682.7213114756
2017-12-31,NOW,USD,1373715,2017-12-31,2017-12-30 19:00:00,2017,Q4,546370000.0,134360000.0,412010000.0,0.7540860589,104559000,60291000.0,260292000.0,320583000.0,-507000.0,425142000.0,559502000.0,5065000.0,16813000.0,32067000.0,23633000.0,0.0432545711,-13132000.0,-0.0240349946,-11748000.0,-24880000.0,-0.0455369072,2927000.0,-27807000.0,-0.0508940828,-0.17,-0.16,166915252,173567143,,,3.273337777424917,-0.1665935237601894,1.1070647995666687,0.896454926719339,10.6598886481626,3.499572345851295,2.207635285480083,3.499572345851295,7.130858239365687,21987746145.96,22434687145.96,-197.681754108318,40.24332621842341,118.99032473217667,146.94548055202094,37.6417421849171,37.6417421849171,41.06134514332778,949.294932761816,121.40901987141882,149.93241516493796,-0.0012646589521004,0.0068052450217819,2.0088541631001213,0.3453411279424021,18.911733592857445,1.1475428097557352,-0.7810622732409445,-6.645305138993779,0.0,0.0,0.1103482987718945,0.1913703168182733,0.0634638294666359,0.1902416849761345,0.0643410143309479,1.0962671905697443,0.1933250361476655,,-0.0076818651606075,-0.0087381295054458,-3.88794757952976,309933000.0,368488000.0,-403208000.0,770701000.0,363399000.0,26430500.0,107750500.0,71.63744349067481,21.507963679666567,79.50357249181303,1.256326239667046,4.184496558597278,1.13202460190412,-0.0476039662268117,0.2106098728473297,2018-01-31,0.35,amc,549100000.0,2025-04-25,2017-12-31,0.0,124.31761904761905,1428705.2857142857
2017-09-30,NOW,USD,1373715,2017-11-06,2017-11-06 17:30:56,2017,Q3,498170000.0,127280000.0,370890000.0,0.7445048879,98465000,52465000.0,227015000.0,279480000.0,426000.0,377945000.0,505225000.0,853000.0,16566000.0,29401000.0,25491000.0,0.0511692796,-7055000.0,-0.0141618323,-18858000.0,-22768000.0,-0.045703274,1420000.0,-24188000.0,-0.0485537066,-0.14,-0.14,170630769,171883190,https://www.sec.gov/Archives/edgar/data/1373715/000137371517000164/0001373715-17-000164-index.htm,https://www.sec.gov/Archives/edgar/data/1373715/000137371517000164/now-2017930x10q.htm,2.919578941826137,-0.1417563792377915,0.8315616276686886,0.5575606355029672,9.798332444953116,3.231486344646316,2.1937661196381293,3.231486344646316,6.875635659826394,20054234280.57,20105992280.57,-207.27462254599388,40.25580480673264,141.3364879876665,210.79321694577297,36.37026045142195,36.37026045142195,40.359701067045386,788.748667395159,141.7012635180069,211.3372534405121,-0.0012061293221968,0.0047439856675143,2.097656653808277,0.3768116461395367,2.0304421168255464,1.6612582194524503,-0.4258722685017506,-5.866131966264264,0.0,0.0,0.1053154545637031,0.1976534114860389,0.0576856604382125,0.3295017266896892,0.0938494891302166,1.5901840073466889,0.2016219362868097,,-0.0041898142652726,-0.0083624666718295,-3.392672103587601,846841000.0,374324000.0,-390632000.0,1255212000.0,285495500.0,22615000.0,90954000.0,52.735552120762,14.673790069138906,68.45529541169076,1.7066285718200909,6.133384734001542,1.3147266323041804,-0.0438672375863951,0.2740009921657212,2017-10-25,0.32,amc,414652631.0,2025-04-25,2017-09-30,0.1875,111.19539682539684,1469045.5714285714
2017-06-30,NOW,USD,1373715,2017-08-08,2017-08-08 16:48:07,2017,Q2,471703000.0,121685000.0,350018000.0,0.7420304726,90005000,51526000.0,247224000.0,298750000.0,221000.0,388755000.0,510440000.0,3144000.0,19167000.0,27181000.0,-19386000.0,-0.0410978942,-38737000.0,-0.0821215892,-19167000.0,-57904000.0,-0.1227552083,-1431000.0,-56473000.0,-0.1197215197,-0.33,-0.33,170419083,170419083,https://www.sec.gov/Archives/edgar/data/1373715/000137371517000125/0001373715-17-000125-index.htm,https://www.sec.gov/Archives/edgar/data/1373715/000137371517000125/now-2017630x10q.htm,2.767900118321843,-0.3313772085019375,0.755343813227771,0.5083820337186065,9.929498329714637,2.830821475550364,1.7921056411270562,2.830821475550364,6.802231179708906,18064422798.0,18031028798.0,-79.96928974022985,38.29617958333952,140.33344570207808,208.5046145802073,37.44496108833272,37.44496108833272,38.225385036771016,-930.105684411431,140.07402445523402,208.1191717029479,-0.0031262000802069,0.0047960569218736,2.3631873074834275,0.3898442965853578,1.7225833075415249,1.7342022032547708,-2.0210257212918035,-2.2794078586227045,0.0,0.0,0.1092339883358808,0.1908086232226634,0.0605309249126147,0.326952806370169,0.0892235156443779,1.548397777859534,0.2078977661791423,,-0.0221307047544134,-0.0205551525466542,-2.921852947653756,893737000.0,305409000.0,-330953000.0,1284255000.0,278597500.0,29068000.0,81941500.0,53.2494387358147,18.104285655586143,62.93898179726343,1.6901586596342373,4.971198627338834,1.4299564026933969,-0.1170604403576921,0.2469617795091644,2017-07-26,0.2,amc,407545454.0,2025-04-25,2017-06-30,0.0999999999999999,98.02380952380952,1942730.0
2017-03-31,NOW,USD,1373715,2017-05-05,2017-05-05 17:24:17,2017,Q1,416783000.0,116447000.0,300336000.0,0.720605207,84489000,46251000.0,212086000.0,258337000.0,104000.0,342826000.0,459273000.0,7716000.0,8678000.0,25226000.0,-9548000.0,-0.0229088039,-42490000.0,-0.1019475362,-962000.0,-43452000.0,-0.1042556918,-2790000.0,-40662000.0,-0.0975615608,-0.25,-0.24,165492307,168742366,https://www.sec.gov/Archives/edgar/data/1373715/000137371517000050/0001373715-17-000050-index.htm,https://www.sec.gov/Archives/edgar/data/1373715/000137371517000050/now-2017331x10q.htm,2.518443349756433,-0.2457032640193963,1.1325239426386149,0.9319949839118504,5.893409897295105,2.582228792061011,1.587203687963574,2.582228792061011,3.173368052691416,14475612093.29,14552187093.29,-88.99963167877871,34.73177191317784,77.23457024335197,93.85243645074496,33.87383808472898,33.87383808472898,34.91550061612398,-1524.1084094354835,77.64313584861063,94.34890943405644,-0.0028090003889264,0.0106550243959283,1.20861891846988,0.2379849815437115,-8.020004189359028,1.2249946262737923,-4.896289467619267,-4.609315823127244,0.0,0.0,0.1109714167804349,0.2027170014132054,0.0758751358706295,0.177063769848045,0.0796241689320341,1.315547451042575,0.2158029478169695,,-0.0385865011949874,-0.0202742928030299,-3.1399450489260508,256450000.0,262670000.0,-346669000.0,610778000.0,300432000.0,35869000.0,77783000.0,60.05434482692433,26.01372298127045,60.892423162468766,1.498642608780074,3.459712401212194,1.478016398852588,-0.0951516243544352,0.2005289587267642,2017-04-26,0.17,amc,303733333.0,2025-04-25,2017-03-31,0.4117647058823528,87.20064516129031,1507623.6129032257
2016-12-31,NOW,USD,1373715,2017-02-28,2017-02-28 16:57:49,2016,Q4,385666000.0,104936000.0,280730000.0,0.727909642,73933000,41543000.0,188857000.0,230400000.0,82000.0,304333000.0,409269000.0,1290000.0,8532000.0,23366000.0,-237000.0,-0.0006145214,-23603000.0,-0.0612006244,-7242000.0,-30845000.0,-0.0799785306,1744000.0,-32589000.0,-0.0845005782,-0.2,-0.2,166816643,166816643,https://www.sec.gov/Archives/edgar/data/1373715/000137371517000026/0001373715-17-000026-index.htm,https://www.sec.gov/Archives/edgar/data/1373715/000137371517000026/now-20161231x10k.htm,2.3119156042481923,-0.1953582053560447,0.7954062473250946,0.6188651092804931,5.3913205770481785,2.31967861863759,1.430151067121043,2.31967861863759,3.095278688709735,12401149240.62,12507723240.62,-95.13293780585474,32.15515300965084,93.46167477311266,120.12310741904552,32.04754288060037,32.04754288060037,32.43149056598197,-52775.20354691984,94.26487327786444,121.1554311014462,-0.0026279016055427,0.0083247929685296,1.3123079586831747,0.2496903529263676,-449.6793248945147,1.249269533692642,-2.7664088138771685,-4.071527202430268,0.0,0.0,0.1077175587166097,0.1917021464168477,0.0729621436477236,0.2219509070217881,0.07636141116925,1.260378327484379,0.2155232766175913,,-0.0260006732855237,-0.0172851188010474,-2.7993984389195505,267879000.0,238573000.0,-304271000.0,597887000.0,271423000.0,34046000.0,69718500.0,75.31939553914526,32.65990699092781,65.8515666692079,1.1949113419693451,2.755672268907563,1.3667100807501953,-0.0842177893896284,0.1765411380446014,2017-01-25,0.23,amc,370012500.0,2025-04-25,2016-12-31,0.0434782608695651,80.69428571428571,1691338.0952380951
2016-09-30,NOW,USD,1373715,2016-11-04,2016-11-04 17:23:06,2016,Q3,357656000.0,102837000.0,254819000.0,0.7124695238,75018000,40085000.0,166491000.0,206576000.0,37000.0,281594000.0,384431000.0,1783000.0,8389000.0,22264000.0,-2792000.0,-0.0078063838,-26775000.0,-0.0748624376,-6606000.0,-33381000.0,-0.0933326996,2877000.0,-36258000.0,-0.1013767419,-0.22,-0.22,165378836,165378836,https://www.sec.gov/Archives/edgar/data/1373715/000137371516000426/0001373715-16-000426-index.htm,https://www.sec.gov/Archives/edgar/data/1373715/000137371516000426/now-2016930x10q.htm,2.162646736732383,-0.2192420800446315,0.5848269484736245,0.3962719873055582,4.878979798841975,2.191955202780602,1.3142673225732464,2.191955202780602,3.069733783831929,13089734869.400002,13263947869.400002,-90.25411543245627,36.59867266144005,135.33918060133587,199.7365509941253,36.10931459712057,36.10931459712057,37.08576920113182,-4750.697660959886,137.14042752538307,202.39487097581448,-0.0027699567914672,0.0050065949122622,1.3773127394807767,0.2753715431020884,-62.39720630372493,1.254434016557224,-3.191679580402909,-2.6674940702741465,0.0,0.0,0.1120769678126467,0.2097490325899747,0.0800561906201154,0.3224115469716082,0.087187129532288,1.400601868487244,0.2267178517905473,,-0.0317921350168693,-0.0217378922673944,-2.704915337534484,228568000.0,217352000.0,-323704000.0,549825000.0,208692500.0,35553500.0,59944500.0,55.382853915494216,26.26564368855568,54.8356136410047,1.625051683637074,3.426529388244702,1.6412691319405652,-0.100021241203521,0.1885549611680662,2016-10-26,0.2,amc,326595652.0,2025-04-25,2016-09-30,0.15,73.71609375,1380115.96875
2016-06-30,NOW,USD,1373715,2016-08-03,2016-08-03 16:57:58,2016,Q2,341312000.0,96649000.0,244663000.0,0.7168309347,70364000,36071000.0,186506000.0,222577000.0,-78000.0,292941000.0,389590000.0,2260000.0,8248000.0,20000000.0,-27278000.0,-0.0799210107,-48278000.0,-0.1414482936,-5988000.0,-54266000.0,-0.1589923589,-4641000.0,-49625000.0,-0.1453948294,-0.3,-0.3,163838755,163838755,https://www.sec.gov/Archives/edgar/data/1373715/000137371516000394/0001373715-16-000394-index.htm,https://www.sec.gov/Archives/edgar/data/1373715/000137371516000394/now-2016630x10q.htm,2.0832189551245066,-0.3028892645088764,-0.9043708858749568,-1.1054954610708558,4.923828919476347,1.9792752941756668,1.0760213601476647,1.9792752941756668,3.046525835721835,10878893332.0,11080671332.0,-54.8055079697733,31.87374991796362,-73.42120477016421,-60.06356637202343,33.54763240636237,33.54763240636237,32.46493335130321,-406.2127477087763,-74.78299621383401,-61.17760489832876,-0.0045615853088686,-0.0166490280281755,1.5137781313794785,0.2863443498306635,-7.397096561331476,1.2884796163744996,-5.853297769156159,2.985813602015113,0.0,0.0,0.1056833630226889,0.2061574160885055,0.0863237004604692,-0.2223916960808795,0.0965450965685355,1.6476,0.2287203497093568,,-0.0512018025995582,-0.0316819357104095,-2.4826482598698947,245808000.0,176294000.0,-292167000.0,560347000.0,193779500.0,40358000.0,56410000.0,52.02465779111194,38.267855849517325,53.294705584124,1.729948909253102,2.3518432899379484,1.6887230919765166,-0.1530303871321874,0.2011245751958991,2016-07-27,0.09,amc,227533333.0,2025-04-25,2016-06-30,0.6666666666666666,69.48578125,1769740.359375
2016-03-31,NOW,USD,1373715,2016-05-06,2016-05-06 16:43:13,2016,Q1,305879000.0,94260000.0,211619000.0,0.6918389298,65924000,41237000.0,158610000.0,199847000.0,210000.0,265771000.0,360031000.0,702000.0,8109000.0,17452000.0,-324152000.0,-1.0597393087,-324152000.0,-1.0597393087,-7407000.0,-331559000.0,-1.0839547664,1773000.0,-333332000.0,-1.0897511761,-2.06,-2.06,162067108,162067108,https://www.sec.gov/Archives/edgar/data/1373715/000137371516000364/0001373715-16-000364-index.htm,https://www.sec.gov/Archives/edgar/data/1373715/000137371516000364/now-2016331x10q.htm,1.887360142194923,-2.056752934716401,0.4855210966064749,0.2706286336645188,5.558641794237484,1.8656222334762709,1.226319161566084,1.8656222334762709,3.0280789609696743,9915265667.44,9944458667.44,-7.436478996495986,32.415646930452894,126.00894261364648,226.0662486876425,32.79334846154864,32.79334846154864,32.51108663046499,-30.67838133789087,126.37994417680176,226.7318437628819,-0.0336180603909186,0.0044234820801653,1.5962739287462462,0.2575410489513848,-0.0900596016683531,1.138297578039518,-39.97434948822296,-0.236061944247777,0.0,0.0,0.1348147470078037,0.2155231316958666,0.055286885092818,0.4426017004079454,0.1138587480670461,1.9955878982351591,0.2462019295211505,,-0.3946490400722363,-0.18827710509237,-3.087133201636448,144975000.0,198746000.0,-378429000.0,402829000.0,196798000.0,38495000.0,53782000.0,55.98184249327348,37.83036282622533,53.07574793125398,1.6076641280753483,2.379041417430151,1.6956897172051522,-1.1024487690007805,0.2148924629419561,2016-04-20,0.07,amc,237922222.0,2025-04-25,2016-03-31,0.2857142857142855,63.31622950819672,2845736.426229508
2015-12-31,NOW,USD,1373715,2016-02-25,2016-02-25 17:24:05,2015,Q4,285650000.0,90909000.0,194741000.0,0.6817468931,58443000,33247000.0,133909000.0,167156000.0,-120000.0,225599000.0,316508000.0,1475000.0,4796000.0,16399000.0,-14459000.0,-0.050617889,-30858000.0,-0.1080273061,-4796000.0,-35654000.0,-0.1248170838,1724000.0,-37378000.0,-0.1308524418,-0.23,-0.23,159718874,159718874,https://www.sec.gov/Archives/edgar/data/1373715/000137371516000324/0001373715-16-000324-index.htm,https://www.sec.gov/Archives/edgar/data/1373715/000137371516000324/now-20151231x10k.htm,1.7884548822952508,-0.2340236883964007,0.6578558774462685,0.4910440327797452,5.016626901589602,3.5488229149424133,2.931024920699103,3.5488229149424133,3.001085519798994,13825265733.44,13887494733.44,-92.46927158649474,48.39931991402066,131.5789718806152,176.27747049484248,24.391186056519423,24.391186056519423,48.61717043038684,-960.4740807414069,132.1712229084818,177.07091424651597,-0.0027036008363724,0.0056728746855331,0.837195270406165,0.2626011869055235,-4.303824607510893,1.4838457921698769,-6.434111759799833,-2.811065332548558,0.0,0.0,0.1163906879047785,0.2045965342201995,0.0546049587947662,0.2535689812699863,0.0932714860843689,1.624672236111958,0.2386907054087169,,-0.0300814717598636,-0.0218792328161566,-1.630992277093063,353999000.0,468140000.0,-154603000.0,597387000.0,181550500.0,34011500.0,49779500.0,64.06430946963067,36.99534699534699,51.45629145629145,1.4048383685874894,2.432738366025315,1.7490572571956289,-0.0659440310225223,0.1668118446665232,2016-01-27,0.08,amc,120294736.0,2025-04-25,2015-12-31,1.375,82.585625,1344726.359375
2015-09-30,NOW,USD,1373715,2015-11-04,2015-11-04 16:37:14,2015,Q3,261150000.0,81888000.0,179262000.0,0.6864330844,55822000,33581000.0,117899000.0,151480000.0,-141000.0,207302000.0,289190000.0,1252000.0,11791000.0,15100000.0,-12940000.0,-0.049550067,-28040000.0,-0.1073712426,-11791000.0,-39831000.0,-0.1525215393,1199000.0,-41030000.0,-0.1571127704,-0.26,-0.26,156930506,156930506,https://www.sec.gov/Archives/edgar/data/1373715/000137371515000260/0001373715-15-000260-index.htm,https://www.sec.gov/Archives/edgar/data/1373715/000137371515000260/now-2015930x10q.htm,1.6641123938006035,-0.261453308510966,0.4018657787288343,0.2695269458954016,4.645056073418893,3.29403130835505,2.656335027684165,3.29403130835505,3.049897768124191,10898823641.7,11016581641.7,-66.4076507537168,41.73395995290063,172.81889545231112,257.6736799702107,21.083588314368956,21.083588314368956,42.18488087957113,-851.3587049227203,174.6861435296916,260.45775449086227,-0.0037646264724401,0.0038808775506897,0.9030766016551436,0.2807350825792236,-9.100309119010818,1.546273673996292,-2.3780849800695445,-1.5370460638557153,0.0,0.0,0.1285889335630863,0.2137545471950986,0.0601808420049937,0.3293110283041306,0.0795251771012827,1.375364238410596,0.249324143212713,,-0.0280955085372509,-0.0262539240114306,-1.7420800261741334,346786000.0,416860000.0,-164347000.0,579573000.0,151487000.0,25810000.0,45964500.0,55.06076967260196,33.69065064478312,52.2966735052755,1.634557608532372,2.671364259150519,1.720950759725112,-0.0793718347023024,0.1323388328334326,2015-10-21,0.09,amc,181784882.0,2025-04-25,2015-09-30,0.6666666666666666,74.70703125,1255729.96875
2015-06-30,NOW,USD,1373715,2015-08-06,2015-08-06 16:33:55,2015,Q2,246716000.0,79717000.0,166999000.0,0.6768875955,53276000,30384000.0,136574000.0,166958000.0,-19000.0,220234000.0,299951000.0,1074000.0,7186000.0,15033000.0,-38202000.0,-0.1548420046,-53235000.0,-0.2157744127,-7186000.0,-60421000.0,-0.2449010198,1504000.0,-61925000.0,-0.2509970979,-0.4,-0.4,154465367,154465367,https://www.sec.gov/Archives/edgar/data/1373715/000137371515000199/0001373715-15-000199-index.htm,https://www.sec.gov/Archives/edgar/data/1373715/000137371515000199/now-2015630x10q.htm,1.597225350845151,-0.4008989277188588,0.5152481850510866,0.4173556911304266,4.677579278984913,2.998167220228726,2.319413127733675,2.998167220228726,3.0181328608114466,11478321421.77,11611978421.77,-46.3396101,46.52443060754066,144.22175983527666,178.0495667825399,24.785141902235527,24.785141902235527,47.06617496137259,-303.9625784453694,145.90112104550937,180.12282907177317,-0.005394952600173,0.0056164135530941,0.9911425505222268,0.2936146422560834,-3.4986911680016752,1.6126111964680807,-7.408154745338157,-1.2852321356479612,0.0,0.0,0.1231537476288526,0.2159405956646508,0.0670653504005281,0.1899909534100618,0.0612890935326448,1.0058537883323355,0.2689164869728757,,-0.0561504181759181,-0.042458965475393,-1.6061626293225977,362441000.0,358269000.0,-146124000.0,592187000.0,142963000.0,19579000.0,43345000.0,52.24038975988586,23.6704843383469,50.06635974760716,1.7228049104087817,3.802203567681007,1.7976142154873045,-0.1337146657511233,0.0978924939206598,2015-07-29,0.01074,amc,123350000.0,2025-04-25,2015-06-30,2.7243947858473,77.12571428571428,1615529.888888889
2015-03-31,NOW,USD,1373715,2015-05-07,2015-05-06 18:07:12,2015,Q1,211964000.0,76899000.0,135065000.0,0.6372072616,49848000,29392000.0,110057000.0,139449000.0,-70000.0,189297000.0,266196000.0,948000.0,2874000.0,13824000.0,-40408000.0,-0.1906361458,-54232000.0,-0.2558547678,-2874000.0,-57106000.0,-0.269413674,987000.0,-58093000.0,-0.2740701251,-0.38,-0.38,151601880,151601880,https://www.sec.gov/Archives/edgar/data/1373715/000137371515000122/0001373715-15-000122-index.htm,https://www.sec.gov/Archives/edgar/data/1373715/000137371515000122/now-2015331x10q.htm,1.398162080839631,-0.3831944564275852,0.4443612440690049,0.2682486523254197,4.914253042244595,3.0006883819646566,2.309212788126374,3.0006883819646566,2.995985274061245,11943196106.4,12086538106.4,-51.3968813213296,56.345398777150834,177.28818849864916,293.6827429217793,26.25397574553208,26.25397574553208,57.02165512256798,-299.11250510789944,179.4159977792952,297.2075173088745,-0.0048641083578012,0.0034050349368547,0.9921149238310876,0.302162767249448,-3.547366858047911,1.8189807848023576,-18.869867780097422,-1.1596233625393766,0.0,0.0,0.1386650563303202,0.2351720103413787,0.0701834843958592,0.3963275242704034,0.1259600686909097,1.931351273148148,0.2739804872525523,,-0.0579074213047574,-0.0418292455499768,-1.0917410786726391,443008000.0,350081000.0,-54798000.0,663275000.0,150945500.0,18010500.0,42788000.0,60.59896963635335,21.291304178207778,49.557991651386885,1.4851737668161435,4.22707783641161,1.816054222558096,-0.1277021828493548,0.1761125917435852,2015-04-16,,amc,,2025-04-25,2015-03-31,,73.66852459016393,1190198.0163934426
2014-12-31,NOW,USD,1373715,2015-02-27,2015-02-27 08:27:10,2014,Q4,198004000.0,70638000.0,127366000.0,0.6432496313,42026000,26260000.0,95764000.0,122024000.0,0.0,164050000.0,234688000.0,1406000.0,6562000.0,13325000.0,-23359000.0,-0.1179723642,-36684000.0,-0.1852689845,-6562000.0,-43246000.0,-0.2184097291,1417000.0,-44663000.0,-0.2255661502,-0.3,-0.3,148666257,148666257,https://www.sec.gov/Archives/edgar/data/1373715/000137371515000067/0001373715-15-000067-index.htm,https://www.sec.gov/Archives/edgar/data/1373715/000137371515000067/now-20141231x10k.htm,1.33186914095779,-0.3004245946677732,0.3203416899101724,0.2606105836107786,4.498606566788051,2.883472071271694,2.146640444441942,2.883472071271694,3.0291070017320743,10087005537.45,10278314537.45,-56.46175546565389,50.94344325089392,211.80508855724003,260.3501325998864,23.53065967796116,23.53065967796116,51.909630802660544,-440.0151777665995,215.82215978183265,265.2879036095911,-0.0044277758978301,0.0038409813354573,1.0351991602029509,0.3113960699722612,-8.189948199837321,1.7889376071258805,-5.590368790003048,-1.0662964870250542,0.0,0.0,0.1326235833619523,0.2122482374093452,0.0768673175311684,0.1864606080967579,0.0448475788367911,0.6664165103189493,0.2322983374073251,,-0.0412664547074052,-0.0339503944016778,-1.2552865308231982,399989000.0,319133000.0,-89418000.0,613768000.0,135167500.0,14622500.0,39804000.0,72.34899294963738,22.715960248025144,55.08196721311476,1.2439703212268567,3.961972067979135,1.6339285714285714,-0.1041884877821193,0.0597311062993938,2015-01-28,0.01872,amc,132000000.0,2025-04-25,2014-12-31,0.6025641025641024,63.636875,1182847.484375
2014-09-30,NOW,USD,1373715,2014-11-05,2014-11-05 13:11:01,2014,Q3,178712000.0,66086000.0,112626000.0,0.6302094991,39683000,23440000.0,84002000.0,107442000.0,0.0,147125000.0,213211000.0,730000.0,5949000.0,12104000.0,-22395000.0,-0.1253133533,-34499000.0,-0.193042437,-5949000.0,-40448000.0,-0.2263306325,602000.0,-41050000.0,-0.2296991808,-0.28,-0.28,146335519,146335519,https://www.sec.gov/Archives/edgar/data/1373715/000137371514000207/0001373715-14-000207-index.htm,https://www.sec.gov/Archives/edgar/data/1373715/000137371514000207/now-2014930x10q.htm,1.221248273975097,-0.2805197280914417,0.1708402728936916,0.0471929169841533,4.415004671558926,2.852451700396812,2.0553246542966783,2.852451700396812,3.022376269427794,8601601806.82,8802847806.82,-52.384907471498174,48.13108133096826,344.0640722728,1245.525891517521,20.606834461674836,20.606834461674836,49.25717247202202,-393.072016379549,352.1139122728,1274.6666386938894,-0.004772366929082,0.0008028737152799,1.045319406346202,0.3344534620254911,-8.986202277294039,1.9590843284988209,-5.799125903513196,-0.6090133982947625,0.0,0.0,0.1311607502573973,0.222050002238238,0.0894120244179878,0.72376,0.1012466985988629,1.4948777263714474,0.2321612426697703,,-0.0395471309807958,-0.0345549191726348,-0.9537260738454072,402122000.0,300767000.0,-65798000.0,615747000.0,110205000.0,16939500.0,35240500.0,55.982586507900976,15.547014496262449,49.53908543413129,1.6076427620452665,5.788892782060266,1.8167473059159889,-0.0983433752979648,0.1236473559095382,2014-10-22,0.00952,amc,59566666.0,2025-04-25,2014-09-30,2.15126050420168,58.9859375,1382638.359375
2014-06-30,NOW,USD,1373715,2014-08-07,2014-08-07 13:15:17,2014,Q2,166757000.0,58938000.0,107819000.0,0.6465635625,35439000,24914000.0,91937000.0,116851000.0,0.0,152290000.0,211228000.0,739000.0,5231000.0,8692000.0,-35779000.0,-0.2145577097,-44471000.0,-0.2666814586,-5231000.0,-49702000.0,-0.2980504567,661000.0,-50363000.0,-0.3020143082,-0.35,-0.35,143894696,144456675,https://www.sec.gov/Archives/edgar/data/1373715/000137371514000151/0001373715-14-000151-index.htm,https://www.sec.gov/Archives/edgar/data/1373715/000137371514000151/now-2014630x10q.htm,1.1588821870126471,-0.3499990020479976,0.2922901341686701,0.1780607674378769,4.708165198806216,2.766724633130328,2.6700428207583133,2.766724633130328,3.017873570544949,8915715364.16,9015465364.16,-44.25726904751504,53.465313984780245,211.98115419196844,347.9710937538053,22.394711514856183,22.394711514856183,54.06348977350276,-251.9764488711255,214.35282256259063,351.86423246272733,-0.0056487895746933,0.002873801927661,1.077635468970177,0.3398909718651638,-2.787948237793119,2.0956836299488644,-8.501433760275281,-0.8351170502154359,0.0,0.0,0.1494030235612298,0.2125188148023771,0.0110216495555927,0.3908081504553127,0.0985685758318991,1.8910492406810864,0.2255017780363043,,-0.0524472082645289,-0.0403442676661878,-0.6091885415985034,441612000.0,384205000.0,-19467000.0,552007000.0,108589000.0,22563500.0,33496000.0,58.960883201304895,34.301639010485594,52.07930367504836,1.5264357505080275,2.623781329297066,1.728133704735376,-0.1265030129333839,0.1142293667307931,2014-07-30,-0.07,amc,166800000.0,2025-04-25,2014-06-30,-0.0,53.39698412698413,2772940.412698413
2014-03-31,NOW,USD,1373715,2014-05-07,2014-05-07 14:56:35,2014,Q1,139090000.0,53114000.0,85976000.0,0.6181321447,31110000,21631000.0,69416000.0,91047000.0,0.0,122157000.0,175271000.0,663000.0,5963000.0,7938000.0,-28243000.0,-0.2030555755,-36181000.0,-0.2601265368,-5963000.0,-42144000.0,-0.3029980588,1167000.0,-43311000.0,-0.3113883097,-0.3,-0.3,142060025,142060025,https://www.sec.gov/Archives/edgar/data/1373715/000137371514000084/0001373715-14-000084-index.htm,https://www.sec.gov/Archives/edgar/data/1373715/000137371514000084/now-2014331x10q.htm,0.979093168539144,-0.3048781668171605,0.1704701938493957,0.0932633934141571,4.616090979851651,2.8420521536582863,2.7402641946599684,2.8420521536582863,3.011424220149194,8512236698.0,8596156698.0,-49.13438097711898,61.199487367891294,351.4983977371268,642.4814475054721,21.083356940818643,21.083356940818643,61.80283771658638,-304.3641503381369,354.9637320064418,648.8155104536191,-0.0050880868961475,0.0015564651771388,1.04482565598823,0.344567049019776,-2.971355734164218,2.267062647398401,-6.067583431158813,-0.5591420193484334,0.0,0.0,0.1555180099216334,0.2236681285498598,0.0118112069240137,0.4529049841020771,0.0788554173556689,1.381708238851096,0.2101445107484362,,-0.0432985891339569,-0.0358001026615121,-0.4741974387235255,463119000.0,389282000.0,8106000.0,563779000.0,108135500.0,15034500.0,32005000.0,69.83880940398303,38.40343412283014,55.72598561584517,1.2886817625912612,2.3435404165195903,1.6150454586918843,-0.1072739521773806,0.0772068004352385,2014-04-23,-0.08,amc,139100000.0,2025-04-25,2014-03-31,-0.0,63.631475409836064,1702465.491803279
2013-12-31,NOW,USD,1373715,2014-02-28,2014-02-28 08:26:33,2013,Q4,125230000.0,45378000.0,79852000.0,0.6376427374,23869000,18007000.0,57337000.0,75344000.0,0.0,99213000.0,144591000.0,0.0,4326000.0,7874000.0,-12248000.0,-0.0978040406,-19361000.0,-0.1546035295,-4326000.0,-23687000.0,-0.1891479677,545000.0,-24232000.0,-0.1934999601,-0.17,-0.17,139508838,139508838,https://www.sec.gov/Archives/edgar/data/1373715/000137371514000044/0001373715-14-000044-index.htm,https://www.sec.gov/Archives/edgar/data/1373715/000137371514000044/now-20131231x10k.htm,0.8976492227682378,-0.1736950887656307,0.2599620247715059,0.1433959330949341,4.548486024949903,2.826050346717102,2.7219709191470725,2.826050346717102,3.0041322543307256,7813890016.38,7862364016.38,-80.6154054182486,62.39631091894913,215.4545459061957,390.5968516060985,19.81917981930659,19.81917981930659,62.783390692166414,-641.9304389598302,216.7911328860948,393.01994583254185,-0.0031011442379152,0.0025601844866083,1.0520419318265404,0.3549726310168116,-3.957707380796865,2.4315092292311817,-4.475496994914471,-1.4966573126444371,0.0,0.0,0.1437914237802443,0.1906012936197396,0.0124264426483727,0.4483966140017095,0.1298570630040725,2.065278130556261,0.1665415635231174,,-0.023568239499216,-0.0209990675554353,-0.3071292873932474,469661000.0,379739000.0,23532000.0,559741000.0,96433000.0,7667500.0,27979000.0,77.86081609837898,14.686632288774296,61.727489091630304,1.1559087678490665,6.128021607022283,1.4580213989653954,-0.061462135296848,0.1165660916765717,2014-01-29,-0.01438,amc,62600000.0,2025-04-25,2013-12-31,0.3908205841446453,52.84125,1510625.703125
2013-09-30,NOW,USD,1373715,2013-11-04,2013-11-04 15:29:03,2013,Q3,111259000.0,41575000.0,69684000.0,0.6263223649,20819000,16179000.0,47336000.0,63515000.0,0.0,84334000.0,125909000.0,600000.0,600000.0,6613000.0,-8037000.0,-0.0722368527,-14650000.0,-0.1316747409,600000.0,-14050000.0,-0.1262819188,663000.0,-14713000.0,-0.1322409872,-0.11,-0.11,133755761,137456531,https://www.sec.gov/Archives/edgar/data/1373715/000137371513000101/0001373715-13-000101-index.htm,https://www.sec.gov/Archives/edgar/data/1373715/000137371513000101/now-2013930x10q.htm,0.8318071623098163,-0.1099990003421235,0.1549092154617549,0.0291277173474419,1.645820698519296,2.1501578537615287,2.04014390079243,2.1501578537615287,0.0142049956263192,6948611783.950001,6828817783.950001,-118.06925480782304,62.45437927673267,335.35771158059845,1783.5245852027722,24.16101678726408,24.16101678726408,61.3776663815961,-849.672487737962,329.5761478740348,1752.7766385908626,-0.0021174013540351,0.0005606875331557,0.0045202297667561,0.0022462746399048,14.905312927709344,1.277020500561276,-24.416666666666668,-1.4082783932576632,0.0,0.0,0.145417449374882,0.1871219406969324,0.0254261010201542,0.8119691119691119,0.1512147331901239,2.544079842734009,0.1604454471098967,,-0.0493929856607107,-0.02608590814881,0.0359666751101659,74280000.0,272881000.0,51279000.0,157637000.0,88646000.0,8973000.0,23003000.0,68.37586172803998,17.1665664461816,53.761876127480456,1.3162539780188578,5.242749054224464,1.6740487215623112,-0.0511585696602178,0.125781498114313,2013-10-23,0.00413,amc,222600000.0,2025-04-25,2013-09-30,1.4213075060532687,45.96875,1532465.453125
2013-06-30,NOW,USD,1373715,2013-08-07,2013-08-07 14:33:28,2013,Q2,102222000.0,35998000.0,66224000.0,0.6478448866,17951000,15325000.0,52291000.0,67616000.0,0.0,85567000.0,121565000.0,0.0,1323000.0,5339000.0,-14004000.0,-0.13699595,-19343000.0,-0.1892254114,-1323000.0,-20666000.0,-0.2021678308,739000.0,-21405000.0,-0.2093971943,-0.16,-0.16,133781250,134454085,https://www.sec.gov/Archives/edgar/data/1373715/000137371513000061/0001373715-13-000061-index.htm,https://www.sec.gov/Archives/edgar/data/1373715/000137371513000061/now-2013630x10q.htm,0.7640981079187106,-0.16,0.0727755197383788,-0.0155776687689792,1.896977341742584,2.002485400607335,2.002485400607335,2.002485400607335,0.019606633964027,5456937187.5,5338004187.5,-63.734375,53.383197232493984,560.4906725041085,-2618.491932581574,20.369686584296083,20.369686584296083,52.21971970319501,-381.1771056483862,548.2748754622021,-2561.4223548464493,-0.0039225300318705,-0.0003818992098303,0.0048526474924877,0.0023970512581753,8.492787774921451,1.5122445539627245,-14.62055933484505,-0.454846998364868,0.0,0.0,0.1499188041713134,0.1756079904521531,0.0,1.21405094494659,0.1156306861536655,2.2138977336579884,0.1450568370800806,,-0.068340231321813,-0.0394683709086483,0.4447652417659425,127637000.0,267895000.0,102371000.0,184890000.0,86304500.0,9893000.0,19760500.0,81.67371016023948,25.04139118839936,52.93044058003223,1.1019457769632943,3.5940495207667733,1.7003448112984745,-0.0799007073666921,0.0883531885073581,2013-07-31,-0.05,amc,85166666.0,2025-04-25,2013-06-30,0.1999999999999999,38.163125,1545388.640625
2013-03-31,NOW,USD,1373715,2013-05-08,2013-05-08 14:12:34,2013,Q1,85939000.0,32308000.0,53631000.0,0.6240589255,16039000,12279000.0,38226000.0,50505000.0,0.0,66544000.0,98852000.0,119000.0,0.0,4364000.0,-8549000.0,-0.0994775364,-12913000.0,-0.150257741,119000.0,-12794000.0,-0.1488730379,564000.0,-13358000.0,-0.1554358324,-0.1,-0.1,129782029,129782029,https://www.sec.gov/Archives/edgar/data/1373715/000137371513000013/0001373715-13-000013-index.htm,https://www.sec.gov/Archives/edgar/data/1373715/000137371513000013/now-2013331x10q.htm,0.6621795071488673,-0.1029264228871009,0.1157556259195177,0.0355056862302561,2.611039468338101,2.033617458700696,2.033617458700696,2.033617458700696,0.0107873178650951,4572220881.669999,4428838881.669999,-85.57083548566402,53.20309616902686,304.3480584217533,992.2354343901908,17.32380878678574,17.32380878678574,51.53468019956014,-518.0534427032401,294.8038928090261,961.1195489735242,-0.002921556142126,0.0010078253258659,0.0053044970768432,0.0027134254476667,16.7717861738215,1.9520324032246097,0.0,-1.1246444078454858,0.0,0.0,0.1428804151782078,0.1866323787802976,0.0,0.6932703188444386,0.1211906119456824,2.386571952337305,0.1401691897741421,,-0.0470026701175358,-0.0258899550928088,1.2012294860947197,218123000.0,263927000.0,195210000.0,272407000.0,79003500.0,9687000.0,16994500.0,83.6169841399132,27.21616936981553,51.11737031075895,1.0763363558939931,3.306857727737974,1.7606539509536785,-0.0506124799660512,0.0802499396892616,2013-04-24,-0.00585,amc,257699999.0,2025-04-25,2013-03-31,0.7094017094017094,31.75766666666667,1636262.8666666667
2012-12-31,NOW,USD,1373715,2013-03-08,2013-03-08 15:20:11,2012,Q4,75162000.0,32308000.0,42854000.0,0.5701551316,13235000,9676000.0,29481000.0,39157000.0,0.0,52392000.0,84700000.0,456000.0,0.0,4664000.0,-4874000.0,-0.064846598,-9538000.0,-0.126899231,456000.0,-9082000.0,-0.1208323355,849000.0,-9931000.0,-0.132127937,-0.0801,-0.0801,124000655,124000655,https://www.sec.gov/Archives/edgar/data/1373715/000137371513000004/0001373715-13-000004-index.htm,https://www.sec.gov/Archives/edgar/data/1373715/000137371513000004/now-20121231x10k.htm,0.6061419594920688,-0.0800882866304214,0.1344428382253303,0.0545239055390473,2.537817239755709,1.9629331796674785,1.9581267534433588,1.9629331796674785,0.0,3723739669.65,3604750669.65,-93.74029980993858,49.54284970663368,223.3663049397157,550.7675890622689,15.298534005669564,15.298534005669564,47.959749203719966,-739.5877451066885,216.22882068562177,533.1682694349948,-0.0026669426117356,0.0018156478700981,0.0,0.0,24.41300779647107,1.994495031352332,0.0,-1.6786829120934448,8.271254902976324e-05,-0.031013996576377,0.1287352651605864,0.1760863202150022,0.0012465646268463,0.5944454441845121,0.1318485404858838,2.124785591766724,0.1243846624624145,,-0.039137472428534,-0.0207971217838908,1.1808304560971876,210462000.0,242809000.0,187380000.0,253400000.0,67043500.0,7642000.0,7819500.0,93.59343817354514,26.753745202426646,43.56537080599233,0.9616058749024474,3.364014993752603,2.065860988554256,-0.0408003122368069,0.0799189326862829,2013-01-30,-0.05,amc,74410380.0,2025-04-25,2012-12-31,0.6017999999999998,32.17290322580645,848357.4677419355
2012-09-30,NOW,USD,1373715,2012-10-31,2012-10-31 16:39:15,2012,Q3,64345000.0,27574000.0,36771000.0,0.5714663144,10783000,11195000.0,28140000.0,39335000.0,0.0,50118000.0,77692000.0,0.0,615000.0,3969000.0,-9378000.0,-0.1457455902,-13347000.0,-0.2074287046,615000.0,-12732000.0,-0.1978708524,321000.0,-13053000.0,-0.202859585,-0.11,-0.11,117698005,117698005,https://www.sec.gov/Archives/edgar/data/1373715/000119312512443921/0001193125-12-443921-index.htm,https://www.sec.gov/Archives/edgar/data/1373715/000119312512443921/d403782d10q.htm,0.5466957575024317,-0.1109024745151797,0.0771211032846308,-0.0242400030484798,2.178974911256992,1.625074273773799,1.625074273773799,1.625074273773799,0.005225237250198,4293623222.4,4176647222.4,-82.23441397379912,66.72815638200326,473.0222785501817,-1504.9503057833858,22.448204730535164,22.448204730535164,64.9102062693294,-445.3665197696737,460.1352013220227,-1463.949254258675,-0.0030400897619292,-0.0006644737677763,0.0,0.0,12.473448496481126,1.9910071510846608,-21.702439024390245,-0.6953956944763656,0.0,0.0,0.1739839925402129,0.1675810086253788,0.0,1.3143108956703755,0.1854067915144922,3.005794910556815,0.1276400652731369,,-0.0634918308590343,-0.0341519188705508,0.9130825964297355,165189000.0,191268000.0,140941000.0,204275000.0,51629000.0,7115000.0,0.0,78.22146242909317,18.539203597591936,0.0,1.1505793576997354,4.854577464788733,0.0,-0.0682445573749921,0.1013611063331107,2012-10-24,-0.1,amc,107166666.0,2025-04-25,2012-09-30,-0.4000000000000001,30.35120634920635,370889.3492063492
2012-06-30,NOW,USD,1373715,2012-08-10,2012-08-10 13:56:10,2012,Q2,56774000.0,22891000.0,33883000.0,0.5968048755,9272000,6819000.0,26909000.0,33728000.0,0.0,43000000.0,65891000.0,0.0,41000.0,2826000.0,-6291000.0,-0.1108077641,-9117000.0,-0.1605840702,41000.0,-9076000.0,-0.1598619086,-352000.0,-8724000.0,-0.1536618875,-0.31,-0.31,27788547,27788547,https://www.sec.gov/Archives/edgar/data/1373715/000119312512349586/0001193125-12-349586-index.htm,https://www.sec.gov/Archives/edgar/data/1373715/000119312512349586/d363714d10q.htm,2.043071917362214,-0.3139422870868347,0.2497071905198929,-0.1701780233417746,3.1767404031596183,-1.5520062995737056,-1.5520062995737056,-1.5520062995737056,0.0014754279883723,683598256.2,618116256.2,-19.58958780949106,12.04069215133688,98.5153849546044,-144.55450543455277,-15.850451126878133,-15.850451126878133,10.887312082995738,-98.25405439516771,89.07857849834271,-130.70760334108692,-0.0127618815888957,-0.0069178058269014,0.0,0.0,10.408838022571928,1.0018247093310495,-222.3658536585366,-0.7953920220082531,0.0,0.0,0.1201077958220312,0.1633141931165674,0.0,1.6815103040783974,0.2055166097157149,4.128803963198868,0.1137316377214922,,-0.1800688325187579,-0.0435172991739494,-4.31193829601814,277000.0,-43128000.0,-91518000.0,35729000.0,45114000.0,7819500.0,0.0,75.03540352978476,33.61583154951728,0.0,1.199433810791397,2.677309941520468,0.0,0.2022815804117974,0.4198852138616675,2012-08-10,,amc,,2025-04-25,2012-06-30,,24.6,10926674.0
2012-03-31,NOW,USD,1373715,2012-03-31,2012-03-30 20:00:00,2012,Q1,47431000.0,21236000.0,26195000.0,0.5522759377,6043000,6427000.0,19307000.0,25734000.0,0.0,31777000.0,53013000.0,0.0,0.0,2047000.0,-3535000.0,-0.0745293163,-5582000.0,-0.117686745,492000.0,-5090000.0,-0.1073137821,550000.0,-5640000.0,-0.1189095739,-0.22,-0.22,25123582,25123582,,,1.8879075443939484,-0.224490281680375,0.6399963189962323,0.299360178815266,3.80057270495903,-1.600010699111297,-1.600010699111297,-1.600010699111297,0.0,618040117.2,537900117.2,-27.395395265957447,13.030299112394848,38.437721077181415,82.17525823693659,-15.374897188914874,-15.374897188914874,11.340686833505517,-152.16410670438475,33.453580272405006,71.51976029783275,-0.0091256212065193,0.0121691129599701,0.0,0.0,22.67043847241867,1.15130057369417,0.0,-2.850886524822695,0.0,0.0,0.1355020977841496,0.1274061267947123,0.0,0.5322470302879533,0.1804305201239695,4.180752320468979,0.0826042040016023,,-0.1193447895811563,-0.0304868160736872,-3.882467874206791,20149000.0,-40198000.0,-71875000.0,44240000.0,46510500.0,8250000.0,3838000.0,81.39107334865383,30.04379355810887,0.0,1.105772369095911,2.995627027789533,0.0,0.1403054878352156,0.3406361401809662,2012-08-01,,amc,,2025-04-25,2012-03-31,,,
2011-12-31,NOW,USD,1373715,2011-12-31,2011-12-30 19:00:00,2011,Q4,73375000.0,27923000.0,45452000.0,0.6194480409,7030000,10084000.0,32501000.0,42585000.0,0.0,49615000.0,77538000.0,0.0,0.0,0.0,-4163000.0,-0.0567359455,-4163000.0,-0.0567359455,-1446000.0,-5609000.0,-0.0764429302,1075000.0,-6684000.0,-0.0910936968,-0.0627,-0.0627,106558215,106558215,,,0.6885907388745204,-0.0627262759609852,,,0.6389746675092108,-0.5389166851190216,-0.5389166851190216,-0.5389166851190216,0.0,2621332089.0,2553244089.0,-98.0450362432675,35.72513920272572,0.0,0.0,-45.64713002821022,-45.64713002821022,34.797193717206135,-613.3183014652894,0.0,0.0,-0.0025498486163002,,0.0,0.0,16.35551285130915,1.0311786411295738,0.0,0.0,,,0.1374310051107325,0.0958091993185689,0.0,0.0,,0.0,,,-0.166684531897428,-0.0427576236382362,-0.9781296542927262,3946000.0,-57426000.0,-83242000.0,24641000.0,,,,61.484565587734245,30.33305876875694,24.74089460301543,1.463781993735911,2.9670598236106684,3.6377019280875458,0.1163932713405077,,2011-12-30,,amc,,2025-04-25,2011-12-31,,,
2011-06-30,NOW,USD,1373715,2011-06-30,2011-06-29 20:00:00,2011,Q2,29500000.0,9500000.0,20000000.0,0.6779661017,2400000,15400000.0,-100000.0,15300000.0,0.0,17700000.0,27200000.0,0.0,100000.0,1000000.0,3400000.0,0.1152542373,2400000.0,0.0813559322,-100000.0,2300000.0,0.0779661017,300000.0,2000000.0,0.0677966102,0.0166,0.0166,120300000,120300000,,,0.2452202826267664,0.0166251039068994,0.2227763923524522,0.1679135494596841,0.4979218620116376,0.0781379883624272,0.0781379883624272,0.0789692435577722,0.0008312551953449,2959380000.0,2899480000.0,369.9225,100.31796610169492,110.42462686567166,146.50396039603962,311.5136842105263,311.5136842105263,98.28745762711864,852.7882352941176,108.18955223880596,143.53861386138612,0.0006758172319877,0.0068257540430765,0.0,0.0,-17.61764705882353,1.1011363636363636,24.0,13.4,0.0,0.0,0.5220338983050847,0.0813559322033898,0.0,0.2462686567164179,0.223728813559322,6.6,0.0,0.1718709320709504,0.1008191556395715,0.0183992640294388,-0.1419659185369908,8900000.0,9400000.0,-2400000.0,18400000.0,,,,90.7993220338983,19.875789473684208,0.0,0.99119682817015,4.528122020972354,0.0,0.2105263157894736,0.054862842892768,2011-06-29,,amc,,2025-04-25,2011-06-30,,,
2011-03-31,NOW,USD,1373715,2011-03-31,2011-03-30 20:00:00,2011,Q1,25200000.0,9200000.0,16000000.0,0.6349206349,1900000,11000000.0,1.862645149230957e-09,11000000.0,0.0,12900000.0,22100000.0,0.0,300000.0,600000.0,3700000.0,0.1468253968,3100000.0,0.123015873,300000.0,3400000.0,0.1349206349,400000.0,3000000.0,0.119047619,0.0249,0.0249,120300000,120300000,,,0.2094763092269326,0.0249376558603491,,,,,,,,2959380000.0,,246.615,117.43571428571428,0.0,0.0,0.0,0.0,,,0.0,0.0,0.0010137258479816,,0.0,0.0,,0.0,10.333333333333334,0.0,,,0.4365079365079365,0.0753968253968253,0.0,0.0,,0.0,,,0.0,0.0,,,,,,,,,,,,0.0,0.0,0.0,0.0,,2011-03-30,,amc,,2025-04-25,2011-03-31,,,
2010-12-31,NOW,USD,1373715,2010-12-31,2010-12-30 19:00:00,2010,Q4,21400000.0,7500000.0,13900000.0,0.6495327103,1500000,9300000.0,0.0,9300000.0,0.0,10800000.0,18300000.0,0.0,0.0,500000.0,3600000.0,0.1682242991,3100000.0,0.1448598131,-100000.0,3000000.0,0.1401869159,400000.0,2600000.0,0.1214953271,0.0216,0.0216,120300000,120300000,,,0.1778886118038238,0.0216126350789692,0.0889443059019119,0.0714879467996675,,,,,,2959380000.0,,284.5557692307693,138.28878504672898,276.57757009345795,344.1139534883721,0.0,0.0,,,,,0.0008785624015841,0.0029060140975474,0.0,0.0,,0.0,0.0,3.962962962962963,0.0,0.0,0.4345794392523364,0.0700934579439252,0.0,0.1962616822429906,0.0981308411214953,4.2,0.0,,0.0,0.0,,,,,,,,,,,,0.0,0.0,0.0,0.0,0.0174563591022443,2010-12-30,,amc,,2025-04-25,2010-12-31,,,
2010-09-30,NOW,USD,1373715,2010-09-30,2010-09-29 20:00:00,2010,Q3,16600000.0,5400000.0,11200000.0,0.6746987952,1200000,7900000.0,0.0,7900000.0,0.0,9100000.0,14500000.0,0.0,300000.0,600000.0,2700000.0,0.1626506024,2100000.0,0.1265060241,300000.0,2400000.0,0.1445783133,300000.0,2100000.0,0.1265060241,0.0175,0.0175,120300000,120300000,,,0.1379883624272651,0.0174563591022443,,,,,,,,2959380000.0,,352.3071428571429,178.27590361445783,0.0,0.0,0.0,0.0,,,0.0,0.0,0.0007096080935871,,0.0,0.0,,0.0,7.0,0.0,,,0.4759036144578313,0.072289156626506,0.0,0.0,,0.0,,,0.0,0.0,,,,,,,,,,,,0.0,0.0,0.0,0.0,,2010-09-29,,amc,,2025-04-25,2010-09-30,,,
