date,symbol,reportedCurrency,cik,fillingDate,acceptedDate,calendarYear,period,revenue,costOfRevenue,grossProfit,grossProfitRatio,researchAndDevelopmentExpenses,generalAndAdministrativeExpenses,sellingAndMarketingExpenses,sellingGeneralAndAdministrativeExpenses,otherExpenses,operatingExpenses,costAndExpenses,interestIncome,interestExpense,depreciationAndAmortization,ebitda,ebitdaratio,operatingIncome,operatingIncomeRatio,totalOtherIncomeExpensesNet,incomeBeforeTax,incomeBeforeTaxRatio,incomeTaxExpense,netIncome,netIncomeRatio,eps,epsdiluted,weightedAverageShsOut,weightedAverageShsOutDil,link,finalLink,revenuePerShare,netIncomePerShare,operatingCashFlowPerShare,freeCashFlowPerShare,cashPerShare,bookValuePerShare,tangibleBookValuePerShare,shareholdersEquityPerShare,interestDebtPerShare,marketCap,enterpriseValue,peRatio,priceToSalesRatio,pocfratio,pfcfRatio,pbRatio,ptbRatio,evToSales,enterpriseValueOverEBITDA,evToOperatingCashFlow,evToFreeCashFlow,earningsYield,freeCashFlowYield,debtToEquity,debtToAssets,netDebtToEBITDA,currentRatio,interestCoverage,incomeQuality,dividendYield,payoutRatio,salesGeneralAndAdministrativeToRevenue,researchAndDdevelopementToRevenue,intangiblesToTotalAssets,capexToOperatingCashFlow,capexToRevenue,capexToDepreciation,stockBasedCompensationToRevenue,grahamNumber,roic,returnOnTangibleAssets,grahamNetNet,workingCapital,tangibleAssetValue,netCurrentAssetValue,investedCapital,averageReceivables,averagePayables,averageInventory,daysSalesOutstanding,daysPayablesOutstanding,daysOfInventoryOnHand,receivablesTurnover,payablesTurnover,inventoryTurnover,roe,capexPerShare,report_date,epsEstimated,time,revenueEstimated,updatedFromDate,fiscalDateEnding,surprise(%),QuarterAvgPrice,QuarterAvgVolume
2025-03-31,NSC,USD,702165,2025-04-23,2025-04-23 14:09:17,2025,Q1,2993000000.0,1742000000.0,1251000000.0,0.4179752756,0,0.0,0.0,0.0,105000000.0,105000000.0,1847000000.0,0.0,199000000.0,346000000.0,1523000000.0,0.5088539926,1146000000.0,0.382893418,-168000000.0,978000000.0,0.3267624457,228000000.0,750000000.0,0.2505846976,3.31,3.31,226100000,226500000,https://www.sec.gov/Archives/edgar/data/702165/000070216525000013/0000702165-25-000013-index.htm,https://www.sec.gov/Archives/edgar/data/702165/000070216525000013/nsc-20250331.htm,13.2375055285272,3.3171163202122957,4.201680672268908,2.215833701901813,4.449358690844759,64.17956656346749,64.17956656346749,64.17956656346749,77.01901813356922,53551785000.0,69760785000.0,17.850595000000002,17.892343802205147,56.37029999999999,106.88979041916168,3.690426917510854,3.690426917510854,23.30798028733712,45.80484898227184,73.43240526315789,139.24308383233532,0.0140051354030495,0.0093554304492371,1.186341396182207,0.3930365296803653,10.642810242941565,0.7828985507246377,5.758793969849246,1.2666666666666666,0.0057140952444442,0.408,0.0,0.0,0.0,0.4726315789473684,0.1500167056465085,1.2976878612716762,0.0,69.21018330142003,0.0214847660635184,0.0171232876712328,-121.00729765590448,-749000000.0,14511000000.0,-26588000000.0,35054000000.0,1150000000.0,1215000000.0,138500000.0,37.01637153357835,74.65556831228473,0.0,2.4313566206336312,1.2055363321799308,0.0,0.0516849286747984,1.9858469703670945,2025-04-23,2.66,bmo,2970757705.0,2025-05-11,2025-03-31,0.0112781954887217,243.71166666666667,1222637.3
2024-12-31,NSC,USD,702165,2025-02-10,2025-02-10 09:24:07,2024,Q4,3024000000.0,1859000000.0,1165000000.0,0.3852513228,0,0.0,0.0,0.0,34000000.0,34000000.0,1893000000.0,0.0,199000000.0,342000000.0,1469000000.0,0.4857804233,1131000000.0,0.3740079365,-203000000.0,928000000.0,0.3068783069,195000000.0,733000000.0,0.2423941799,3.24,3.23,226200000,226500000,https://www.sec.gov/Archives/edgar/data/702165/000070216525000008/0000702165-25-000008-index.htm,https://www.sec.gov/Archives/edgar/data/702165/000070216525000008/nsc-20241231.htm,13.36870026525199,3.240495137046861,4.204244031830239,1.220159151193634,7.254641909814324,63.24491600353669,63.24491600353669,63.24491600353669,78.14765694076038,53089140000.0,68926140000.0,18.10680081855389,17.55593253968254,55.82454258675078,192.3519565217391,3.710970222284356,3.710970222284356,22.793035714285715,46.920449285228045,72.47753943217666,249.73239130434783,0.013806966923932,0.0051988033710849,1.2217251502865931,0.4001190421683989,10.780803267528931,0.8992947813822285,5.683417085427136,1.293877551020408,0.0057638906940289,0.417462482946794,0.0,0.0,0.0,0.7097791798107256,0.2232142857142857,1.973684210526316,0.0,67.90625127283167,0.0219101795305717,0.016780367199304,-118.45601237842617,-357000000.0,14306000000.0,-26188000000.0,35474000000.0,1185500000.0,1299500000.0,282500000.0,31.81547619047619,47.68692845615922,13.410435718128026,2.8288119738072965,1.8873096446700508,6.7111913357400725,0.051237243114777,2.9840848806366047,2025-01-29,2.94,bmo,3014891942.0,2025-04-29,2024-12-31,0.0340136054421769,254.25484375,1184608.203125
2024-09-30,NSC,USD,702165,2024-10-22,2024-10-22 16:07:22,2024,Q3,3051000000.0,1838000000.0,1213000000.0,0.3975745657,0,0.0,0.0,33000000.0,-383000000.0,-350000000.0,1455000000.0,0.0,203000000.0,339000000.0,1969000000.0,0.6453621763,1596000000.0,0.523107178,-169000000.0,1427000000.0,0.4677155031,328000000.0,1099000000.0,0.3602097673,4.86,4.85,226200000,226500000,https://www.sec.gov/Archives/edgar/data/702165/000070216524000035/0000702165-24-000035-index.htm,https://www.sec.gov/Archives/edgar/data/702165/000070216524000035/nsc-20240930.htm,13.488063660477454,4.858532272325376,5.419982316534041,2.8514588859416445,4.310344827586207,60.94164456233422,60.94164456233422,60.94164456233422,76.93191865605658,56210700000.0,72434700000.0,12.786783439490446,18.42369714847591,45.84885807504078,87.14837209302326,4.077671381936888,4.077671381936888,23.741297935103244,36.78755713560183,59.08213703099511,112.30186046511628,0.019551437715595,0.0114746836456404,1.2476605005440695,0.3976187723962547,8.2397155916709,0.731574653249932,7.862068965517241,1.1155595996360328,0.0054260131967757,0.2775250227479527,0.0,0.0,0.0,0.4738988580750408,0.1904293674205178,1.7138643067846608,0.0,81.6208080319006,0.0306270368613707,0.0254074673448156,-121.01900972590629,-987000000.0,13785000000.0,-26780000000.0,34403000000.0,1245500000.0,1574500000.0,298000000.0,38.4070796460177,79.03155603917301,14.102285092491838,2.3433179723502304,1.1387856257744733,6.381944444444445,0.0797243380486035,2.5685234305923963,2024-10-22,3.11,bmo,3086107500.0,2025-04-25,2024-09-30,0.045016077170418,239.721875,1134507.265625
2024-06-30,NSC,USD,702165,2024-07-26,2024-07-26 07:24:28,2024,Q2,3044000000.0,1941000000.0,1103000000.0,0.3623521682,0,0.0,0.0,0.0,17000000.0,6000000.0,1941000000.0,0.0,204000000.0,335000000.0,1508000000.0,0.4954007884,1103000000.0,0.3623521682,-187000000.0,944000000.0,0.3101182654,207000000.0,737000000.0,0.2421156373,3.26,3.25,226000000,226400000,https://www.sec.gov/Archives/edgar/data/702165/000070216524000028/0000702165-24-000028-index.htm,https://www.sec.gov/Archives/edgar/data/702165/000070216524000028/nsc-20240630.htm,13.469026548672566,3.2610619469026547,4.584070796460177,2.066371681415929,2.915929203539823,57.42920353982301,89.41150442477876,57.42920353982301,78.7433628318584,48377560000.0,65310560000.0,16.410298507462688,15.89275952693824,46.69648648648649,103.5922055674518,3.727371908467525,3.727371908467525,21.45550591327201,43.3093899204244,63.04108108108108,139.8513062098501,0.0152343359193808,0.0096532359217786,1.3554202943215965,0.4133652897222614,11.228779840848809,0.6283065175893101,5.40686274509804,1.4076086956521738,0.0063045759232172,0.4138398914518317,0.0,0.0,-0.1698388082146717,0.5492277992277992,0.1869250985545335,1.6985074626865673,0.0042706964520367,64.91382196308034,0.02177551544779,0.01480335837384,-123.33738938053098,-1363000000.0,20207000000.0,-27275000000.0,26689000000.0,1193500000.0,1520500000.0,289000000.0,35.15440210249671,71.17465224111282,14.28129829984544,2.56013456686291,1.2644951140065146,6.301948051948052,0.0567840357500577,2.517699115044248,2024-07-25,2.86,amc,3038651561.0,2025-04-25,2024-06-30,0.0699300699300699,232.0377777777778,1297156.349206349
2024-03-31,NSC,USD,702165,2024-04-24,2024-04-24 15:21:29,2024,Q1,3004000000.0,2791000000.0,213000000.0,0.0709054594,0,0.0,0.0,0.0,2791000000.0,2791000000.0,2791000000.0,0.0,201000000.0,337000000.0,567000000.0,0.1887483356,213000000.0,0.0709054594,-183000000.0,30000000.0,0.0099866844,-213000000.0,213000000.0,0.0709054594,0.94,0.94,225681254,226300000,https://www.sec.gov/Archives/edgar/data/702165/000070216524000009/0000702165-24-000009-index.htm,https://www.sec.gov/Archives/edgar/data/702165/000070216524000009/nsc-20240331.htm,13.310808703677267,0.9438090059531484,3.717632657252073,-6.026198347869868,2.889030384419966,55.5473694771299,87.44634146706753,55.5473694771299,78.80140545479244,56871676008.0,73802676008.0,66.75079343661972,18.93198269241012,67.78507271513706,-41.81740882941177,4.536668475430759,4.536668475430759,24.56813449001331,130.16344974955908,87.9650488772348,-54.26667353529412,0.0037452738331474,-0.0239134855074201,1.4026005105296746,0.4173708697303456,29.86067019400353,0.683492892370177,1.0597014925373134,16.134615384615383,0.0053629507939434,1.431924882629108,0.0,0.0,-0.1708839726547664,2.6209773539928487,0.7320239680426098,6.525222551928783,0.0063249001331557,34.34512222010937,0.0441422540616604,0.0043181219210574,-123.65448837855182,-1091000000.0,19735000000.0,-27236000000.0,26761000000.0,1172500000.0,1572000000.0,267000000.0,35.89214380825566,48.563238982443565,8.706556789681118,2.5075125208681137,1.8532536520584328,10.337037037037035,0.0169910657306955,9.74383100512194,2024-04-24,2.53,bmo,3017856206.0,2025-04-25,2024-03-31,-0.0158102766798417,247.41,1370760.1311475409
2023-12-31,NSC,USD,702165,2024-02-05,2024-02-05 16:49:27,2023,Q4,3073000000.0,933000000.0,2140000000.0,0.6963878946,0,0.0,0.0,0.0,6673000000.0,6673000000.0,7606000000.0,0.0,195000000.0,330000000.0,2203000000.0,0.7168890335,365000000.0,0.11877644,-157000000.0,651000000.0,0.2118451025,124000000.0,527000000.0,0.1714936544,2.34,2.33,225681254,226300000,https://www.sec.gov/Archives/edgar/data/702165/000070216524000005/0000702165-24-000005-index.htm,https://www.sec.gov/Archives/edgar/data/702165/000070216524000005/nsc-20231231.htm,13.616549649267723,2.335151859799574,2.982081976556192,-0.7975850754533649,6.9478522128382005,56.632971385385865,88.64715010844454,56.632971385385865,78.72164694724711,53346534820.52,69349534820.51999,25.306705322827323,17.35975750749105,79.26676793539376,-296.36963789177776,4.17389365624912,4.17389365624912,22.56737221624471,31.47958911507943,103.04537120433876,-385.27519344733327,0.0098788047203637,-0.0033741648001242,1.3747750567248258,0.4218524920772112,7.264185201997276,1.2427811550151977,1.871794871794872,1.2770398481973435,0.0057173348002104,0.5787476280834914,0.0,0.0,-0.1734610582925189,1.2674591381872211,0.2775789131142206,2.584848484848485,0.0026033192320208,54.54858605200136,0.0075513350833445,0.0107821674816375,-116.58367513324788,639000000.0,20006000000.0,-25600000000.0,26740000000.0,1178500000.0,1568500000.0,283500000.0,33.592580540188735,158.0064308681672,25.466237942122188,2.679163034001744,0.5695970695970696,3.534090909090909,0.0412330803536499,3.779667052009557,2024-01-26,2.87,bmo,3079710000.0,2025-04-25,2023-12-31,-0.0139372822299651,209.56555555555556,1212163.4761904762
2023-09-30,NSC,USD,702165,2023-10-25,2023-10-25 13:43:38,2023,Q3,2971000000.0,1521000000.0,1450000000.0,0.4880511612,0,0.0,0.0,0.0,2215000000.0,2215000000.0,3736000000.0,182000000.0,182000000.0,326000000.0,1086000000.0,0.3655334904,756000000.0,0.2544597779,-142000000.0,614000000.0,0.2066644228,136000000.0,478000000.0,0.1608885897,2.11,2.1,226400000,227000000,https://www.sec.gov/Archives/edgar/data/702165/000070216523000037/0000702165-23-000037-index.htm,https://www.sec.gov/Archives/edgar/data/702165/000070216523000037/nsc-20230930.htm,13.12279151943463,2.1113074204946995,2.9151943462897525,0.4946996466431095,6.651943462897527,55.71996466431096,87.5530035335689,55.71996466431096,74.0547703180212,44584952000.0,59662952000.0,23.31848953974896,15.006715583978458,67.55295757575759,398.0799285714286,3.534280776852953,3.534280776852953,20.081774486704813,54.93826151012891,90.39841212121212,532.7049285714286,0.0107211060808139,0.0025120583285589,1.3146254458977409,0.4070792115663124,13.883977900552486,1.0782429649965684,4.153846153846154,1.3807531380753135,0.0068408731268792,0.6380753138075314,0.0,0.0,-0.1769066496477576,0.8303030303030303,0.1844496802423426,1.6809815950920246,0.003365870077415,51.44846386893295,0.0153949053431953,0.0099695490760438,-112.89310954063605,228000000.0,19822000000.0,-24982000000.0,25689000000.0,1149500000.0,1457500000.0,287500000.0,36.65432514304947,88.69822485207101,17.928994082840237,2.4553719008264463,1.0146764509673116,5.01980198019802,0.0378913991280221,2.420494699646643,2023-10-25,2.69,bmo,2947720000.0,2025-04-25,2023-09-30,-0.0148698884758364,216.15539682539685,1167200.634920635
2023-06-30,NSC,USD,702165,2023-07-27,2023-07-27 12:16:57,2023,Q2,2980000000.0,1783000000.0,1197000000.0,0.4016778523,0,0.0,0.0,0.0,57000000.0,205000000.0,1988000000.0,170000000.0,170000000.0,321000000.0,926000000.0,0.310738255,576000000.0,0.1932885906,-113000000.0,463000000.0,0.1553691275,107000000.0,356000000.0,0.1194630872,1.56,1.56,227500000,228000000,https://www.sec.gov/Archives/edgar/data/702165/000070216523000032/0000702165-23-000032-index.htm,https://www.sec.gov/Archives/edgar/data/702165/000070216523000032/nsc-20230630.htm,13.0989010989011,1.5648351648351648,2.9582417582417584,0.6725274725274726,2.443956043956044,55.56043956043956,55.56043956043956,55.56043956043956,67.24835164835164,51587900000.0,66160900000.0,36.22745786516854,17.311375838926175,76.65364041604754,337.175816993464,4.081321202531646,4.081321202531646,22.201644295302017,71.44805615550756,98.3074294205052,432.424183006536,0.0069008430271439,0.0029658117504298,1.1969145569620254,0.3853442347367616,15.73758099352052,0.6801741460147355,3.388235294117647,1.8904494382022472,0.005970392281911,0.8651685393258427,0.0,0.0,0.0,0.7726597325408618,0.174496644295302,1.6199376947040498,0.0036912751677852,44.229129721849375,0.0120316633837997,0.0090675224777769,-110.38351648351647,-955000000.0,12640000000.0,-24590000000.0,31519000000.0,1129500000.0,1365500000.0,267000000.0,32.88926174496644,71.47504206393718,13.72966909702748,2.736455463728191,1.259180790960452,6.555147058823529,0.0281645569620253,2.2857142857142856,2023-07-27,3.15,bmo,3076240000.0,2025-04-25,2023-06-30,-0.0634920634920634,212.41967741935483,1430320.064516129
2023-03-31,NSC,USD,702165,2023-04-26,2023-04-26 12:45:22,2023,Q1,3132000000.0,1822000000.0,1310000000.0,0.4182630907,0,0.0,0.0,0.0,212000000.0,212000000.0,2034000000.0,175000000.0,175000000.0,321000000.0,1061000000.0,0.338761175,1154000000.0,0.3684546616,-119000000.0,592000000.0,0.1890166028,126000000.0,466000000.0,0.1487867178,2.04,2.04,227700000,228300000,https://www.sec.gov/Archives/edgar/data/702165/000070216523000017/0000702165-23-000017-index.htm,https://www.sec.gov/Archives/edgar/data/702165/000070216523000017/nsc-20230331.htm,13.754940711462451,2.04655248133509,5.151515151515151,3.271848924022837,2.4242424242424243,55.893719806763286,55.893719806763286,55.893719806763286,66.59200702678963,48272400000.0,62708400000.0,25.897210300429183,15.41264367816092,41.15294117647059,64.7951677852349,3.792912705272255,3.792912705272255,20.02183908045977,59.10311027332705,53.45984654731458,84.1723489932886,0.0096535494402598,0.0154332496416171,1.17765380686729,0.3826495442824683,13.606032045240338,0.7514164305949008,6.594285714285714,2.517167381974249,0.0063597417986261,0.6587982832618026,0.0,0.0,0.0,0.3648763853367434,0.1366538952745849,1.3333333333333333,0.0035121328224776,50.73225992044453,0.0247193081292896,0.0118971635732339,-109.27316644707948,-702000000.0,12727000000.0,-24320000000.0,31538000000.0,1159000000.0,1304000000.0,257500000.0,33.62068965517241,64.95609220636663,12.941822173435783,2.6769230769230767,1.385551330798479,6.954198473282442,0.0366150703229354,1.8796662274923144,2023-04-26,3.15,bmo,3109840000.0,2025-04-25,2023-03-31,0.0539682539682539,231.3548387096774,1633108.5
2022-12-31,NSC,USD,702165,2023-02-03,2023-02-03 14:24:35,2022,Q4,3237000000.0,1849000000.0,1388000000.0,0.4287920914,0,0.0,0.0,0.0,207000000.0,207000000.0,2056000000.0,177000000.0,177000000.0,309000000.0,1558000000.0,0.4813098548,906000000.0,0.2798887859,-143000000.0,1038000000.0,0.3206672845,248000000.0,790000000.0,0.2440531356,3.43,3.42,229910870,230700000,https://www.sec.gov/Archives/edgar/data/702165/000070216523000010/0000702165-23-000010-index.htm,https://www.sec.gov/Archives/edgar/data/702165/000070216523000010/nsc-20221231.htm,14.07936910507972,3.436114177637621,3.4709102705757235,0.5741355334786911,1.983377297471842,55.38233142260738,56.82636927953863,55.38233142260738,66.80414892953952,56654636585.4,71380636585.4,17.928682463734177,17.502204691195548,70.99578519473684,429.2017923136363,4.449433486641011,4.449433486641011,22.051478710349087,45.815556216559685,89.44941927994986,540.7623983742424,0.0139441367487932,0.0023299063934692,1.1923348778763845,0.3904333290471904,9.45186136071887,0.7576443941109853,5.11864406779661,1.010126582278481,0.0050481305191833,0.3620253164556962,0.0,0.0,-0.0085379966568085,0.8345864661654135,0.2057460611677479,2.155339805825242,0.0012357120790855,65.43508477351085,0.018619543981161,0.0201443251651069,-107.46990779513818,-642000000.0,13065000000.0,-24145000000.0,31182000000.0,1149500000.0,1389500000.0,264500000.0,31.918443002780357,62.9367225527312,12.314764737696052,2.8196864111498257,1.4300077339520494,7.308300395256917,0.062043508992382,2.8967747370970325,2023-01-25,3.44,bmo,3206269477.0,2025-04-25,2022-12-31,-0.005813953488372,236.5719047619048,1329842.4285714286
2022-09-30,NSC,USD,702165,2022-10-26,2022-10-26 14:24:14,2022,Q3,3343000000.0,1991000000.0,1352000000.0,0.4044271612,0,0.0,0.0,0.0,22000000.0,22000000.0,2013000000.0,177000000.0,177000000.0,306000000.0,1608000000.0,0.4810050853,1272000000.0,0.38049656,-179000000.0,1093000000.0,0.3269518397,135000000.0,958000000.0,0.28656895,4.11,4.09,233200000,234000000,https://www.sec.gov/Archives/edgar/data/702165/000070216522000039/0000702165-22-000039-index.htm,https://www.sec.gov/Archives/edgar/data/702165/000070216522000039/nsc-20220930.htm,14.335334476843911,4.108061749571184,6.059176672384219,4.150943396226415,5.205831903945112,55.84905660377358,55.84905660377358,55.84905660377358,65.37307032590051,48890380000.0,62744380000.0,12.758449895615865,14.624702363146874,34.60041047416844,50.50659090909091,3.753868243243243,3.753868243243243,18.768884235716424,39.0201368159204,44.4050813871196,64.81857438016529,0.019594856902319,0.0197993961184183,1.156941031941032,0.3833511423192388,8.615671641791044,0.970335954253038,7.186440677966102,1.474947807933194,0.0059316372668815,0.302713987473904,0.0,0.0,0.0,0.3149327671620665,0.1331139694884834,1.4542483660130718,0.0038887227041579,71.84849265385432,0.0300404474265915,0.0243728692820434,-103.2021869639794,-83000000.0,13024000000.0,-23567000000.0,31755000000.0,1179500000.0,1397000000.0,282500000.0,30.987137301824703,67.17227523857358,12.476142641888496,2.904430929626412,1.3398384925975777,7.213768115942029,0.073556511056511,1.9082332761578045,2022-10-26,3.64,bmo,3233550873.0,2025-04-25,2022-09-30,0.1263736263736262,240.4775,1237241.375
2022-06-30,NSC,USD,702165,2022-07-27,2022-07-27 12:07:16,2022,Q2,3250000000.0,1877000000.0,1373000000.0,0.4224615385,0,0.0,0.0,0.0,38000000.0,38000000.0,1915000000.0,0.0,170000000.0,304000000.0,1561000000.0,0.4803076923,1271000000.0,0.3910769231,-184000000.0,1087000000.0,0.3344615385,268000000.0,819000000.0,0.252,3.46,3.45,236700000,237500000,https://www.sec.gov/Archives/edgar/data/702165/000070216522000028/0000702165-22-000028-index.htm,https://www.sec.gov/Archives/edgar/data/702165/000070216522000028/nsc-20220630.htm,13.730460498521335,3.4600760456273765,4.2965779467680605,2.4038867765103507,5.318969159273342,55.57245458386143,55.57245458386143,55.57245458386143,64.3177017321504,53799543000.0,67594543000.0,16.422326923076923,16.55370553846154,52.9002389380531,94.55104217926186,4.089975900866657,4.089975900866657,20.79832092307692,43.30207751441384,66.46464405113078,118.79533040421792,0.0152231776392598,0.0105762980179961,1.1444427550554963,0.3827028676021964,8.837283792440743,1.0950555768493675,7.476470588235294,1.2417582417582418,0.0054647304346061,0.358974358974359,0.0,0.0,0.0,0.4405113077679449,0.1378461538461538,1.4736842105263157,0.004,65.77545648114135,0.0256518476001557,0.0208206223306894,-100.8555133079848,248000000.0,13154000000.0,-23325000000.0,32035000000.0,1139000000.0,1244500000.0,276500000.0,33.45230769230769,62.71710175812466,13.857218966435802,2.6903973509933774,1.4350152905198776,6.494809688581315,0.062262429679185,1.8926911702577105,2022-07-27,3.47,bmo,3130212912.0,2025-04-25,2022-06-30,-0.0057636887608069,245.61016129032257,1344970.1451612904
2022-03-31,NSC,USD,702165,2022-04-27,2022-04-27 11:20:28,2022,Q1,2915000000.0,1721000000.0,1194000000.0,0.4096054889,0,0.0,0.0,0.0,60000000.0,60000000.0,1781000000.0,0.0,168000000.0,302000000.0,1418000000.0,0.4864493997,1085000000.0,0.372212693,-173000000.0,912000000.0,0.312864494,209000000.0,703000000.0,0.2411663808,2.94,2.93,239300000,240200000,https://www.sec.gov/Archives/edgar/data/702165/000070216522000014/0000702165-22-000014-index.htm,https://www.sec.gov/Archives/edgar/data/702165/000070216522000014/nsc-20220331.htm,12.181362306727957,2.9377350605933974,4.153781863769328,2.5282072712076893,6.564981195152528,56.25156707062265,86.41036356038445,56.25156707062265,62.732971165900544,68253146000.00001,81526146000.0,24.272100284495025,23.414458319039458,68.66513682092555,112.81511735537192,5.070436520317956,5.070436520317956,27.96780308747856,57.49375599435825,82.0182555331992,134.7539603305785,0.0102998915244141,0.0088640602735,1.102741252507243,0.3771245649246716,9.36036671368124,0.958055290753098,6.458333333333333,1.4139402560455192,0.0043514477706273,0.422475106685633,0.0,0.0,-0.1833540814511826,0.3913480885311871,0.1334476843910806,1.2880794701986755,0.0078902229845626,60.97683591270956,0.0223821598380032,0.0150929623427369,-97.76222315085668,-132000000.0,20678000000.0,-22885000000.0,24308000000.0,1023000000.0,1266000000.0,241000000.0,33.03602058319039,61.76060429982568,13.805926786751888,2.7242990654205608,1.4572396274343775,6.518939393939394,0.0522249461407027,1.625574592561638,2022-04-27,2.92,bmo,2831377397.0,2025-04-25,2022-03-31,0.0034246575342466,275.5291935483871,1398860.1290322582
2021-12-31,NSC,USD,702165,2022-02-04,2022-02-04 14:20:19,2021,Q4,2852000000.0,1594000000.0,1258000000.0,0.4410939691,0,0.0,0.0,0.0,21000000.0,129000000.0,1723000000.0,0.0,165000000.0,298000000.0,1453000000.0,0.5094670407,1129000000.0,0.3958625526,-144000000.0,985000000.0,0.345371669,225000000.0,760000000.0,0.2664796634,3.16,3.12,240162790,243500000,https://www.sec.gov/Archives/edgar/data/702165/000070216522000007/0000702165-22-000007-index.htm,https://www.sec.gov/Archives/edgar/data/702165/000070216522000007/nsc-20211231.htm,11.875278430934284,3.164520198986696,3.922339509796667,2.069429656442616,3.4934637459866287,56.7989737294441,58.46867451864629,56.7989737294441,58.31461235106404,71498864210.9,84499864210.9,23.519363227269736,25.06972798418653,75.90112973556262,143.86089378450703,5.241467943032036,5.241467943032036,29.62828338390603,58.155446807226426,89.702615935138,170.01984750684105,0.0106295394813298,0.0069511593713433,1.014588373286416,0.3595458914607851,8.94769442532691,0.859579531931773,6.842424242424243,1.2394736842105265,0.0036923663461461,0.3473684210526316,0.0,0.0,-0.0104174785025848,0.4723991507430998,0.1560308555399719,1.4932885906040267,0.002805049088359,63.59389705067745,0.0237961755670984,0.0195402889905898,-96.48455533015752,-354000000.0,14042000000.0,-22685000000.0,30898000000.0,960500000.0,1273500000.0,226500000.0,30.799438990182328,76.27979924717691,12.308657465495608,2.922131147540984,1.1798667653589934,7.3119266055045875,0.0557143904405835,1.852909853354052,2022-01-26,3.04,bmo,2824739443.0,2025-04-25,2021-12-31,0.0263157894736842,279.20140625,1173366.0625
2021-09-30,NSC,USD,702165,2021-10-27,2021-10-27 14:14:19,2021,Q3,2852000000.0,1617000000.0,1235000000.0,0.433029453,0,0.0,0.0,0.0,14000000.0,43000000.0,1660000000.0,0.0,164000000.0,297000000.0,1459000000.0,0.5115708275,1136000000.0,0.3983169705,-150000000.0,986000000.0,0.3457223001,233000000.0,753000000.0,0.2640252454,3.07,3.06,245300000,246400000,https://www.sec.gov/Archives/edgar/data/702165/000070216521000034/0000702165-21-000034-index.htm,https://www.sec.gov/Archives/edgar/data/702165/000070216521000034/nsc-20210930.htm,11.626579698328577,3.0697105584997963,4.957195271096617,3.3346922136159804,5.972278842233999,56.61231145536078,85.51161842641663,56.61231145536078,57.05666530778638,58688025000.0,71055025000.0,19.48473605577689,20.577848877980365,48.26317845394737,71.74575183374083,4.2261125513069775,4.2261125513069775,24.914104137447406,48.70118231665524,58.43340871710527,86.8643337408313,0.0128305561483795,0.0139381074759288,0.996039461366746,0.3583048388768003,8.476353666895134,1.129460580912863,6.926829268292683,1.6148738379814076,0.0045665193197419,0.3559096945551129,0.0,0.0,-0.1836338203294995,0.3273026315789473,0.1395511921458625,1.34006734006734,0.0049088359046283,62.5310061477584,0.0236056201712967,0.0164795482896723,-91.42172849571952,312000000.0,20976000000.0,-21995000000.0,24652000000.0,943000000.0,1156000000.0,240500000.0,29.821178120617112,66.56771799628942,13.079777365491651,3.0179894179894178,1.3520066889632107,6.880851063829788,0.0542233743789155,1.622503057480636,2021-10-27,2.91,bmo,2809470000.0,2025-04-25,2021-09-30,0.0515463917525772,256.441875,1248450.390625
2021-06-30,NSC,USD,702165,2021-07-28,2021-07-28 11:25:19,2021,Q2,2799000000.0,1596000000.0,1203000000.0,0.4297963558,0,0.0,0.0,0.0,35000000.0,-7000000.0,1589000000.0,0.0,161000000.0,294000000.0,1486000000.0,0.5309038942,1167000000.0,0.4169346195,-126000000.0,1041000000.0,0.3719185423,222000000.0,819000000.0,0.2926045016,3.29,3.28,248900000,250000000,https://www.sec.gov/Archives/edgar/data/702165/000070216521000025/0000702165-21-000025-index.htm,https://www.sec.gov/Archives/edgar/data/702165/000070216521000025/nsc-20210630.htm,11.245480112494976,3.2904781036560866,4.347127360385697,2.8927280032141423,6.709521896343913,57.52109280835677,85.78545600642829,57.52109280835677,55.75733226195259,66060549000.00001,78107549000.0,20.16500274725275,23.60148231511254,61.05411182994456,91.7507625,4.614133477683873,4.614133477683873,27.905519471239728,52.56228061911171,72.18812292051756,108.48270694444444,0.0123977171306886,0.010899091983023,0.9580917790039812,0.3539505599421995,8.106998654104979,1.0772532188841202,7.248447204968944,1.321123321123321,0.003738994055287,0.3015873015873015,0.0,0.0,-0.1815296485524075,0.3345656192236599,0.1293319042515184,1.2312925170068028,0.0057163272597356,65.2580850825859,0.0248102924660087,0.0178863919281923,-88.14081960626758,216000000.0,21352000000.0,-21425000000.0,24536000000.0,942500000.0,1079500000.0,243500000.0,30.257234726688104,62.93233082706767,13.87218045112782,2.9744952178533475,1.4301075268817205,6.487804878048781,0.0572047216595655,1.4543993571715548,2021-07-28,2.96,bmo,2805220000.0,2025-04-25,2021-06-30,0.108108108108108,276.0106349206349,1117000.3333333333
2021-03-31,NSC,USD,702165,2021-04-28,2021-04-28 12:18:56,2021,Q1,2639000000.0,1534000000.0,1105000000.0,0.4187192118,0,0.0,0.0,0.0,7000000.0,52000000.0,1586000000.0,0.0,156000000.0,292000000.0,1332000000.0,0.5047366427,1015000000.0,0.3846153846,-149000000.0,866000000.0,0.328154604,193000000.0,673000000.0,0.2550208412,2.67,2.66,251400000,252600000,https://www.sec.gov/Archives/edgar/data/702165/000070216521000011/0000702165-21-000011-index.htm,https://www.sec.gov/Archives/edgar/data/702165/000070216521000011/nsc-20210331.htm,10.497215592680986,2.677008750994432,4.03739061256961,2.983293556085919,3.969769291964996,58.24582338902148,85.99840891010342,58.24582338902148,50.80747812251392,67505927999.99999,79124928000.0,25.076496285289743,25.580116710875327,66.50830344827585,90.007904,4.610115959844293,4.610115959844293,29.9829208033346,59.4030990990991,77.95559408866995,105.499904,0.0099694948271802,0.0111101353943315,0.8616403742402513,0.3325776945989403,8.722972972972974,1.0240106714095154,6.506410256410256,1.5081723625557206,0.003688564950918,0.3699851411589896,0.0,0.0,-0.1839101668555763,0.2610837438423645,0.1004168245547555,0.9075342465753424,0.0060629026146267,59.230929637554645,0.0217964934797981,0.0149841920113995,-85.39180588703262,54000000.0,21620000000.0,-20991000000.0,24389000000.0,896000000.0,1009500000.0,231000000.0,32.19401288366805,61.192959582790095,14.139504563233375,2.795550847457627,1.470757430488974,6.365145228215767,0.0459605272143686,1.0540970564836911,2021-04-28,2.54,bmo,2627720000.0,2025-04-25,2021-03-31,0.047244094488189,253.25868852459016,1203825.0655737706
2020-12-31,NSC,USD,702165,2021-02-04,2021-02-04 12:09:20,2020,Q4,2573000000.0,1436000000.0,1137000000.0,0.4418966187,0,0.0,0.0,0.0,43000000.0,153000000.0,1589000000.0,0.0,160000000.0,287000000.0,1294000000.0,0.5029148853,984000000.0,0.3824329576,-117000000.0,867000000.0,0.3369607462,196000000.0,671000000.0,0.2607850758,2.66,2.64,252095082,254700000,https://www.sec.gov/Archives/edgar/data/702165/000070216521000006/0000702165-21-000006-index.htm,https://www.sec.gov/Archives/edgar/data/702165/000070216521000006/nsc-20201231.htm,10.206466463316408,2.661694130153638,3.45107882747193,1.7017388700982274,4.4229343593462085,58.67230682429577,60.2550429762053,58.67230682429577,50.93713014203109,59900312434.02,71466312434.02,22.317553067816693,23.28033907268558,68.85093383220689,139.62776791146854,4.049781112434588,4.049781112434588,27.775480930439176,55.228989516244205,82.14518670577012,166.5881408718415,0.0112019449103726,0.0071618992049923,0.857345683185721,0.3340445708866761,8.938176197836167,1.0731481481481482,6.15,1.2965722801788375,0.0039732680904153,0.3546944858420268,0.0,0.0,-0.0105105105105105,0.506896551724138,0.1713952584531675,1.5365853658536586,0.0011659541391371,59.27709532549675,0.0208815512204656,0.0174917233648757,-84.52961410806103,158000000.0,15190000000.0,-20853000000.0,31104000000.0,865500000.0,1124500000.0,234000000.0,29.661873299650217,61.16991643454039,13.850974930362115,3.0341981132075477,1.471311475409836,6.497737556561086,0.0453654249205597,1.7493399573737023,2021-01-27,2.48,bmo,2417375000.0,2025-04-25,2020-12-31,0.0604838709677419,227.5203125,1256835.921875
2020-09-30,NSC,USD,702165,2020-10-28,2020-10-28 14:46:34,2020,Q3,2506000000.0,1555000000.0,951000000.0,0.3794892259,0,0.0,0.0,0.0,39000000.0,52000000.0,1607000000.0,0.0,155000000.0,293000000.0,1156000000.0,0.461292897,840000000.0,0.3351955307,-116000000.0,724000000.0,0.2889066241,155000000.0,569000000.0,0.2270550678,2.23,2.22,254600000,256100000,https://www.sec.gov/Archives/edgar/data/702165/000070216520000042/0000702165-20-000042-index.htm,https://www.sec.gov/Archives/edgar/data/702165/000070216520000042/nsc-20200930.htm,9.842890809112331,2.234878240377062,3.963079340141398,2.714061272584446,5.337784760408484,58.68421052631579,85.77769049489395,58.68421052631579,50.58130400628437,54481854000.0,65845854000.0,23.937545694200352,21.740564245810056,53.99589098116948,78.84494066570188,3.6464663677130047,3.6464663677130047,26.275280925778137,56.96008131487889,65.25852725470763,95.29067149059334,0.0104438442935513,0.0126831219803936,0.8515494277491467,0.3332460253018675,9.83044982698962,1.286284289276808,5.419354838709677,1.773286467486819,0.0044051364331323,0.421792618629174,0.0,0.0,-0.1806752403153566,0.3151635282457879,0.1268954509177972,1.0853242320819112,0.0051875498802873,54.3223845764968,0.0182049401830061,0.0126228453535062,-82.84858601728202,574000000.0,21839000000.0,-20659000000.0,24915000000.0,852500000.0,1270500000.0,252000000.0,31.71189146049481,73.67845659163987,14.29581993569132,2.8380520951302377,1.2215239591516105,6.295546558704453,0.0380831269660665,1.249018067556952,2020-10-28,2.38,bmo,2376207171.0,2025-04-25,2020-09-30,0.0546218487394957,200.8309375,1348535.0625
2020-06-30,NSC,USD,702165,2020-07-29,2020-07-29 14:44:38,2020,Q2,2085000000.0,1386000000.0,699000000.0,0.3352517986,0,0.0,0.0,0.0,49000000.0,49000000.0,1435000000.0,0.0,156000000.0,282000000.0,915000000.0,0.4388489209,610000000.0,0.2925659472,-107000000.0,503000000.0,0.2412470024,111000000.0,392000000.0,0.1880095923,1.53,1.53,255400000,256700000,https://www.sec.gov/Archives/edgar/data/702165/000070216520000033/0000702165-20-000033-index.htm,https://www.sec.gov/Archives/edgar/data/702165/000070216520000033/nsc-20200630.htm,8.163664839467502,1.5348472983555208,3.144087705559906,1.6992952231793266,4.475332811276429,58.187157400156615,85.1018010963195,58.187157400156615,50.32498042286609,44840578000.0,56394578000.0,28.59730739795918,21.50627242206235,55.841317559153175,103.31930414746544,3.017332480990512,3.017332480990512,27.04775923261391,61.63341857923497,70.22986052303861,129.94142396313364,0.0087420817813722,0.0096787334008049,0.8543839580109011,0.3344660449923607,12.627322404371585,1.2144702842377262,3.91025641025641,2.048469387755102,0.005352294968187,0.6122448979591837,0.0,0.0,-0.18107581265476,0.4595267745952677,0.176978417266187,1.3085106382978724,0.0047961630695443,44.82676689243717,0.0131642576970608,0.0087429743955749,-83.05794831636648,415000000.0,21735000000.0,-20751000000.0,24758000000.0,855500000.0,1276000000.0,261000000.0,35.482014388489205,82.33766233766234,16.68831168831169,2.536496350364964,1.0930599369085174,5.392996108949417,0.0263777673104098,1.4447924823805796,2020-07-29,1.33,bmo,1812450980.0,2025-04-25,2020-06-30,0.150375939849624,169.4174603174603,1597753.0793650793
2020-03-31,NSC,USD,702165,2020-04-29,2020-04-29 15:17:59,2020,Q1,2625000000.0,1578000000.0,1047000000.0,0.3988571429,0,0.0,0.0,0.0,22000000.0,52000000.0,1630000000.0,0.0,154000000.0,292000000.0,1267000000.0,0.4826666667,568000000.0,0.2163809524,-132000000.0,436000000.0,0.1660952381,55000000.0,381000000.0,0.1451428571,1.48,1.47,257300000,258700000,https://www.sec.gov/Archives/edgar/data/702165/000070216520000016/0000702165-20-000016-index.htm,https://www.sec.gov/Archives/edgar/data/702165/000070216520000016/nsc-20200331.htm,10.202098717450449,1.4807617567042364,3.7116206762534008,2.289156626506024,2.3630003886513795,57.84687135639332,84.38398756315586,57.84687135639332,48.04119704624952,37565800000.0,49164800000.0,24.6494750656168,14.310780952380952,39.33591623036649,63.77894736842105,2.5239048642837947,2.5239048642837947,18.72944761904762,38.80410418310971,51.481465968586384,83.4716468590832,0.0101422038130427,0.0156791549760686,0.8201424348293469,0.3260590843527966,9.154696132596683,0.8953488372093024,3.688311688311688,2.506561679790026,0.0064420297185205,0.6351706036745407,0.0,0.0,-0.1823815374752924,0.3832460732984293,0.1394285714285714,1.2534246575342465,0.0007619047619047,43.90093716670045,0.0139415938389194,0.0086070573352008,-82.18713563933152,-234000000.0,21712000000.0,-20552000000.0,24117000000.0,904500000.0,1296500000.0,254500000.0,30.48,73.2319391634981,15.11406844106464,2.952755905511811,1.2289719626168225,5.954716981132076,0.0255979575382961,1.4224640497473766,2020-04-29,2.19,bmo,2289244186.0,2025-04-25,2020-03-31,0.178082191780822,184.6072580645161,2008328.5806451607
2019-12-31,NSC,USD,702165,2020-02-06,2020-02-06 10:46:09,2019,Q4,2690000000.0,1598000000.0,1092000000.0,0.4059479554,0,147000000.0,0.0,-147000000.0,18000000.0,130000000.0,1728000000.0,0.0,152000000.0,285000000.0,1263000000.0,0.4695167286,962000000.0,0.3576208178,-134000000.0,828000000.0,0.3078066914,162000000.0,666000000.0,0.2475836431,2.58,2.55,257904956,261600000,https://www.sec.gov/Archives/edgar/data/702165/000070216520000011/0000702165-20-000011-index.htm,https://www.sec.gov/Archives/edgar/data/702165/000070216520000011/nsc-20191231.htm,10.430198945071842,2.582346653315185,3.470270652728364,1.4346370296195472,2.248890478863074,58.874401777684334,60.378831960096186,58.874401777684334,47.87810281551937,50067089108.28,61683089108.28,18.793952367972977,18.61230078374721,55.94088168522905,135.3164570494054,3.2973583448551107,3.2973583448551107,22.930516397130116,48.83855036285035,68.91965263494971,166.711051644,0.0133021514104733,0.0073900841169296,0.803213909378293,0.3215990296126361,9.197149643705464,0.9047826086956522,6.328947368421052,1.3438438438438438,0.0048734608771103,0.3663663663663664,0.0546468401486988,0.0,-0.0102312580755741,0.5865921787709497,0.1951672862453531,1.8421052631578947,0.0026022304832713,58.48732831923575,0.0214724888637932,0.0173840411370102,-82.77080181429316,-219000000.0,15572000000.0,-20658000000.0,31007000000.0,946500000.0,1358000000.0,255000000.0,30.780669144981413,73.72340425531915,13.742177722152691,2.9239130434782608,1.2207792207792207,6.549180327868853,0.0438619599578503,2.035633623108817,2020-01-29,2.28,bmo,2405176470.0,2025-04-25,2019-12-31,0.1184210526315789,187.56203125,1561730.890625
2019-09-30,NSC,USD,702165,2019-10-23,2019-10-23 12:52:09,2019,Q3,2841000000.0,1702000000.0,1139000000.0,0.4009151707,0,48000000.0,0.0,48000000.0,22000000.0,95000000.0,1797000000.0,0.0,150000000.0,287000000.0,1299000000.0,0.4572333685,996000000.0,0.3505807814,-128000000.0,868000000.0,0.3055262232,211000000.0,657000000.0,0.2312565998,2.5,2.49,262100000,264300000,https://www.sec.gov/Archives/edgar/data/702165/000070216519000066/0000702165-19-000066-index.htm,https://www.sec.gov/Archives/edgar/data/702165/000070216519000066/nsc09301910-q.htm,10.839374284624189,2.50667684090042,3.987027851964899,2.02212895841282,1.7245326211369707,58.13811522319725,83.65890881342999,58.13811522319725,45.73063716138879,47088886000.0,58472886000.0,17.918145357686452,16.57475747976065,45.06113492822966,88.84695471698113,3.0902274576716104,3.0902274576716104,20.581797254487856,45.01376905311778,55.95491483253589,110.3262,0.0139523368635223,0.0112553097985796,0.7767423546397165,0.3156266666666666,8.763664357197845,0.7301702281781963,6.64,1.5905631659056316,0.0052453990948097,0.3759512937595129,0.0168954593453009,0.0,-0.1783733333333333,0.492822966507177,0.1812741992256248,1.7944250871080138,0.0035198873636043,57.262579470198034,0.0211842749494682,0.0148679535631039,-79.92083174360931,-745000000.0,21927000000.0,-20246000000.0,23960000000.0,1006000000.0,1407000000.0,261000000.0,30.82365364308342,74.40070505287896,14.065804935370153,2.91983556012333,1.2096659559346126,6.398496240601504,0.0431158944743404,1.9648988935520797,2019-10-23,2.59,bmo,2955096385.0,2025-04-25,2019-09-30,-0.0386100386100384,183.9615625,1732793.265625
2019-06-30,NSC,USD,702165,2019-07-24,2019-07-24 12:30:24,2019,Q2,2925000000.0,1750000000.0,1175000000.0,0.4017094017,0,50000000.0,0.0,50000000.0,22000000.0,60000000.0,1810000000.0,0.0,153000000.0,284000000.0,1363000000.0,0.465982906,1065000000.0,0.3641025641,-131000000.0,934000000.0,0.3193162393,212000000.0,722000000.0,0.2468376068,2.72,2.7,264800000,267100000,https://www.sec.gov/Archives/edgar/data/702165/000070216519000054/0000702165-19-000054-index.htm,https://www.sec.gov/Archives/edgar/data/702165/000070216519000054/nsc06301910-q.htm,11.04607250755287,2.726586102719033,4.044561933534744,2.1110271903323263,1.0347432024169183,57.820996978851966,82.73036253776435,57.820996978851966,43.91993957703927,53203616000.0,64406616000.0,18.42230470914128,18.189270427350426,49.67657889822595,95.17641502683364,3.4748622558944544,3.4748622558944544,22.019355897435897,47.25357006603081,60.13689635854342,115.21755992844363,0.0135705061851435,0.0105068046502703,0.7495917967474365,0.3087539007855375,8.219369038884812,0.780905752753978,6.96078431372549,1.4833795013850417,0.0042854230058347,0.3157894736842105,0.017094017094017,0.0,-0.1774453890024749,0.4780578898225957,0.175042735042735,1.8028169014084507,0.0068376068376068,59.55848682746802,0.0234401664092383,0.0164960701882653,-78.09573262839879,-537000000.0,21907000000.0,-19947000000.0,24068000000.0,1043500000.0,1370500000.0,242000000.0,31.96923076923077,72.36,13.165714285714284,2.8152069297401345,1.243781094527363,6.8359375,0.0471556397361374,1.933534743202417,2019-07-24,2.79,bmo,3022499999.0,2025-04-25,2019-06-30,-0.0322580645161289,198.3565079365079,1459461.365079365
2019-03-31,NSC,USD,702165,2019-04-24,2019-04-24 14:39:04,2019,Q1,2840000000.0,1684000000.0,1156000000.0,0.4070422535,0,49000000.0,0.0,49000000.0,44000000.0,190000000.0,1874000000.0,0.0,149000000.0,283000000.0,1293000000.0,0.4552816901,966000000.0,0.3401408451,-105000000.0,861000000.0,0.3031690141,184000000.0,677000000.0,0.2383802817,2.55,2.51,265967039,269400000,https://www.sec.gov/Archives/edgar/data/702165/000070216519000033/0000702165-19-000033-index.htm,https://www.sec.gov/Archives/edgar/data/702165/000070216519000033/nsc03311910-q.htm,10.678014879881411,2.5454281949576467,3.3124405313998326,1.5565838592503185,1.5453042660673453,57.64248102938801,82.14927715159472,57.64248102938801,43.437713347630265,51475260728.06,62468260728.06,19.008589633700147,18.12509180565493,58.42821876056753,124.33637857019323,3.357593159484704,3.357593159484704,21.99586645354225,48.31265330863109,70.90608482186151,150.8895186668116,0.0131519489250679,0.008042698456393,0.7438523253538581,0.3077006097890022,8.501933488012375,0.6662045060658579,6.483221476510067,1.3013293943870017,0.0044681658091072,0.3397341211225997,0.0172535211267605,0.0,-0.1758674653283686,0.5300794551645857,0.1644366197183098,1.6501766784452296,0.0056338028169014,57.457009319047394,0.0216368316652828,0.0155346489215236,-76.77643093210509,-963000000.0,21849000000.0,-19809000000.0,23677000000.0,1028500000.0,1370500000.0,217500000.0,33.2112676056338,71.29453681710214,12.185273159144892,2.7099236641221376,1.262368815592204,7.385964912280702,0.0441588937447002,1.755856672149514,2019-04-24,2.18,bmo,2466613545.0,2025-04-25,2019-03-31,0.1513761467889906,172.95573770491802,1773319.1475409835
2018-12-31,NSC,USD,702165,2019-02-08,2019-02-08 16:58:07,2018,Q4,2896000000.0,1762000000.0,1134000000.0,0.3915745856,0,45000000.0,0.0,45000000.0,-61000000.0,56000000.0,1818000000.0,0.0,148000000.0,282000000.0,1360000000.0,0.4696132597,1078000000.0,0.3722375691,-148000000.0,930000000.0,0.3211325967,228000000.0,702000000.0,0.2424033149,2.62,2.57,268098472,273500000,https://www.sec.gov/Archives/edgar/data/702165/000070216519000012/0000702165-19-000012-index.htm,https://www.sec.gov/Archives/edgar/data/702165/000070216519000012/nsc1231201810-k.htm,10.802001139342565,2.6184408839152207,3.1406370715906204,0.8094040908968702,1.3353302513413805,57.29984167906783,58.71723133132963,57.29984167906783,42.12258248155924,40091445502.88,50878445502.88,14.277580307293446,13.8437311819337,47.614543352589074,184.7532050823963,2.609780334779326,2.609780334779326,17.56852399961326,37.41062169329412,60.42570724807601,234.46288250175115,0.0175099698001552,0.0054126259923556,0.7254914724645228,0.3075415988299897,7.931617647058824,0.7186414511771517,7.283783783783784,1.1994301994301997,0.0054126259923556,0.3091168091168091,0.0155386740331491,0.0,-0.0104859405612737,0.7422802850356295,0.2158149171270718,2.2163120567375887,0.0020718232044198,58.10176918238086,0.0237699333693295,0.0191703760342991,-73.32660217474123,-729000000.0,15742000000.0,-19015000000.0,29982000000.0,1026000000.0,1400500000.0,237000000.0,31.35704419889503,71.86719636776391,10.573212258796822,2.8701684836471757,1.252309879175551,8.51207729468599,0.0456971748470251,2.33123298069375,2019-01-24,2.29,amc,2580482490.0,2025-04-25,2018-12-31,0.1222707423580785,164.48238095238094,2343177.634920635
2018-09-30,NSC,USD,702165,2018-10-24,2018-10-24 11:14:21,2018,Q3,2947000000.0,1820000000.0,1127000000.0,0.3824228029,0,46000000.0,0.0,46000000.0,30000000.0,61000000.0,1881000000.0,0.0,142000000.0,276000000.0,1311000000.0,0.4448591788,1020000000.0,0.3461146929,-112000000.0,908000000.0,0.3081099423,206000000.0,702000000.0,0.2382083475,2.54,2.52,275500000,278200000,https://www.sec.gov/Archives/edgar/data/702165/000070216518000057/0000702165-18-000057-index.htm,https://www.sec.gov/Archives/edgar/data/702165/000070216518000057/nsc09301810-q.htm,10.696914700544465,2.5480943738656987,3.840290381125227,2.061705989110708,2.646098003629764,56.188747731397456,79.65154264972777,56.188747731397456,40.93284936479129,50815975000.0,61221975000.0,18.09685719373219,17.24328978622328,48.03022211720226,89.46474471830986,3.282685723514212,3.282685723514212,20.77433831014591,46.69868421052632,57.865760869565214,107.78516725352112,0.0138145533958563,0.011177587363029,0.7193152454780362,0.3065635152249325,7.937452326468345,0.8639901679639492,7.183098591549296,1.5071225071225072,0.0043096683670833,0.3119658119658119,0.015609093993892,0.0,-0.1779637685149496,0.4631379962192816,0.166270783847981,1.7753623188405796,0.004071937563624,56.75755649515746,0.0229368054556308,0.0164072360117795,-69.68148820326678,-332000000.0,21944000000.0,-18733000000.0,23916000000.0,1039000000.0,1358500000.0,263500000.0,31.852731591448933,68.93406593406593,13.203296703296704,2.825503355704698,1.3055954088952657,6.816479400749064,0.0453488372093023,1.778584392014519,2018-10-24,2.44,bmo,2853444444.0,2025-04-25,2018-09-30,0.0327868852459016,170.83015873015873,1705615.5238095238
2018-06-30,NSC,USD,702165,2018-07-25,2018-07-25 11:40:55,2018,Q2,2898000000.0,1773000000.0,1125000000.0,0.3881987578,0,38000000.0,0.0,38000000.0,29000000.0,61000000.0,1834000000.0,0.0,131000000.0,274000000.0,1329000000.0,0.4585921325,1026000000.0,0.3540372671,-102000000.0,924000000.0,0.3188405797,214000000.0,710000000.0,0.2449965493,2.52,2.5,281300000,283700000,https://www.sec.gov/Archives/edgar/data/702165/000070216518000040/0000702165-18-000040-index.htm,https://www.sec.gov/Archives/edgar/data/702165/000070216518000040/nsc06301810-q.htm,10.302168503377178,2.523995734091717,3.590472804834696,1.9800924280127976,1.528617134731603,58.865979381443296,81.66725915392819,58.865979381443296,34.75648773551369,42439731000.0,51655731000.0,14.943567253521127,14.644489648033126,42.01953564356436,76.19341292639139,2.5629404553415065,2.5629404553415065,17.82461387163561,38.86811963882619,51.14428811881188,92.73919389587074,0.0167296065095228,0.013124494120851,0.5825230992209675,0.2695316865988599,6.934537246049661,0.8095238095238095,7.832061068702291,1.4225352112676055,0.0047832536921593,0.2859154929577465,0.0131124913733609,0.0,-0.17922208561529,0.4485148514851485,0.1563146997929606,1.6532846715328466,0.0044858523119392,57.81862432592643,0.0232312772093535,0.0168238472110326,-63.60735869178813,-448000000.0,22973000000.0,-17325000000.0,23678000000.0,1004000000.0,1270000000.0,252500000.0,32.142857142857146,67.15736040609137,13.197969543147208,2.8,1.3401360544217686,6.819230769230769,0.0428769853252007,1.6103803768218985,2018-07-25,2.33,bmo,2700936000.0,2025-04-25,2018-06-30,0.0729613733905579,146.13484375,1776904.796875
2018-03-31,NSC,USD,702165,2018-04-25,2018-04-25 11:07:01,2018,Q1,2717000000.0,1676000000.0,1041000000.0,0.3831431726,0,47000000.0,0.0,47000000.0,8000000.0,206000000.0,1882000000.0,0.0,136000000.0,272000000.0,1115000000.0,0.4103790946,835000000.0,0.3073242547,-128000000.0,707000000.0,0.2602134707,155000000.0,552000000.0,0.2031652558,1.95,1.93,282541886,285900000,https://www.sec.gov/Archives/edgar/data/702165/000070216518000021/0000702165-18-000021-index.htm,https://www.sec.gov/Archives/edgar/data/702165/000070216518000021/nsc03311810-q.htm,9.61627331956013,1.953692628780711,2.8880673642845296,1.5325161381558838,3.7941277138639897,58.10819851326398,80.6429104108125,58.10819851326398,36.8901055611981,38363537281.08,47578537281.08,17.37479043527174,14.119814972793524,47.01413882485294,88.59939325884527,2.336675434345231,2.336675434345231,17.511423364401914,42.671333884376686,58.30703098171569,109.88114845515013,0.0143886627543136,0.0112867590083656,0.626568400535997,0.2844698855151817,8.26457399103139,1.038107202680067,6.139705882352941,1.4782608695652173,0.0053436156968012,0.3713768115942029,0.0172984909827015,0.0,-0.1760688015043415,0.4693627450980392,0.1409642988590357,1.4080882352941178,0.0058888479941111,50.54033122081341,0.0189384663375869,0.0129793787768346,-63.0694098219476,91000000.0,22785000000.0,-17265000000.0,24120000000.0,964000000.0,1254500000.0,233500000.0,32.2304011777696,65.35202863961813,13.1563245823389,2.792394655704008,1.3771569433032047,6.840816326530613,0.0336216347910829,1.3555512261286455,2018-04-25,1.77,bmo,2491756476.0,2025-04-25,2018-03-31,0.0903954802259886,143.81360655737703,1798113.0819672132
2017-12-31,NSC,USD,702165,2018-02-05,2018-02-05 11:35:19,2017,Q4,2669000000.0,1488000000.0,1181000000.0,0.4424878232,0,-2000000.0,0.0,-2000000.0,13000000.0,167000000.0,1655000000.0,0.0,134000000.0,268000000.0,1282000000.0,0.4803297115,1014000000.0,0.3799175721,-121000000.0,893000000.0,0.3345822405,-3075000000.0,3968000000.0,1.4866991383,13.91,13.79,285100000,287800000,https://www.sec.gov/Archives/edgar/data/702165/000070216518000011/0000702165-18-000011-index.htm,https://www.sec.gov/Archives/edgar/data/702165/000070216518000011/nsc1231201710-knew.htm,9.361627499123117,13.917923535601544,2.7639424763240967,1.3328656611715188,2.420203437390389,57.37986671343389,58.66362679761488,57.37986671343389,34.970185899684324,41310990000.0,50456990000.0,2.602758946572581,15.478077931809668,52.42511421319797,108.71313157894735,2.525275994865212,2.525275994865212,18.90482952416636,39.35802652106084,64.03171319796954,132.78155263157896,0.0960519222608802,0.0091985207810318,0.6012592456751635,0.2754333398672678,7.134165366614664,0.8444007858546169,7.567164179104478,0.1985887096774193,0.0042119542523672,0.0438508064516129,-0.0007493443237167,0.0,-0.010248942902747,0.5177664974619289,0.1528662420382165,1.5223880597014925,0.0022480329711502,134.04735522013507,0.1330436820063316,0.1099869723092274,-62.55612065941775,-396000000.0,16725000000.0,-17203000000.0,29568000000.0,964000000.0,1289500000.0,233500000.0,32.20307231172724,78.14516129032258,13.42741935483871,2.7947643979057597,1.151702786377709,6.702702702702703,0.2425576135460602,1.431076815152578,2018-01-24,1.56,bmo,2479485207.0,2025-04-25,2017-12-31,0.0833333333333332,134.27412698412698,1489371.5238095238
2017-09-30,NSC,USD,702165,2017-10-25,2017-10-25 11:46:31,2017,Q3,2670000000.0,1680000000.0,990000000.0,0.3707865169,0,39000000.0,0.0,39000000.0,23000000.0,40000000.0,1720000000.0,0.0,134000000.0,266000000.0,1177000000.0,0.44082397,911000000.0,0.3411985019,-111000000.0,800000000.0,0.2996254682,294000000.0,506000000.0,0.1895131086,1.76,1.75,287100000,289500000,https://www.sec.gov/Archives/edgar/data/702165/000070216517000089/0000702165-17-000089-index.htm,https://www.sec.gov/Archives/edgar/data/702165/000070216517000089/nsc09301710-q.htm,9.299895506792058,1.7624521072796937,3.096482061999303,1.5917798676419366,2.5217694183211425,44.32950191570881,76.95576454197143,44.32950191570881,34.87983281086729,37966104000.0,47122104000.0,18.75795652173913,14.219514606741573,42.70652868391451,83.07681400437637,2.9831149524632674,2.9831149524632674,17.64872808988764,40.03577230246389,53.005741282339706,103.1118249452954,0.0133276777622481,0.0120370528406075,0.7763023493360572,0.2810570932779563,7.77909940526763,0.8284293410692084,6.798507462686567,1.756916996047431,0.0046093747201451,0.3458498023715415,0.0146067415730337,0.0,-0.2664637442039086,0.4859392575928009,0.1617977528089887,1.6240601503759398,0.0026217228464419,41.9272470057957,0.0172827684463107,0.0113656783468104,-72.6219087425984,-414000000.0,22094000000.0,-20427000000.0,20382000000.0,949500000.0,1255000000.0,267000000.0,32.79775280898876,68.94642857142857,13.125,2.744090441932169,1.3053613053613051,6.857142857142857,0.0397579948141745,1.5047021943573669,2017-10-25,1.64,bmo,2502171428.0,2025-04-25,2017-09-30,0.0670731707317073,121.57253968253968,1569443.0952380951
2017-06-30,NSC,USD,702165,2017-07-26,2017-07-26 11:09:06,2017,Q2,2637000000.0,1636000000.0,1001000000.0,0.3795980281,0,35000000.0,0.0,35000000.0,32000000.0,78000000.0,1714000000.0,0.0,140000000.0,265000000.0,1137000000.0,0.4311717861,888000000.0,0.3367463026,-108000000.0,780000000.0,0.2957906712,283000000.0,497000000.0,0.1884717482,1.72,1.71,289000000,289000000,https://www.sec.gov/Archives/edgar/data/702165/000070216517000067/0000702165-17-000067-index.htm,https://www.sec.gov/Archives/edgar/data/702165/000070216517000067/nsc06301710-q.htm,9.124567474048442,1.7197231833910034,2.5259515570934257,0.986159169550173,2.221453287197232,43.813148788927336,75.85121107266436,43.813148788927336,34.64705882352941,35171300000.0,44402300000.0,17.691800804828976,13.337618505877892,48.17986301369863,123.4080701754386,2.77770494392671,2.77770494392671,16.83818733409177,39.052154793315744,60.82506849315069,155.79754385964912,0.0141308396334511,0.0081031977777335,0.7797346390775549,0.2827157665654888,8.11873350923483,0.8262910798122066,6.342857142857143,1.4688128772635816,0.005032512304066,0.3561368209255533,0.0132726583238528,0.0,-0.2651337265906878,0.6095890410958904,0.1687523701175578,1.679245283018868,0.0018960940462646,41.17397203899267,0.0170534188678195,0.0112491795115547,-71.89965397923875,-407000000.0,21921000000.0,-20324000000.0,20367000000.0,962000000.0,1217000000.0,285000000.0,31.60409556313993,67.2799511002445,15.898533007334963,2.847732181425486,1.3376941946034342,5.660899653979238,0.0392513031116727,1.5397923875432526,2017-07-26,1.65,bmo,2544473684.0,2025-04-25,2017-06-30,0.0363636363636364,117.52,1728786.0793650793
2017-03-31,NSC,USD,702165,2017-04-26,2017-04-26 13:49:36,2017,Q1,2575000000.0,1684000000.0,891000000.0,0.3460194175,0,40000000.0,0.0,40000000.0,24000000.0,78000000.0,1762000000.0,0.0,142000000.0,260000000.0,1017000000.0,0.3949514563,773000000.0,0.3001941748,-118000000.0,655000000.0,0.254368932,222000000.0,433000000.0,0.1681553398,1.49,1.48,290300000,292800000,https://www.sec.gov/Archives/edgar/data/702165/000070216517000043/0000702165-17-000043-index.htm,https://www.sec.gov/Archives/edgar/data/702165/000070216517000043/nsc03311710-q.htm,8.870134343782293,1.4915604547020325,2.914226662073717,1.4054426455390976,3.289700310024113,43.15191181536342,74.83982087495694,43.15191181536342,35.346193592835,32504891000.0,41668891000.0,18.76725808314088,12.6232586407767,38.42185697399527,79.66885049019608,2.594786541071286,2.594786541071286,16.18209359223301,40.97236086529007,49.25400827423168,102.12963480392156,0.0133210722041799,0.0125519571808439,0.807775205555999,0.2879214682031583,9.010816125860371,0.9525173966434712,5.443661971830986,1.953810623556582,0.005445334365219,0.4087759815242494,0.0155339805825242,0.0,-0.261744202589273,0.5177304964539007,0.1700970873786407,1.6846153846153846,0.0104854368932038,38.05499858353923,0.0153676803461514,0.0097645679235071,-71.56045470203237,-116000000.0,21726000000.0,-20291000000.0,20612000000.0,971500000.0,1172500000.0,269000000.0,34.88155339805825,64.7209026128266,15.017814726840854,2.580160320641282,1.3905862923203964,5.99288256227758,0.034565338868045,1.5087840165346194,2017-04-26,1.36,bmo,2366216216.0,2025-04-25,2017-03-31,0.0882352941176469,116.94,2170309.8870967743
2016-12-31,NSC,USD,702165,2017-02-06,2017-02-06 12:30:52,2016,Q4,2490000000.0,1514000000.0,976000000.0,0.3919678715,0,49000000.0,0.0,49000000.0,22000000.0,215000000.0,1729000000.0,4000000.0,142000000.0,260000000.0,1021000000.0,0.4100401606,761000000.0,0.30562249,-120000000.0,641000000.0,0.2574297189,225000000.0,416000000.0,0.1670682731,1.43,1.42,291200000,293700000,https://www.sec.gov/Archives/edgar/data/702165/000070216517000018/0000702165-17-000018-index.htm,https://www.sec.gov/Archives/edgar/data/702165/000070216517000018/nsc1231201610-k.htm,8.550824175824175,1.4285714285714286,2.4793956043956045,0.4773351648351648,3.282967032967033,42.613324175824175,43.74313186813187,42.613324175824175,35.55631868131868,31469984000.0,40725984000.0,18.91225,12.638547791164656,43.587235457063706,226.402762589928,2.536061245869933,2.536061245869933,16.35581686746988,39.88832908912831,56.40718005540166,292.992690647482,0.0132189453925365,0.0044169072345254,0.8229510838907245,0.2926745385761779,9.06562193927522,0.979478409576742,5.359154929577465,1.7355769230769231,0.0054655254988372,0.4134615384615384,0.0196787148594377,0.0,-0.0094290954946692,0.8074792243767313,0.2341365461847389,2.2423076923076923,0.0,37.0096472742686,0.0148745087833209,0.0118111354021748,-71.04996565934066,-48000000.0,12738000000.0,-20192000000.0,29374000000.0,952500000.0,1132500000.0,279000000.0,34.1566265060241,67.41083223249669,15.277410832232496,2.634920634920635,1.3350970017636683,5.891050583657588,0.0335240551212829,2.00206043956044,2017-01-25,1.36,bmo,2384788732.0,2025-04-25,2016-12-31,0.0441176470588234,101.01841269841267,1837365.6666666667
2016-09-30,NSC,USD,702165,2016-10-26,2016-10-26 11:18:57,2016,Q3,2524000000.0,1618000000.0,906000000.0,0.3589540412,0,36000000.0,0.0,36000000.0,29000000.0,50000000.0,1668000000.0,0.0,144000000.0,259000000.0,1079000000.0,0.427496038,820000000.0,0.324881141,-115000000.0,705000000.0,0.279318542,245000000.0,460000000.0,0.1822503962,1.56,1.55,292700000,294700000,https://www.sec.gov/Archives/edgar/data/702165/000070216516000307/0000702165-16-000307-index.htm,https://www.sec.gov/Archives/edgar/data/702165/000070216516000307/nsc09301610-q.htm,8.623163648787154,1.5715749914588315,3.0064912880081995,1.735565425350188,3.361803894772805,42.35052955244277,73.53262726340964,42.35052955244277,35.015374103177315,28409462000.0,37530462000.0,15.439925,11.255729793977814,32.28347954545455,55.92413779527559,2.291824943530171,2.291824943530171,14.869438193343898,34.78263392029657,42.64825227272727,73.87886220472441,0.0161917884963819,0.0178813664264391,0.8151823168764117,0.2917821667821668,8.453197405004634,1.0380824372759856,5.694444444444445,1.9130434782608696,0.0060895204562479,0.3760869565217391,0.0142630744849445,0.0,-0.2635423885423885,0.4227272727272727,0.1473851030110935,1.4362934362934363,0.0027733755942947,38.69797469109059,0.016237798512683,0.010512123220366,-69.63272975743082,85000000.0,21523000000.0,-19919000000.0,20425000000.0,972500000.0,1108000000.0,303500000.0,34.23137876386688,62.91100123609395,16.742892459826948,2.629166666666667,1.4305923961096374,5.3754152823920265,0.037108744756373,1.2709258626580116,2016-10-26,1.45,bmo,2361161290.0,2025-04-25,2016-09-30,0.0689655172413793,91.0065625,1402089.015625
2016-06-30,NSC,USD,702165,2016-07-27,2016-07-27 12:04:49,2016,Q2,2454000000.0,1573000000.0,881000000.0,0.359005705,0,32000000.0,0.0,32000000.0,4000000.0,79000000.0,1652000000.0,0.0,138000000.0,258000000.0,1028000000.0,0.4189079055,770000000.0,0.3137734311,-134000000.0,636000000.0,0.2591687042,231000000.0,405000000.0,0.1650366748,1.37,1.36,294700000,296600000,https://www.sec.gov/Archives/edgar/data/702165/000070216516000284/0000702165-16-000284-index.htm,https://www.sec.gov/Archives/edgar/data/702165/000070216516000284/nsc06301610-q.htm,8.32711231761113,1.3742789277231082,1.8764845605700715,0.0644723447573803,2.9385816084153378,41.64574143196471,72.34475738038684,41.64574143196471,34.73702069901595,25087811000.0,34320811000.0,15.486303086419753,10.223231866340669,45.36674683544303,1320.411105263158,2.044146581927809,2.044146581927809,13.98566055419723,33.386002918287936,62.062949367088606,1806.3584736842104,0.0161432976356526,0.0007573398890799,0.8228631956326896,0.2941399196132114,8.981517509727626,1.0626483151400097,5.579710144927536,1.365432098765432,0.0069356389842063,0.4296296296296296,0.0130399348003259,0.0,-0.2634997378691676,0.9656419529837252,0.2176039119804401,2.069767441860465,0.0032599837000814,35.88508687164448,0.0149595810684091,0.0093358843733431,-68.89463861554123,132000000.0,21320000000.0,-19822000000.0,20472000000.0,973000000.0,1102000000.0,310500000.0,36.12469437652812,62.078830260648445,17.507946598855693,2.4913705583756345,1.4497695852534562,5.140522875816994,0.0329992666829626,1.8120122158126908,2016-07-27,1.35,bmo,2435955882.0,2025-04-25,2016-06-30,0.0074074074074074,84.99796875,1817717.921875
2016-03-31,NSC,USD,702165,2016-04-22,2016-04-22 10:04:18,2016,Q1,2420000000.0,1503000000.0,917000000.0,0.3789256198,0,33000000.0,0.0,33000000.0,16000000.0,194000000.0,1697000000.0,0.0,139000000.0,253000000.0,976000000.0,0.4033057851,723000000.0,0.2987603306,-123000000.0,600000000.0,0.2479338843,213000000.0,387000000.0,0.1599173554,1.3,1.29,297200000,298900000,https://www.sec.gov/Archives/edgar/data/702165/000070216516000232/0000702165-16-000232-index.htm,https://www.sec.gov/Archives/edgar/data/702165/000070216516000232/nsc03311610-q.htm,8.142664872139973,1.3021534320323014,2.9576043068640647,1.6184387617765814,1.9818304172274563,41.12718707940781,71.3728129205922,41.12718707940781,32.42597577388964,24741900000.0,33650900000.0,15.983139534883724,10.223925619834713,28.14778156996587,51.43846153846154,2.0242084594616707,2.0242084594616707,13.905330578512396,34.478381147540986,38.28316268486917,69.96029106029106,0.0156414826670546,0.0194407058471661,0.7770596416591672,0.2811306792955453,9.128073770491802,1.0737302020753687,5.201438848920863,2.2713178294573644,0.0071134391457406,0.4547803617571059,0.0136363636363636,0.0,-0.26606482166642,0.4527872582480091,0.1644628099173553,1.5731225296442688,0.0111570247933884,34.71257590008153,0.0145484182941286,0.0090475522513676,-67.6135598923284,135000000.0,21212000000.0,-19596000000.0,20281000000.0,953500000.0,1052000000.0,293000000.0,35.739669421487605,67.0059880239521,18.8622754491018,2.518210197710718,1.3431635388739946,4.771428571428571,0.0316616215331751,1.339165545087483,2016-04-21,0.97,amc,1819689922.0,2025-04-25,2016-03-31,0.3298969072164949,75.56098360655739,1819107.2295081967
2015-12-31,NSC,USD,702165,2016-02-08,2016-02-08 17:11:14,2015,Q4,2518000000.0,1623000000.0,895000000.0,0.3554408261,0,49000000.0,0.0,49000000.0,24000000.0,253000000.0,1876000000.0,4000000.0,142000000.0,289000000.0,959000000.0,0.3808578237,642000000.0,0.2549642573,-118000000.0,524000000.0,0.208101668,163000000.0,361000000.0,0.1433677522,1.21,1.2,297900000,300400000,https://www.sec.gov/Archives/edgar/data/702165/000070216516000162/0000702165-16-000162-index.htm,https://www.sec.gov/Archives/edgar/data/702165/000070216516000162/nsc1231201510-k.htm,8.452500839207788,1.2118160456529037,2.3430681436723733,0.3021148036253776,3.6958710976837854,40.91305807317892,42.32628398791541,40.91305807317892,34.35716683450823,25199361000.0,34191361000.0,17.451081024930748,10.007689038919777,36.10223638968481,279.9929,2.0675550541516245,2.0675550541516245,13.578777204130262,35.653139728884256,48.98475787965616,379.9040111111111,0.0143257600857418,0.0035715191349494,0.8281096160157532,0.2946001167542323,9.376433785192908,1.1801882563872703,4.52112676056338,1.9335180055401664,0.0069843040861234,0.4875346260387811,0.0194598888006354,0.0,-0.012288382953882,0.8710601719197708,0.2414614773629865,2.1038062283737022,0.0015885623510722,33.399547236761514,0.0135138223938944,0.0104091577520832,-67.55958375293723,402000000.0,12609000000.0,-19439000000.0,28973000000.0,1024500000.0,1072500000.0,279500000.0,33.81254964257347,54.62107208872459,15.027726432532347,2.6617336152219875,1.6477157360406092,5.988929889298893,0.0296192976698391,2.0409533400469955,2016-01-27,1.23,bmo,2580950000.0,2025-04-25,2015-12-31,-0.024390243902439,85.598125,2358234.890625
2015-09-30,NSC,USD,702165,2015-10-28,2015-10-28 11:53:09,2015,Q3,2713000000.0,1766000000.0,947000000.0,0.3490600811,0,27000000.0,0.0,27000000.0,39000000.0,98000000.0,1864000000.0,0.0,137000000.0,276000000.0,1098000000.0,0.4047180243,822000000.0,0.3029856248,-98000000.0,724000000.0,0.266863251,272000000.0,452000000.0,0.1666052341,1.5,1.49,300100000,302500000,https://www.sec.gov/Archives/edgar/data/702165/000070216515000113/0000702165-15-000113-index.htm,https://www.sec.gov/Archives/edgar/data/702165/000070216515000113/nsc09301510-q.htm,9.040319893368878,1.506164611796068,2.352549150283239,-0.6164611796067977,1.4428523825391537,40.41652782405865,40.82639120293235,40.41652782405865,32.09930023325558,22927640000.0,31990640000.0,12.681216814159292,8.451028381865093,32.47541076487252,-123.9331891891892,1.8903157721164152,1.8903157721164152,11.791610762992995,29.13537340619308,45.31252124645892,-172.92237837837837,0.0197141964894773,-0.0080688636074188,0.7829169758430209,0.2832344080890029,8.254098360655737,0.8457963667089142,6.0,1.5619469026548674,0.0077199397757466,0.3915929203539823,0.0099520825654257,0.0,-0.0036686849404957,1.2620396600566572,0.328418724659049,3.2282608695652173,0.0011057869517139,37.00896835438724,0.0161581335151759,0.0134323922734026,-66.62362545818061,-365000000.0,12252000000.0,-19396000000.0,28194000000.0,1079000000.0,1152000000.0,282500000.0,36.59049023221526,59.11664779161947,14.677236693091732,2.459655485040798,1.5224137931034485,6.131944444444445,0.037266056558661,2.9690103298900365,2015-10-28,1.41,bmo,2567335570.0,2025-04-25,2015-09-30,0.1134751773049646,81.2528125,2241245.09375
2015-06-30,NSC,USD,702165,2015-07-27,2015-07-27 13:07:17,2015,Q2,2713000000.0,1781000000.0,932000000.0,0.3435311463,0,26000000.0,0.0,26000000.0,19000000.0,92000000.0,1873000000.0,0.0,134000000.0,248000000.0,1062000000.0,0.3914485809,814000000.0,0.3000368596,-115000000.0,699000000.0,0.2576483597,266000000.0,433000000.0,0.1596019167,1.43,1.41,302900000,305500000,https://www.sec.gov/Archives/edgar/data/702165/000070216515000075/0000702165-15-000075-index.htm,https://www.sec.gov/Archives/edgar/data/702165/000070216515000075/nsc06301510-q.htm,8.956751403103334,1.4295146913172665,2.865632221855398,1.2347309343017498,2.93496203367448,39.871244635193136,40.28392208649719,39.871244635193136,31.442720369759,26461344000.0,34962344000.0,15.277912240184756,9.75353630667158,30.48541935483871,70.75225668449198,2.191052744886975,2.191052744886975,12.8869679321784,32.921227871939735,40.27919815668203,93.48220320855614,0.0163634923456646,0.0141338247974101,0.777510971267699,0.2818973281296907,8.004708097928438,1.0953245574216977,6.074626865671642,2.004618937644342,0.0067645845955519,0.4133949191685912,0.0095834869148544,0.0,-0.0037526268387871,0.5691244239631337,0.1820862513822337,1.9919354838709675,0.0014743826022852,35.81091906472172,0.0159533483759075,0.0129505009720352,-64.09458567183889,210000000.0,12202000000.0,-18820000000.0,28160000000.0,1043500000.0,1119000000.0,272500000.0,34.99815702174715,57.81021897810219,13.997754070746772,2.571563981042654,1.556818181818182,6.4296028880866425,0.0358532748199056,1.6309012875536482,2015-07-27,1.42,bmo,2732241134.0,2025-04-25,2015-06-30,-0.0070422535211267,97.45015873015872,2201615.4285714286
2015-03-31,NSC,USD,702165,2015-04-29,2015-04-29 13:05:18,2015,Q1,2567000000.0,1837000000.0,730000000.0,0.2843786521,0,36000000.0,0.0,36000000.0,21000000.0,88000000.0,1925000000.0,0.0,132000000.0,246000000.0,852000000.0,0.3319049474,606000000.0,0.2360732372,-111000000.0,495000000.0,0.1928320997,185000000.0,310000000.0,0.1207635372,1.01,1.0,306800000,309600000,https://www.sec.gov/Archives/edgar/data/702165/000070216515000045/0000702165-15-000045-index.htm,https://www.sec.gov/Archives/edgar/data/702165/000070216515000045/nsc03311510-q.htm,8.367014341590613,1.0104302477183833,1.9719687092568448,0.6942633637548892,1.7079530638852674,39.62842242503259,40.013037809647976,39.62842242503259,29.53715775749674,31575856000.0,39981856000.0,25.4644,12.300684067004283,52.19149752066116,148.24345539906102,2.597125843066294,2.597125843066294,15.575323724191664,46.92706103286385,66.08571239669422,187.7082441314554,0.0098176277469722,0.0067456603551777,0.7344958052311236,0.272463768115942,9.866197183098592,1.005706134094151,4.590909090909091,1.9516129032258065,0.0057322278135547,0.5838709677419355,0.0140241527074405,0.0,-0.0036003051106025,0.6479338842975206,0.1527074405921309,1.5934959349593496,0.012076353720296,30.015654673375437,0.01217448277404,0.0094244976134739,-62.53259452411995,12000000.0,12276000000.0,-18502000000.0,27723000000.0,1043500000.0,1112500000.0,252000000.0,36.18231398519673,53.59825802939575,13.130103429504626,2.487403100775194,1.6791590493601465,6.854477611940299,0.0254976147392663,1.2777053455019556,2015-04-29,1.0,bmo,2567000000.0,2025-04-25,2015-03-31,0.0,106.9411475409836,2195023.524590164
2014-12-31,NSC,USD,702165,2015-02-11,2015-02-11 13:03:35,2014,Q4,2870000000.0,1753000000.0,1117000000.0,0.3891986063,0,4000000.0,0.0,4000000.0,28000000.0,226000000.0,1979000000.0,0.0,120000000.0,241000000.0,1132000000.0,0.3944250871,891000000.0,0.3104529617,-101000000.0,790000000.0,0.275261324,279000000.0,511000000.0,0.1780487805,1.65,1.64,309000000,312000000,https://www.sec.gov/Archives/edgar/data/702165/000070216515000023/0000702165-15-000023-index.htm,https://www.sec.gov/Archives/edgar/data/702165/000070216515000023/nsc1231201410-k.htm,9.288025889967637,1.6537216828478964,1.6375404530744335,-0.7540453074433657,3.1488673139158574,40.15533980582524,41.28478964401295,40.15533980582524,29.598705501618124,33869490000.0,41922490000.0,16.57020058708415,11.801216027874563,66.93575098814229,-145.36261802575106,2.729649419729207,2.729649419729207,14.6071393728223,37.03400176678445,82.85077075098815,-179.92484978540773,0.0150873249050989,-0.0068793477551625,0.7274339136041263,0.271532144038988,7.113957597173145,1.560674157303371,7.425,0.9902152641878668,0.0051964171884489,0.3444227005870841,0.0013937282229965,0.0,-0.0104990824584097,1.4604743083003953,0.2574912891986062,3.066390041493776,-0.0013937282229965,38.65397149941924,0.0182596831653149,0.0152128609705269,-61.329288025889966,998000000.0,12757000000.0,-18055000000.0,28343000000.0,1079000000.0,1259000000.0,242500000.0,33.08362369337979,58.06617227609812,12.116371933827724,2.720379146919431,1.5499557913351016,7.427966101694915,0.0411831076724693,2.3915857605177995,2015-01-26,1.63,bmo,2852500000.0,2025-04-25,2014-12-31,0.0061349693251533,109.60703125,2194100.015625
2014-09-30,NSC,USD,702165,2014-10-22,2014-10-22 11:52:11,2014,Q3,3023000000.0,1907000000.0,1116000000.0,0.369169699,0,35000000.0,0.0,35000000.0,32000000.0,83000000.0,1990000000.0,0.0,138000000.0,237000000.0,1235000000.0,0.4085345683,998000000.0,0.3301356269,-106000000.0,892000000.0,0.2950711214,333000000.0,559000000.0,0.1849156467,1.8,1.79,309400000,312600000,https://www.sec.gov/Archives/edgar/data/702165/000070216514000084/0000702165-14-000084-index.htm,https://www.sec.gov/Archives/edgar/data/702165/000070216514000084/nsc0930201410-q.htm,9.770523594053008,1.8067226890756305,2.937944408532644,1.0956690368455075,4.628312863606982,40.203619909502265,40.77892695539754,40.203619909502265,29.279250161603105,34529040000.0,42018040000.0,15.442325581395348,11.422110486271915,37.98574257425742,101.85557522123894,2.7758694428812603,2.7758694428812603,13.899450876612637,34.02270445344129,46.22446644664466,123.94702064896757,0.0161892714074877,0.009817822910802,0.7171798376075247,0.2686562669397097,6.063967611336032,1.446685878962536,7.231884057971015,1.6261180679785332,0.0050971587973485,0.3148479427549195,0.0115779027456169,0.0,-0.0053604770222248,0.6270627062706271,0.1885544161429044,2.4050632911392404,0.00198478332782,40.42682062879896,0.0200934347851017,0.0167445482866043,-59.41580478345184,930000000.0,12617000000.0,-17755000000.0,27982000000.0,1112500000.0,1316000000.0,250000000.0,32.83824015878267,65.45883586785527,11.751442055584688,2.740707162284678,1.3749098774333093,7.658634538152611,0.0449393038025564,1.8422753716871365,2014-10-22,1.83,bmo,3090553072.0,2025-04-25,2014-09-30,-0.0218579234972677,106.05546875,1407004.046875
2014-06-30,NSC,USD,702165,2014-07-23,2014-07-23 14:27:39,2014,Q2,3042000000.0,1899000000.0,1143000000.0,0.375739645,0,42000000.0,0.0,42000000.0,18000000.0,82000000.0,1981000000.0,0.0,139000000.0,240000000.0,1259000000.0,0.4138724523,1019000000.0,0.3349769888,-121000000.0,898000000.0,0.295200526,336000000.0,562000000.0,0.1847468771,1.81,1.79,309500000,312800000,https://www.sec.gov/Archives/edgar/data/702165/000070216514000056/0000702165-14-000056-index.htm,https://www.sec.gov/Archives/edgar/data/702165/000070216514000056/nsc20140630.htm,9.82875605815832,1.815831987075929,2.74313408723748,1.3602584814216478,5.386106623586429,39.02100161550889,39.54119547657512,39.02100161550889,30.32633279483037,31887785000.0,39467785000.0,14.184957740213523,10.48250657462196,37.559228504122494,75.74295724465559,2.6403730231017635,2.6403730231017635,12.974288297172912,31.348518665607624,46.48737926972909,93.7477078384798,0.017624303475453,0.0132025476212913,0.7656702823548894,0.2798728813559322,6.02065131056394,1.379222972972973,7.330935251798561,1.51067615658363,0.0052684750602777,0.298932384341637,0.0138067061143984,0.0,-0.0048728813559322,0.5041224970553593,0.1406969099276791,1.7833333333333334,0.0032873109796186,39.92806801332375,0.0205023648257983,0.016927200987922,-59.221324717285945,898000000.0,12238000000.0,-17697000000.0,27664000000.0,1115500000.0,1219500000.0,245500000.0,33.19526627218935,59.00473933649289,11.895734597156398,2.7112299465240643,1.5253012048192771,7.565737051792829,0.0465347354475449,1.382875605815832,2014-07-23,1.74,bmo,2957027932.0,2025-04-25,2014-06-30,0.028735632183908,98.1326984126984,1451425.0952380951
2014-03-31,NSC,USD,702165,2014-04-23,2014-04-23 17:19:13,2014,Q1,2689000000.0,1801000000.0,888000000.0,0.3302342878,0,0.0,0.0,0.0,26000000.0,221000000.0,2022000000.0,0.0,139000000.0,238000000.0,905000000.0,0.3365563406,667000000.0,0.2480476013,-113000000.0,554000000.0,0.2060245444,186000000.0,368000000.0,0.136853849,1.18,1.17,309500000,312600000,https://www.sec.gov/Archives/edgar/data/702165/000070216514000028/0000702165-14-000028-index.htm,https://www.sec.gov/Archives/edgar/data/702165/000070216514000028/nsc20140331.htm,8.688206785137318,1.1890145395799676,1.8998384491114704,0.6688206785137318,4.949919224555735,37.78029079159936,38.35864297253635,37.78029079159936,30.67205169628433,30074115000.0,37906115000.0,20.43078464673913,11.184126069170697,51.146454081632655,145.28557971014493,2.571975968528179,2.571975968528179,14.096732986240236,41.88520994475138,64.46618197278912,183.12132850241545,0.0122364365501694,0.0068829955594703,0.7999657914991876,0.2860550458715596,8.65414364640884,1.3485566566135287,4.798561151079137,1.5978260869565215,0.0055529481083649,0.453804347826087,0.0,0.0,-0.0054740061162079,0.6479591836734694,0.1416883599851245,1.600840336134454,0.0119003346969133,31.791973654797573,0.0143739090267698,0.0111925545180814,-59.84894991922456,809000000.0,11872000000.0,-17877000000.0,27398000000.0,1066500000.0,1194000000.0,231500000.0,37.1178876905913,59.66685174902832,11.993337034980566,2.424706943192065,1.5083752093802345,7.504166666666666,0.0314718207474557,1.2310177705977383,2014-04-23,1.15,bmo,2643034188.0,2025-04-25,2014-03-31,0.0173913043478261,92.75360655737704,2297094.7377049183
2013-12-31,NSC,USD,702165,2014-02-14,2014-02-14 10:35:57,2013,Q4,2881000000.0,1803000000.0,1078000000.0,0.3741756335,0,35000000.0,0.0,-35000000.0,39000000.0,197000000.0,2000000000.0,0.0,129000000.0,235000000.0,1116000000.0,0.3873654981,881000000.0,0.3057965984,-98000000.0,783000000.0,0.2717806317,270000000.0,513000000.0,0.1780631725,1.66,1.64,308700000,312300000,https://www.sec.gov/Archives/edgar/data/702165/000070216514000019/0000702165-14-000019-index.htm,https://www.sec.gov/Archives/edgar/data/702165/000070216514000019/nsc13.htm,9.332685455134436,1.661807580174927,2.183349530288306,0.5604146420472951,5.0566893424036286,36.56948493683188,37.59313249109167,36.56948493683188,31.0236475542598,28656621000.0,36661621000.0,13.965214912280702,9.946761888233253,42.517241839762605,165.64520809248555,2.538455221897422,2.538455221897422,12.725311003123917,32.85091487455197,54.39409643916914,211.9168843930636,0.0179016221068073,0.0060369992679876,0.8369208964478696,0.2908598343749038,7.172939068100359,1.334056399132321,6.829457364341085,1.3138401559454191,0.0056182478736763,0.3138401559454191,0.0121485595279416,0.0,-0.0097281655019548,0.7433234421364985,0.1738979520999652,2.131914893617022,0.0024297119055883,36.977798252467664,0.0187874522849892,0.0156407207536815,-60.74991901522514,770000000.0,11605000000.0,-18119000000.0,27099000000.0,1053500000.0,1230500000.0,223500000.0,31.988892745574457,59.60066555740433,11.13144758735441,2.8134765625,1.5100502512562817,8.085201793721973,0.0454424661174594,1.6229348882410106,2014-01-22,1.5,bmo,2635060975.0,2025-04-25,2013-12-31,0.0933333333333332,85.814375,1693245.8125
2013-09-30,NSC,USD,702165,2013-10-23,2013-10-23 10:33:27,2013,Q3,2824000000.0,1775000000.0,1049000000.0,0.3714589235,0,0.0,0.0,0.0,30000000.0,200000000.0,1975000000.0,0.0,131000000.0,231000000.0,1080000000.0,0.3824362606,849000000.0,0.3006373938,-101000000.0,748000000.0,0.2648725212,266000000.0,482000000.0,0.1706798867,1.55,1.53,310400000,313900000,https://www.sec.gov/Archives/edgar/data/702165/000070216513000136/0000702165-13-000136-index.htm,https://www.sec.gov/Archives/edgar/data/702165/000070216513000136/nsc20130930.htm,9.097938144329897,1.5528350515463918,2.893041237113402,1.0051546391752575,3.234536082474227,33.16365979381443,33.64368556701031,33.16365979381443,29.24291237113402,24009440000.0,31971440000.0,12.453029045643152,8.501926345609066,26.736570155902005,76.95333333333333,2.332372255682922,2.332372255682922,11.321331444759206,29.603185185185183,35.60293986636971,102.4725641025641,0.020075436994782,0.0129948886771203,0.8690499319992229,0.285222381635581,7.372222222222222,1.069468267581475,6.480916030534351,1.8630705394190872,0.0067056957596678,0.3340248962655601,0.0,0.0,-0.0047505180934162,0.6525612472160356,0.2075070821529745,2.536796536796537,0.0014164305949008,34.03965482670739,0.0185577641689462,0.0152947896173129,-61.67123067010309,162000000.0,10443000000.0,-18577000000.0,26426000000.0,1077500000.0,1223500000.0,226000000.0,34.51487252124646,64.24225352112676,11.35774647887324,2.607571560480148,1.4009471191791634,7.924107142857143,0.0468233922673402,1.8878865979381445,2013-10-23,1.39,bmo,2565594771.0,2025-04-25,2013-09-30,0.1007194244604317,74.91203125,1636013.359375
2013-06-30,NSC,USD,702165,2013-07-24,2013-07-24 12:46:47,2013,Q2,2802000000.0,1753000000.0,1049000000.0,0.3743754461,0,0.0,0.0,0.0,29000000.0,213000000.0,1966000000.0,0.0,128000000.0,228000000.0,1093000000.0,0.3900785153,836000000.0,0.2983583155,-99000000.0,737000000.0,0.2630264097,272000000.0,465000000.0,0.1659528908,1.47,1.46,314100000,317800000,https://www.sec.gov/Archives/edgar/data/702165/000070216513000125/0000702165-13-000125-index.htm,https://www.sec.gov/Archives/edgar/data/702165/000070216513000125/nsc20130630.htm,8.9207258834766,1.4804202483285578,2.492836676217765,0.8850684495383636,1.868831582298631,32.43553008595988,32.871696911811526,32.43553008595988,27.39573384272525,22806801000.0,30696801000.0,12.261720967741937,8.1394721627409,29.127459770114942,82.03885251798562,2.238594522968198,2.238594522968198,10.955317987152034,28.08490484903934,39.20408812260536,110.4201474820144,0.0203886551209001,0.0121893465023875,0.8320573223400078,0.2769808854762294,7.2186642268984444,1.1449035812672177,6.53125,1.6838709677419357,0.0069277580840907,0.3397849462365591,0.0,0.0,-0.0044763927462832,0.644955300127714,0.1802284082798001,2.2149122807017543,0.0021413276231263,32.869588510533795,0.018291177534666,0.0151258864094723,-60.210124164278895,263000000.0,10325000000.0,-18339000000.0,26224000000.0,1115000000.0,1184000000.0,237000000.0,34.432548179871524,60.58185966913862,11.705647461494582,2.613805970149253,1.485593220338983,7.68859649122807,0.0456419316843345,1.6077682266794016,2013-07-23,1.49,amc,2859575342.0,2025-04-25,2013-06-30,-0.0201342281879194,76.3409375,2110095.28125
2013-03-31,NSC,USD,702165,2013-04-24,2013-04-24 11:55:23,2013,Q1,2738000000.0,1829000000.0,909000000.0,0.3319941563,0,35000000.0,0.0,35000000.0,135000000.0,218000000.0,2047000000.0,0.0,129000000.0,228000000.0,1054000000.0,0.3849525201,691000000.0,0.2523739956,6000000.0,697000000.0,0.2545653762,247000000.0,450000000.0,0.1643535427,1.43,1.41,314500000,318100000,https://www.sec.gov/Archives/edgar/data/702165/000070216513000089/0000702165-13-000089-index.htm,https://www.sec.gov/Archives/edgar/data/702165/000070216513000089/nsc20130331.htm,8.705882352941176,1.4308426073131957,2.2988871224165344,1.0937996820349762,2.1844197138314785,32.14626391096979,32.67726550079491,32.14626391096979,27.389507154213035,23939740000.0,31752740000.0,13.299855555555558,8.743513513513513,33.111673582295985,69.59226744186047,2.3679268051434224,2.3679268051434224,11.597056245434624,30.12593927893738,43.91803596127247,92.30447674418603,0.0187971966278664,0.0143694125333023,0.8392680514342236,0.2772966436811661,7.412713472485769,1.220063025210084,5.3565891472868215,1.606666666666667,0.0065581330457223,0.3488888888888889,0.0127830533235938,0.0,-0.005457694695905,0.5242047026279392,0.1384222059897735,1.662280701754386,0.0135135135135135,32.17010244884802,0.0155217540665298,0.0146265357862575,-59.810810810810814,419000000.0,10277000000.0,-18166000000.0,26122000000.0,1133500000.0,982500000.0,231000000.0,38.064280496712925,58.45817386550027,12.10497539639147,2.364421416234888,1.5395622895622896,7.434959349593496,0.0445103857566765,1.205087440381558,2013-04-23,1.17,amc,2625786885.0,2025-04-25,2013-03-31,0.0427350427350427,70.77133333333333,2378255.816666667
2012-12-31,NSC,USD,702165,2013-02-15,2013-02-15 11:49:47,2012,Q4,2684000000.0,1772000000.0,912000000.0,0.3397913562,0,-2117000000.0,0.0,-2117000000.0,36000000.0,198000000.0,1970000000.0,8000000.0,129000000.0,234000000.0,993000000.0,0.3699701937,714000000.0,0.2660208644,-93000000.0,621000000.0,0.2313710879,208000000.0,413000000.0,0.1538748137,1.31,1.3,314800000,318600000,https://www.sec.gov/Archives/edgar/data/702165/000070216513000042/0000702165-13-000042-index.htm,https://www.sec.gov/Archives/edgar/data/702165/000070216513000042/nsc12.htm,8.526048284625158,1.3119440914866582,1.8710292249047016,-0.4129606099110546,2.121982210927573,31.00381194409149,31.89961880559085,31.00381194409149,27.989199491740788,19467232000.0,27496232000.0,11.784038740920098,7.253067064083457,33.051327674023774,-149.74793846153847,1.9945934426229508,1.9945934426229508,10.244497764530552,27.690062437059417,46.68290662139219,-211.50947692307693,0.0212151373138204,-0.0066778882585875,0.8895491803278689,0.2861380264979237,8.085599194360524,1.0773666506487265,5.534883720930233,1.4261501210653753,0.0080648342815249,0.3801452784503632,-0.7887481371087929,0.0,-0.0092940478544591,1.2207130730050937,0.2678837555886736,3.072649572649573,0.0014903129657228,30.25216566803643,0.0166549837447263,0.0134861546499477,-60.273983481575605,161000000.0,10042000000.0,-18340000000.0,25615000000.0,1093500000.0,1018500000.0,226000000.0,37.18703427719821,39.46388261851016,10.970654627539504,2.4201983769161406,2.2805662805662807,8.203703703703704,0.0423155737704918,2.283989834815756,2013-01-22,1.19,amc,2456892307.0,2025-04-25,2012-12-31,0.092436974789916,62.03677419354839,3157868.14516129
2012-09-30,NSC,USD,702165,2012-10-25,2012-10-25 12:22:51,2012,Q3,2693000000.0,1008000000.0,1685000000.0,0.6256962495,0,724000000.0,0.0,724000000.0,230000000.0,954000000.0,1962000000.0,0.0,124000000.0,232000000.0,996000000.0,0.3698477534,731000000.0,0.2714444857,-91000000.0,640000000.0,0.2376531749,238000000.0,402000000.0,0.1492759005,1.26,1.24,317700000,321800000,https://www.sec.gov/Archives/edgar/data/702165/000070216512000164/0000702165-12-000164-index.htm,https://www.sec.gov/Archives/edgar/data/702165/000070216512000164/nsc20120930.htm,8.476550204595531,1.2653446647780926,2.559017941454202,0.8152344979540447,2.2285174693106704,30.74283915643689,31.196096946805163,30.74283915643689,27.08215297450425,20475765000.0,28262765000.0,12.733684701492535,7.603329001113999,25.18544280442805,79.05700772200773,2.0964231596191256,2.0964231596191256,10.49489974006684,28.376270080321284,34.76354858548586,109.1226447876448,0.0196329660943071,0.0126491000458346,0.8682297532507423,0.2841823056300268,7.818273092369478,1.205592105263158,5.895161290322581,2.0223880597014925,0.0077652776343154,0.3955223880597014,0.2688451541032306,0.0,-0.0048257372654155,0.6814268142681427,0.2057185295209803,2.3879310344827585,0.0,29.584733713545408,0.016358820542967,0.0134071504802561,-58.037456720176266,375000000.0,9911000000.0,-17874000000.0,25491000000.0,1082000000.0,1193000000.0,239000000.0,36.02673598217601,112.5,21.071428571428573,2.4981447124304266,0.8,4.271186440677966,0.0411590048121224,1.7437834435001571,2012-10-23,1.23,amc,2671282258.0,2025-04-25,2012-09-30,0.008130081300813,72.41650793650793,1991947.8412698407
2012-06-30,NSC,USD,702165,2012-07-27,2012-07-27 10:10:31,2012,Q2,2874000000.0,987000000.0,1887000000.0,0.6565762004,0,724000000.0,0.0,724000000.0,229000000.0,953000000.0,1940000000.0,0.0,122000000.0,230000000.0,1195000000.0,0.4157967989,934000000.0,0.3249826026,-91000000.0,843000000.0,0.2933194154,319000000.0,524000000.0,0.1823242867,1.62,1.6,322700000,327500000,https://www.sec.gov/Archives/edgar/data/702165/000070216512000122/0000702165-12-000122-index.htm,https://www.sec.gov/Archives/edgar/data/702165/000070216512000122/nsc20120630.htm,8.90610474124574,1.6237991942981096,1.9460799504183453,0.374961264332197,1.1496746203904555,30.300588782150605,30.7127362875736,30.300588782150605,25.16578865819647,23160179000.0,30803179000.0,11.049703721374046,8.058517397355603,36.87926592356688,191.40643801652897,2.368600838617304,2.368600838617304,10.71787717466945,25.776718828451884,49.04964808917197,254.5717272727273,0.0226250410240784,0.005224484663957,0.8180609531601555,0.2740228152512761,6.39581589958159,1.0620067643742954,7.655737704918033,1.1984732824427482,0.0066061665585572,0.2919847328244275,0.2519137091162143,0.0,-0.004556198828406,0.8073248407643312,0.1764091858037578,2.2043478260869565,0.0,33.27230999122733,0.0211545201158472,0.0178693220570181,-56.10938952587543,110000000.0,9911000000.0,-17529000000.0,24945000000.0,1071000000.0,1184500000.0,235000000.0,34.00835073068894,102.67477203647417,22.066869300911858,2.646408839779005,0.8765541740674956,4.078512396694215,0.0535896911433831,1.571118686086148,2012-07-24,1.53,amc,2748262500.0,2025-04-25,2012-06-30,0.0457516339869281,68.5747619047619,2696872.634920635
2012-03-31,NSC,USD,702165,2012-04-27,2012-04-27 09:18:36,2012,Q1,2789000000.0,1034000000.0,1755000000.0,0.6292577985,0,786000000.0,0.0,786000000.0,224000000.0,1010000000.0,2044000000.0,0.0,120000000.0,226000000.0,1000000000.0,0.3585514521,745000000.0,0.2671208318,-91000000.0,654000000.0,0.2344926497,244000000.0,410000000.0,0.1470060954,1.24,1.23,328300000,332900000,https://www.sec.gov/Archives/edgar/data/702165/000070216512000073/0000702165-12-000073-index.htm,https://www.sec.gov/Archives/edgar/data/702165/000070216512000073/nsc20120331.htm,8.495278708498324,1.2488577520560462,3.1526043253122142,1.748400852878465,2.5312214438014013,29.896436186414864,30.341151385927507,29.896436186414864,24.785257386536703,21611989000.0,28799989000.0,13.178042073170731,7.74901003944066,20.881148792270533,37.65154878048781,2.201934691798268,2.201934691798268,10.326277877375404,28.799989,27.826076328502417,50.1741968641115,0.0189709517249893,0.026559332414985,0.8168110035659705,0.2729191489361702,7.188,1.2070393374741202,6.208333333333333,2.524390243902439,0.0071719451643252,0.3780487804878049,0.2818214413768375,0.0,-0.0049702127659574,0.4454106280193237,0.1652922194334887,2.0398230088495577,0.0,28.983942313472383,0.016999051125154,0.0138884184140103,-54.28876028023149,400000000.0,9961000000.0,-17228000000.0,24957000000.0,1039000000.0,871000000.0,218500000.0,34.07673001075654,108.19148936170214,19.84526112185687,2.641098484848485,0.831858407079646,4.535087719298246,0.0417727967396841,1.4042034724337495,2012-04-24,1.12,amc,2539577235.0,2025-04-25,2012-03-31,0.0982142857142855,70.86870967741935,3573225.419354839
2011-12-31,NSC,USD,702165,2012-02-15,2012-02-15 10:12:15,2011,Q4,2797000000.0,1042000000.0,1755000000.0,0.6274579907,0,734000000.0,0.0,734000000.0,221000000.0,955000000.0,1997000000.0,0.0,116000000.0,223000000.0,193000000.0,0.0690025027,800000000.0,0.2860207365,-77000000.0,723000000.0,0.2584912406,243000000.0,480000000.0,0.1716124419,1.46,1.46,328300000,328300000,https://www.sec.gov/Archives/edgar/data/702165/000070216512000043/0000702165-12-000043-index.htm,https://www.sec.gov/Archives/edgar/data/702165/000070216512000043/nsc11.htm,8.519646664636003,1.462077368260737,1.4102954614681693,-0.8041425525434054,0.9168443496801706,30.18885166006701,30.624428876028023,30.18885166006701,23.32013402375876,23919938000.0,31183938000.0,12.458301041666669,8.551997854844476,51.662933045356375,-90.60582575757576,2.41347371607305,2.41347371607305,11.149066142295316,161.57480829015543,67.35191792656587,-118.12097727272727,0.0200669416450828,-0.0110368179047955,0.7607708606598729,0.2642091246758707,37.63730569948186,1.0293944738389182,6.896551724137931,0.9645833333333332,0.0060200824935248,0.3,0.2624240257418663,0.0,-0.0050108627093699,1.570194384449244,0.2599213442974615,3.2600896860986546,0.0,31.51372443371622,0.0196805992496464,0.0167358181374429,-53.16783429789827,50000000.0,10054000000.0,-16876000000.0,24376000000.0,1025500000.0,914000000.0,210500000.0,32.88523417947801,43.09980806142035,18.05182341650672,2.7367906066536203,2.088176352705411,4.985645933014354,0.0484310362223791,2.214438014011575,2012-01-24,1.4,amc,2757605633.0,2025-04-25,2011-12-31,0.0142857142857143,71.27238095238096,2644009.380952381
2011-09-30,NSC,USD,702165,2011-10-28,2011-10-28 09:07:38,2011,Q3,2889000000.0,998000000.0,1891000000.0,0.654551748,0,736000000.0,0.0,736000000.0,217000000.0,953000000.0,1951000000.0,0.0,114000000.0,218000000.0,1216000000.0,0.4209068882,938000000.0,0.32467982,-54000000.0,884000000.0,0.3059882312,330000000.0,554000000.0,0.1917618553,1.61,1.59,343200000,349000000,https://www.sec.gov/Archives/edgar/data/702165/000070216511000164/0000702165-11-000164-index.htm,https://www.sec.gov/Archives/edgar/data/702165/000070216511000164/nsc20110930.htm,8.417832167832168,1.6142191142191142,3.1002331002331003,1.5122377622377623,1.148018648018648,29.88053613053613,30.3467365967366,29.88053613053613,20.253496503496503,20942064000.0,27537064000.0,9.450389891696751,7.248897196261682,19.68239097744361,40.35079768786128,2.042132033154559,2.042132033154559,9.531694011768778,22.645611842105264,25.8806992481203,53.0579267822736,0.0264539350085072,0.0247826575260203,0.6666991711360312,0.2414962382112959,5.423519736842105,0.9426652892561984,8.228070175438596,1.92057761732852,0.0071148669968728,0.2689530685920577,0.2547594323295258,0.0,-0.0056515135459715,0.5122180451127819,0.1886465905157494,2.5,0.0,32.943269156431505,0.0222414539901352,0.0194583962628639,-48.90515734265734,-111000000.0,10415000000.0,-16231000000.0,23707000000.0,1010000000.0,1291500000.0,206500000.0,32.05607476635514,119.8496993987976,19.11823647294589,2.807580174927114,0.7509405568096313,4.7075471698113205,0.0540224280838615,1.587995337995338,2011-10-26,1.41,amc,2561943396.0,2025-04-25,2011-09-30,0.1276595744680852,69.1709375,3327074.296875
2011-06-30,NSC,USD,702165,2011-07-29,2011-07-29 08:38:02,2011,Q2,2866000000.0,1039000000.0,1827000000.0,0.6374738311,0,739000000.0,0.0,739000000.0,213000000.0,952000000.0,1991000000.0,0.0,113000000.0,215000000.0,1124000000.0,0.3921842289,875000000.0,0.305303559,-79000000.0,796000000.0,0.2777390091,239000000.0,557000000.0,0.1943475227,1.58,1.56,351000000,357300000,https://www.sec.gov/Archives/edgar/data/702165/000070216511000133/0000702165-11-000133-index.htm,https://www.sec.gov/Archives/edgar/data/702165/000070216511000133/nsc20110630.htm,8.165242165242166,1.586894586894587,2.9857549857549857,1.660968660968661,2.581196581196582,30.27635327635328,30.74074074074074,30.27635327635328,20.225071225071225,26300430000.000004,32608430000.000004,11.804501795332136,9.176702721563156,25.09583015267176,45.11222984562608,2.4748687305918886,2.4748687305918886,11.377679692951853,29.01105871886121,31.114914122137407,55.932126929674105,0.0211783609621591,0.0221669379550068,0.6573821398325022,0.2453121707985111,5.612099644128114,1.320593268682259,7.743362831858407,1.881508078994614,0.0053611290765968,0.2531418312387791,0.2578506629448709,0.0,-0.0057237165531287,0.4437022900763359,0.1622470341939986,2.1627906976744184,0.0,32.87888494635953,0.0228633364732549,0.0194476449844628,-45.87250712250712,562000000.0,10790000000.0,-15536000000.0,24070000000.0,962500000.0,1173500000.0,195500000.0,31.12002791346825,108.62367661212704,17.41097208854668,2.8920282542885976,0.828548644338118,5.169154228855722,0.0524136633104356,1.3247863247863247,2011-07-26,1.29,amc,2679086956.0,2025-04-25,2011-06-30,0.069767441860465,70.98269841269841,2291730.0634920634
2011-03-31,NSC,USD,702165,2011-04-29,2011-04-29 09:34:04,2011,Q1,2620000000.0,1044000000.0,1576000000.0,0.6015267176,0,765000000.0,0.0,765000000.0,211000000.0,976000000.0,2020000000.0,0.0,112000000.0,213000000.0,840000000.0,0.320610687,600000000.0,0.2290076336,-85000000.0,515000000.0,0.1965648855,190000000.0,325000000.0,0.1240458015,0.91,0.9,355200000,360500000,https://www.sec.gov/Archives/edgar/data/702165/000070216511000087/0000702165-11-000087-index.htm,https://www.sec.gov/Archives/edgar/data/702165/000070216511000087/nsc20110331.htm,7.376126126126126,0.9149774774774776,1.8355855855855856,0.6447072072072072,1.3738738738738738,29.84515765765766,30.261824324324323,29.84515765765766,18.94425675675676,24604704000.0,30985704000.0,18.926695384615385,9.391108396946564,37.73727607361963,107.44412227074235,2.3209795302329965,2.3209795302329965,11.826604580152672,36.88774285714285,47.52408588957055,135.30875109170304,0.0132088563227584,0.0093071633781897,0.6241863975096689,0.238639642238892,7.5964285714285715,1.1691129546904917,5.357142857142857,2.006153846153846,0.0057712541471744,0.4369230769230769,0.2919847328244275,0.0,-0.00533756491633,0.6487730061349694,0.1614503816793893,1.9859154929577465,0.0,24.78753838205253,0.0144387117411161,0.0116587745731094,-44.6044481981982,265000000.0,10749000000.0,-15295000000.0,23568000000.0,870500000.0,1137000000.0,179500000.0,32.083969465648856,94.22413793103448,16.379310344827587,2.805139186295503,0.9551692589204026,5.494736842105263,0.030657485142911,1.1908783783783785,2011-04-27,0.9,amc,2358000000.0,2025-04-25,2011-03-31,0.111111111111111,64.7341935483871,3100344.5322580645
2010-12-31,NSC,USD,702165,2011-02-17,2011-02-16 20:44:39,2010,Q4,2392000000.0,884000000.0,1508000000.0,0.6304347826,0,659000000.0,0.0,659000000.0,207000000.0,866000000.0,1750000000.0,0.0,115000000.0,209000000.0,60000000.0,0.025083612,642000000.0,0.2683946488,-80000000.0,562000000.0,0.2349498328,160000000.0,402000000.0,0.1680602007,1.13,1.13,355200000,355200000,https://www.sec.gov/Archives/edgar/data/702165/000070216511000047/0000702165-11-000047-index.htm,https://www.sec.gov/Archives/edgar/data/702165/000070216511000047/nsc10s.htm,6.7342342342342345,1.1317567567567568,1.6497747747747749,0.0647522522522522,3.125,30.0365990990991,30.0365990990991,30.0365990990991,20.10135135135135,22313664000.0,28511664000.0,13.87665671641791,9.328454849498328,38.07792491467577,970.159304347826,2.091448495641578,2.091448495641578,11.919591973244149,475.1944,48.65471672354949,1239.6375652173913,0.018015866869735,0.0010307585522485,0.6584497141250352,0.2491223093017482,103.3,1.1868395773294909,5.582608695652174,1.4577114427860696,0.0058260265996655,0.3233830845771144,0.2755016722408027,0.0,0.0,0.9607508532423208,0.2353678929765886,2.6937799043062203,0.0,27.65624322931415,0.0175162756718257,0.0142558246746338,-44.28561373873874,389000000.0,10669000000.0,-15059000000.0,23620000000.0,857500000.0,1156000000.0,174000000.0,30.36371237458194,120.23755656108598,17.205882352941178,2.964064436183395,0.7485182049110923,5.230769230769231,0.0376792576623863,1.5850225225225223,2011-01-25,1.05,amc,2511600000.0,2025-04-25,2010-12-31,-0.0476190476190476,61.60984375,2237903.921875
2010-09-30,NSC,USD,702165,2010-10-29,2010-10-29 12:54:27,2010,Q3,2456000000.0,826000000.0,1630000000.0,0.6636807818,0,680000000.0,0.0,680000000.0,204000000.0,884000000.0,1710000000.0,0.0,113000000.0,206000000.0,1033000000.0,0.4206026059,746000000.0,0.3037459283,-32000000.0,714000000.0,0.2907166124,269000000.0,445000000.0,0.1811889251,1.21,1.19,366300000,371600000,https://www.sec.gov/Archives/edgar/data/702165/000070216510000163/0000702165-10-000163-index.htm,https://www.sec.gov/Archives/edgar/data/702165/000070216510000163/nsc20100930s.htm,6.704886704886705,1.214851214851215,2.0365820365820366,1.113841113841114,3.707343707343707,29.45399945399945,29.87168987168987,29.45399945399945,19.24105924105924,21798513000.0,27604513000.0,12.246355617977526,8.875616042345277,29.22052680965147,53.42772794117647,2.0204386875521365,2.0204386875521365,11.239622557003257,26.72266505324298,37.003368632707776,67.65812009803922,0.0204142365123712,0.0187168730270729,0.6427843173602743,0.2471313520062718,5.62052274927396,1.3468030690537085,6.601769911504425,1.6764044943820224,0.0060554589205236,0.2966292134831461,0.2768729641693811,0.0,-0.0054522129570237,0.453083109919571,0.1376221498371335,1.6407766990291262,0.0,28.374286033760583,0.0175662678551849,0.0157717526138578,-41.34452634452634,678000000.0,10942000000.0,-14640000000.0,23418000000.0,900000000.0,1097500000.0,179000000.0,33.273615635179155,123.23244552058112,19.50363196125908,2.7048458149779737,0.7303271441202476,4.614525139664805,0.0412457132264343,0.9227409227409228,2010-10-27,1.1,amc,2270252100.0,2025-04-25,2010-09-30,0.0818181818181816,56.0328125,3313858.34375
2010-06-30,NSC,USD,702165,2010-07-30,2010-07-30 11:53:02,2010,Q2,2430000000.0,823000000.0,1607000000.0,0.6613168724,0,670000000.0,0.0,670000000.0,204000000.0,874000000.0,1697000000.0,0.0,115000000.0,205000000.0,955000000.0,0.3930041152,733000000.0,0.3016460905,-98000000.0,635000000.0,0.2613168724,243000000.0,392000000.0,0.1613168724,1.06,1.04,369700000,375100000,https://www.sec.gov/Archives/edgar/data/702165/000070216510000123/0000702165-10-000123-index.htm,https://www.sec.gov/Archives/edgar/data/702165/000070216510000123/nsc20100630s.htm,6.5728969434676765,1.060319177711658,1.687855017581823,0.8412226129294023,2.867189613199892,29.10738436570192,29.507708953205302,29.10738436570192,18.40411144170949,19612585000.0,25446585000.0,12.508026147959184,8.071022633744857,31.43042467948718,63.06297427652733,1.822561564910324,1.822561564910324,10.471845679012343,26.645638743455496,40.77978365384615,81.82181672025723,0.0199871664036127,0.0158571651824581,0.6215965059009386,0.2420656461477219,6.10890052356021,1.2018585441404233,6.373913043478261,1.5918367346938775,0.0064244463440183,0.3214285714285714,0.2757201646090535,0.0,-0.0053559150291318,0.5016025641025641,0.1288065843621399,1.526829268292683,0.0,26.351852909416262,0.0173643515789276,0.014110363197869,-40.71814985123073,391000000.0,10909000000.0,-14544000000.0,23029000000.0,879500000.0,1025500000.0,179500000.0,33.03703703703704,116.35479951397328,19.574726609963548,2.7242152466367715,0.7734962406015038,4.597765363128492,0.0364278412786915,0.8466324046524208,2010-07-27,0.99,amc,2313173076.0,2025-04-25,2010-06-30,0.0505050505050505,57.52825396825397,3149166.3174603176
2010-03-31,NSC,USD,702165,2010-04-30,2010-04-30 11:19:56,2010,Q1,2238000000.0,780000000.0,1458000000.0,0.6514745308,0,699000000.0,0.0,699000000.0,204000000.0,903000000.0,1683000000.0,0.0,119000000.0,206000000.0,781000000.0,0.3489722967,555000000.0,0.2479892761,-99000000.0,456000000.0,0.2037533512,199000000.0,257000000.0,0.1148346738,0.69,0.68,369500000,374900000,https://www.sec.gov/Archives/edgar/data/702165/000070216510000075/0000702165-10-000075-index.htm,https://www.sec.gov/Archives/edgar/data/702165/000070216510000075/nsc-20100331s.htm,6.056833558863329,0.6955345060893099,2.051420838971583,1.3585926928281462,3.7510148849797034,28.58998646820027,28.982408660351823,28.58998646820027,19.339648173207035,20651355000.0,26517355000.0,20.08886673151751,9.22759383378016,27.24453166226913,41.13815737051793,1.9548802536917835,1.9548802536917835,11.848684092940124,33.95307938540333,34.98331794195251,52.82341633466135,0.0124447039915782,0.024308332310398,0.6651836425596365,0.2534078615218175,7.510883482714469,1.2065663474692203,4.663865546218488,2.9494163424124515,0.0061012945639644,0.490272373540856,0.3123324396782841,0.0,-0.0052289938694554,0.337730870712401,0.1143878462913315,1.2427184466019416,0.0,21.15229887360577,0.0119456197300583,0.009219730941704,-40.70297699594046,453000000.0,10709000000.0,-14520000000.0,23005000000.0,816500000.0,980500000.0,172000000.0,34.865951742627345,113.8846153846154,20.76923076923077,2.5813148788927336,0.790273556231003,4.333333333333333,0.0243279060961756,0.6928281461434371,2010-04-27,0.67,amc,1999280000.0,2025-04-25,2010-03-31,0.1194029850746268,51.94868852459016,2424631.229508197
2009-12-31,NSC,USD,702165,2010-02-17,2010-02-17 17:16:32,2009,Q4,2106000000.0,731000000.0,1375000000.0,0.6528964862,0,613000000.0,0.0,613000000.0,213000000.0,826000000.0,1557000000.0,0.0,119000000.0,215000000.0,-44000000.0,-0.0208926876,549000000.0,0.2606837607,-82000000.0,467000000.0,0.2217473884,160000000.0,307000000.0,0.1457739791,0.83,0.83,368000000,369500000,https://www.sec.gov/Archives/edgar/data/702165/000070216510000049/0000702165-10-000049-index.htm,https://www.sec.gov/Archives/edgar/data/702165/000070216510000049/nsc09s.htm,5.7228260869565215,0.8342391304347826,1.3179347826086956,0.2853260869565217,2.9510869565217392,28.133152173913043,28.133152173913043,28.133152173913043,19.76086956521739,19290560000.0,25447560000.0,15.708925081433224,9.159810066476734,39.77435051546392,183.71961904761903,1.863282140442384,1.863282140442384,12.083361823361823,-578.3536363636364,52.46919587628866,242.35771428571428,0.01591451984805,0.0054430768209943,0.6909108470974596,0.2613540867404728,-139.9318181818182,1.2554499720514254,4.61344537815126,1.5798045602605864,0.0065316921851931,0.4104234527687296,0.2910731244064577,0.0,0.0,0.7835051546391752,0.1804368471035137,1.7674418604651163,0.0,22.97977304356985,0.0140539634573435,0.0112170704081259,-41.50407608695652,457000000.0,10353000000.0,-14770000000.0,23100000000.0,810500000.0,977000000.0,168000000.0,32.73504273504273,119.91792065663476,20.19151846785226,2.74934725848564,0.7505133470225873,4.4573170731707314,0.0296532406065874,1.0326086956521738,2010-01-27,0.84,amc,2157365853.0,2025-04-25,2009-12-31,-0.0238095238095238,50.095,3428316.546875
2009-09-30,NSC,USD,702165,2009-10-30,2009-10-30 11:37:44,2009,Q3,2063000000.0,693000000.0,1370000000.0,0.6640814348,0,598000000.0,0.0,598000000.0,210000000.0,808000000.0,1501000000.0,0.0,118000000.0,210000000.0,811000000.0,0.3931168202,562000000.0,0.2724188076,-81000000.0,481000000.0,0.2331555986,178000000.0,303000000.0,0.1468734852,0.82,0.81,367300000,372500000,https://www.sec.gov/Archives/edgar/data/702165/000070216509000170/0000702165-09-000170-index.htm,https://www.sec.gov/Archives/edgar/data/702165/000070216509000170/nsc3q09s.htm,5.616662129049823,0.824938742172611,1.992921317723931,1.031854070242309,2.7198475360740537,27.40539068881024,27.819221344949632,27.40539068881024,19.556221072692622,15834303000.0,21900303000.0,13.064606435643563,7.675377120698013,21.63156147540984,41.7791635883905,1.5730481819988078,1.5730481819988078,10.615755210857976,27.004072749691737,29.91844672131148,57.78444063324538,0.0191356701965347,0.0239353762524311,0.7018676733558514,0.2609418282548476,7.479654747225648,1.1966773847802787,4.762711864406779,2.415841584158416,0.0078310993543574,0.4092409240924092,0.2898691226369365,0.0,-0.0056140350877192,0.4822404371584699,0.1711100339311682,1.6650943396226414,0.0,22.55381989332322,0.0138350442778126,0.0111286590516766,-41.60835829022597,367000000.0,10218000000.0,-14776000000.0,22705000000.0,827500000.0,962500000.0,180000000.0,37.30004847309743,127.27272727272728,22.337662337662337,2.4128654970760235,0.7071428571428572,4.02906976744186,0.0301013312139876,0.9610672474816226,2009-10-27,0.79,amc,2012061728.0,2025-04-25,2009-09-30,0.0253164556962025,44.30890625,3553013.65625
2009-06-30,NSC,USD,702165,2009-08-03,2009-07-31 18:55:28,2009,Q2,1857000000.0,631000000.0,1226000000.0,0.6602046311,0,551000000.0,0.0,551000000.0,207000000.0,758000000.0,1389000000.0,0.0,113000000.0,207000000.0,713000000.0,0.3839526117,468000000.0,0.2520193861,-77000000.0,391000000.0,0.2105546581,144000000.0,247000000.0,0.1330102316,0.67,0.66,366800000,371400000,https://www.sec.gov/Archives/edgar/data/702165/000070216509000120/0000702165-09-000120-index.htm,https://www.sec.gov/Archives/edgar/data/702165/000070216509000120/nsc2q10qs.htm,5.0627044711014175,0.673391494002181,0.7878953107960741,-0.0926935659760087,1.968375136314068,26.87840785169029,27.24918211559433,26.87840785169029,19.615594329334787,13817356000.0,20177356000.0,13.985178137651824,7.440687129779214,47.81092041522492,-406.39282352941177,1.4014967035196269,1.4014967035196269,10.865565966612817,28.299237026647965,69.81784083044982,-593.4516470588235,0.0178760683302941,-0.0024606733734008,0.7183284308753424,0.2659107122742462,8.920056100981768,1.1139240506329111,4.141592920353983,1.1700404858299596,0.0090465932845618,0.5060728744939271,0.2967151319332256,0.0,-0.0051064468891976,1.1176470588235294,0.1739364566505115,1.5454545454545454,0.0,20.18026393390626,0.0116905351628777,0.0092270910381411,-41.87022900763359,198000000.0,9995000000.0,-14838000000.0,22437000000.0,815500000.0,948500000.0,189500000.0,38.772213247172864,134.78605388272584,26.814580031695723,2.32125,0.6677248677248677,3.356382978723404,0.0250532508367988,0.8805888767720829,2009-07-28,0.64,amc,1800727272.0,2025-04-25,2009-06-30,0.03125,37.33809523809524,5280067.587301588
2009-03-31,NSC,USD,702165,2009-04-24,2009-04-24 14:10:05,2009,Q1,1943000000.0,714000000.0,1229000000.0,0.6325270201,0,639000000.0,0.0,639000000.0,207000000.0,846000000.0,1560000000.0,0.0,117000000.0,209000000.0,609000000.0,0.3134328358,383000000.0,0.197117859,-100000000.0,283000000.0,0.1456510551,106000000.0,177000000.0,0.0910962429,0.48,0.47,366200000,371100000,https://www.sec.gov/Archives/edgar/data/702165/000070216509000090/0000702165-09-000090-index.htm,https://www.sec.gov/Archives/edgar/data/702165/000070216509000090/nsc1q09s.htm,5.305843801201529,0.4833424358274167,0.9666848716548334,0.3031130529765156,2.4139814309120697,26.51556526488258,26.95521572910977,26.51556526488258,19.257236482796287,12359250000.0,18410250000.0,17.45656779661017,6.360910962429233,34.91313559322034,111.3445945945946,1.27283728115345,1.27283728115345,9.475167267112711,30.230295566502463,52.00635593220339,165.8581081081081,0.0143212573578493,0.0089811274956004,0.7142121524201854,0.2612446319596173,9.935960591133004,1.087215064420218,3.2735042735042734,2.0,0.0101138823148653,0.7062146892655368,0.3288728769943386,0.0,-0.0060649438710163,0.6864406779661016,0.1250643335048893,1.1626794258373203,0.0,16.981230897834134,0.0095833001124702,0.0066274759426367,-41.59817039868924,176000000.0,9871000000.0,-14642000000.0,22307000000.0,850500000.0,1046000000.0,192500000.0,38.492022645393725,120.0,24.07563025210084,2.338146811070999,0.75,3.738219895287958,0.0182286302780638,0.6635718186783178,2009-04-21,0.55,bmo,2273723404.0,2025-04-25,2009-03-31,-0.1454545454545455,35.90049180327868,5887118.229508197
2008-12-31,NSC,USD,702165,2009-02-18,2009-02-18 17:31:18,2008,Q4,2502000000.0,874000000.0,1628000000.0,0.6506794564,0,609000000.0,0.0,609000000.0,206000000.0,815000000.0,1689000000.0,20000000.0,112000000.0,209000000.0,1040000000.0,0.415667466,813000000.0,0.324940048,-94000000.0,719000000.0,0.2873701039,267000000.0,452000000.0,0.1806554756,1.23,1.23,366000000,366200000,https://www.sec.gov/Archives/edgar/data/702165/000070216509000050/0000702165-09-000050-index.htm,https://www.sec.gov/Archives/edgar/data/702165/000070216509000050/nsc10k08s.htm,6.836065573770492,1.2349726775956285,1.7486338797814207,0.5081967213114754,1.6885245901639343,26.24863387978142,26.65573770491803,26.24863387978142,18.52185792349727,17220300000.0,23269300000.0,9.52450221238938,6.8826139088729015,26.90671875,92.58225806451613,1.7924742375351306,1.7924742375351306,9.300279776179057,22.37432692307692,36.35828125,125.10376344086022,0.0262480909159538,0.0108012055539102,0.6939731445820756,0.2535270182910598,5.816346153846154,0.9496437054631828,7.258928571428571,1.415929203539823,0.0068523777169968,0.2610619469026549,0.2434052757793765,0.0,-0.0056660455565273,0.709375,0.1814548361310951,2.172248803827751,0.0,27.006809835283622,0.02071215695328,0.0170914315964607,-41.864754098360656,-106000000.0,9756000000.0,-14691000000.0,21992000000.0,973000000.0,1182500000.0,202000000.0,31.294964028776977,117.39130434782608,19.97711670480549,2.875862068965517,0.7666666666666667,4.505154639175258,0.0470490267513271,1.2404371584699454,2009-01-27,1.18,bmo,2439966942.0,2025-04-25,2008-12-31,0.0254237288135593,51.00875,4942655.65625
2008-09-30,NSC,USD,702165,2008-10-24,2008-10-24 11:48:08,2008,Q3,2894000000.0,1091000000.0,1803000000.0,0.6230131306,0,708000000.0,0.0,708000000.0,201000000.0,2000000000.0,2000000000.0,0.0,111000000.0,201000000.0,1137000000.0,0.3928818245,894000000.0,0.3089149965,-72000000.0,822000000.0,0.2840359364,302000000.0,520000000.0,0.1796821009,1.39,1.37,372500000,380500000,https://www.sec.gov/Archives/edgar/data/702165/000070216508000213/0000702165-08-000213-index.htm,https://www.sec.gov/Archives/edgar/data/702165/000070216508000213/nsc3q10qs.htm,7.769127516778523,1.395973154362416,2.7302013422818794,1.5812080536912752,1.4953020134228188,26.969127516778524,27.43087248322148,26.969127516778524,17.669798657718122,24663225000.0,30577225000.0,11.85731971153846,8.522192467173461,24.25095870206489,41.87304753820033,2.4550293649213613,2.4550293649213613,10.565730822391153,26.8928979771328,30.06610127826941,51.91379456706281,0.0210840228721101,0.0238817105224478,0.6441369699382838,0.2422053374256091,5.2014072119613015,0.9040382110290924,8.054054054054054,1.9557692307692307,0.0048655437397177,0.2307692307692307,0.2446440912232204,0.0,-0.0064378485608414,0.4208456243854473,0.1478921907394609,2.0980392156862746,0.0,29.10470761277271,0.0227109246347873,0.0193387630629625,-40.81073825503355,-221000000.0,10218000000.0,-14589000000.0,21639000000.0,1080000000.0,1169500000.0,206500000.0,33.46233586731168,101.05407882676444,17.323556370302477,2.6895910780669143,0.8906122448979592,5.195238095238095,0.0517618952817041,1.148993288590604,2008-10-21,1.21,bmo,2556014598.0,2025-04-25,2008-09-30,0.1322314049586778,67.58703125,4353001.046875
2008-06-30,NSC,USD,702165,2008-07-24,2008-07-24 16:32:46,2008,Q2,2765000000.0,1105000000.0,1660000000.0,0.6003616637,0,662000000.0,0.0,662000000.0,199000000.0,861000000.0,1966000000.0,0.0,112000000.0,202000000.0,1047000000.0,0.3786618445,799000000.0,0.2889692586,-66000000.0,733000000.0,0.2650994575,280000000.0,453000000.0,0.1638336347,1.2,1.18,375400000,383500000,https://www.sec.gov/Archives/edgar/data/702165/000070216508000164/0000702165-08-000164-index.htm,https://www.sec.gov/Archives/edgar/data/702165/000070216508000164/nsc2q10qs.htm,7.365476824720298,1.2067128396377198,1.209376664890783,0.2184336707511987,1.209376664890783,26.61694192860948,27.0671283963772,26.61694192860948,17.583910495471496,23526318000.0,29561318000.0,12.983619205298012,8.50861410488246,51.82008370044053,286.9063170731707,2.354515412329864,2.354515412329864,10.69125424954792,28.234305635148043,65.11303524229075,360.5038780487805,0.0192550317478493,0.0034854582854826,0.6494195356285029,0.2456651775573559,5.764087870105062,0.9520676691729324,7.133928571428571,1.0022075055187638,0.0046331091843611,0.2406181015452538,0.2394213381555153,0.0,-0.00639812220792,0.8193832599118943,0.1345388788426763,1.8415841584158417,0.0,26.88266403252762,0.0199333336123674,0.017040966030922,-40.099893446989874,-102000000.0,10161000000.0,-14396000000.0,21553000000.0,1104500000.0,1225500000.0,198500000.0,35.283905967450266,90.73303167420816,16.53393665158371,2.550738007380074,0.9919210053859964,5.443349753694581,0.0453362690152121,0.9909429941395844,2008-07-22,1.05,bmo,2460381355.0,2025-04-25,2008-06-30,0.1238095238095237,61.64265625,3668991.109375
2008-03-31,NSC,USD,702165,2008-04-23,2008-04-23 17:05:31,2008,Q1,2500000000.0,1019000000.0,1481000000.0,0.5924,0,705000000.0,0.0,705000000.0,198000000.0,903000000.0,1922000000.0,0.0,109000000.0,200000000.0,771000000.0,0.3084,578000000.0,0.2312,-102000000.0,476000000.0,0.1904,185000000.0,291000000.0,0.1164,0.77,0.76,375700000,375700000,https://www.sec.gov/Archives/edgar/data/702165/000070216508000117/0000702165-08-000117-index.htm,https://www.sec.gov/Archives/edgar/data/702165/000070216508000117/nsc1q08s.htm,6.654245408570668,0.7745541655576258,1.6076656907106734,0.7985094490284802,0.9688581314878892,25.946233697098748,26.55842427468725,25.946233697098748,17.57253127495342,20408024000.0,26537024000.0,17.532666666666668,8.1632096,33.78811920529801,68.02674666666667,2.093560114895363,2.093560114895363,10.6148096,34.41896757457847,43.935470198675496,88.45674666666666,0.01425909730408,0.0147001003134845,0.6660853508411982,0.2453429057245418,7.9494163424124515,0.9142343960484958,5.302752293577981,2.075601374570447,0.0053410364472327,0.3745704467353952,0.282,0.0,-0.0086907235972038,0.5033112582781457,0.1216,1.52,0.0,21.264458053026843,0.0144145036655438,0.0109009177748642,-41.02275751929732,-191000000.0,9978000000.0,-14681000000.0,21276000000.0,1033500000.0,1238000000.0,185000000.0,40.5,118.08635917566242,17.134445534838076,2.2222222222222223,0.7621540762902019,5.252577319587629,0.0298522773902338,0.8091562416821932,2008-04-22,0.78,bmo,2500000000.0,2025-04-25,2008-03-31,0.0,52.04049180327869,4450373.24590164
2007-12-31,NSC,USD,702165,2008-02-15,2008-02-15 15:43:11,2007,Q4,2454000000.0,1165000000.0,1289000000.0,0.5252648737,0,361000000.0,0.0,361000000.0,-20000000.0,341000000.0,1506000000.0,0.0,0.0,199000000.0,1147000000.0,0.467400163,686000000.0,0.2795436023,-74000000.0,612000000.0,0.2493887531,213000000.0,399000000.0,0.162591687,1.06,1.06,377922078,377922078,https://www.sec.gov/Archives/edgar/data/702165/000070216508000047/0000702165-08-000047-index.htm,https://www.sec.gov/Archives/edgar/data/702165/000070216508000047/nsc07fnls.htm,6.493402060516824,1.0557731956586034,1.3812371131172707,0.2010996563159244,0.5450859105405321,25.738109960328917,26.240859101118723,25.738109960328917,16.850034360786935,19062389614.32,25224389614.32,11.943853141804512,7.767884928410758,36.51798776689655,250.8209159778947,1.959739859599054,1.959739859599054,10.278887373398533,21.99162128537053,48.32258546804598,331.8998633463158,0.020931268748188,0.0039869083329881,0.6546725609129228,0.2435740514075887,5.372275501307759,0.8598562628336756,0.0,1.3082706766917294,0.0052983913372606,0.2531328320802005,0.1471067644661776,0.0,-0.0072674418604651,0.8544061302681992,0.1817440912795436,2.241206030150754,0.0,24.726628329963475,0.0182065987396383,0.0151515151515151,-40.792800678874336,-273000000.0,9917000000.0,-14742000000.0,21120000000.0,977500000.0,1133000000.0,174500000.0,34.54767726161369,87.99141630901288,13.596566523605151,2.605095541401274,1.0228270412642668,6.619318181818182,0.041019841677804,1.1801374568013463,2008-01-22,0.9,bmo,2165294117.0,2025-04-25,2007-12-31,0.1333333333333333,51.27234375,2830728.703125
2007-09-30,NSC,USD,702165,2007-10-25,2007-10-25 16:42:08,2007,Q3,2353000000.0,796000000.0,1557000000.0,0.6617084573,0,685000000.0,0.0,685000000.0,257000000.0,942000000.0,1738000000.0,0.0,107000000.0,197000000.0,909000000.0,0.3863153421,681000000.0,0.2894177646,-76000000.0,605000000.0,0.257118572,219000000.0,386000000.0,0.1640458989,0.99,0.97,389000000,397400000,https://www.sec.gov/Archives/edgar/data/702165/000070216507000202/0000702165-07-000202-index.htm,https://www.sec.gov/Archives/edgar/data/702165/000070216507000202/nsc3q07s.htm,6.048843187660668,0.9922879177377892,1.7326478149100255,0.910025706940874,1.0745501285347043,25.39588688946015,25.87917737789203,25.39588688946015,16.077120822622106,20298020000.0,26040020000.0,13.146386010362692,8.626442838929027,30.11575667655786,57.3390395480226,2.0546634274724163,2.0546634274724163,11.066731831704208,28.646886688668868,38.63504451038576,73.55937853107345,0.0190166331494401,0.0174401247018182,0.6222289705435773,0.2367873651771956,6.316831683168317,0.9154302670623146,6.364485981308412,1.7461139896373057,0.005025120676795,0.2642487046632124,0.2911177220569486,0.0,-0.0072419106317411,0.4747774480712166,0.1359966000849978,1.6243654822335023,0.0,23.81177678617356,0.0178647776077606,0.0147621232981489,-38.08933161953728,-171000000.0,10067000000.0,-14230000000.0,20986000000.0,1007000000.0,1142500000.0,173500000.0,38.74628134296643,127.4246231155779,19.56030150753769,2.3228035538005924,0.7062999112688554,4.601156069364162,0.0390727806458143,0.8226221079691517,2007-10-24,1.02,bmo,2353000000.0,2025-04-25,2007-09-30,0.0,52.38666666666667,4040288.507936508
2007-06-30,NSC,USD,702165,2007-07-27,2007-07-27 11:00:14,2007,Q2,2378000000.0,791000000.0,1587000000.0,0.6673675357,0,721000000.0,0.0,721000000.0,268000000.0,989000000.0,1780000000.0,0.0,111000000.0,196000000.0,907000000.0,0.3814129521,690000000.0,0.2901597981,-90000000.0,600000000.0,0.252312868,206000000.0,394000000.0,0.16568545,1.0,0.98,393700000,402040816,https://www.sec.gov/Archives/edgar/data/702165/000070216507000172/0000702165-07-000172-index.htm,https://www.sec.gov/Archives/edgar/data/702165/000070216507000172/nsc2q07s.htm,6.0401320802641605,1.000762001524003,1.3995427990855982,0.538481076962154,1.2496824993649986,25.176530353060706,25.68199136398273,25.176530353060706,15.938531877063754,20696809000.0,26461809000.0,13.132493020304569,8.703452060555088,37.5622667876588,97.6264575471698,2.088055790960452,2.088055790960452,11.12775820016821,29.175092613009923,48.02506170598911,124.81985377358492,0.0190367510276584,0.0102431249184354,0.6218724778046812,0.2377077629092591,6.356119073869901,0.9858371269600404,6.216216216216216,1.398477157360406,0.0041552299197427,0.2182741116751269,0.3031959629941127,0.0,-0.0076742123327291,0.6152450090744102,0.1425567703952901,1.729591836734694,0.0,23.80973719762724,0.0186139183304576,0.015078453884424,-37.31076962153925,-28000000.0,10111000000.0,-14070000000.0,21018000000.0,996000000.0,1121000000.0,167500000.0,37.884777123633306,131.7572692793932,19.797724399494317,2.375624375624376,0.6830742659758203,4.545977011494253,0.0397497982243744,0.8610617221234442,2007-07-25,0.94,bmo,2280938775.0,2025-04-25,2007-06-30,0.0425531914893617,54.84698412698413,3944728.365079365
2007-03-31,NSC,USD,702165,2007-04-27,2007-04-27 08:23:58,2007,Q1,2247000000.0,768000000.0,1479000000.0,0.6582109479,0,785000000.0,0.0,785000000.0,270000000.0,1055000000.0,1823000000.0,0.0,115000000.0,194000000.0,528000000.0,0.2349799733,528000000.0,0.2349799733,-108000000.0,420000000.0,0.1869158879,135000000.0,285000000.0,0.126835781,0.72,0.71,395833333,401408451,https://www.sec.gov/Archives/edgar/data/702165/000070216507000110/0000702165-07-000110-index.htm,https://www.sec.gov/Archives/edgar/data/702165/000070216507000110/nsc1q07s.htm,5.67663158372769,0.7200000006063157,1.4804210538782494,0.8842105270603878,2.1322105281113357,24.323368441535468,24.79073686298167,24.323368441535468,16.794947382564168,20029166649.8,26092166649.8,17.569444429649124,8.913736826791277,34.17946527269624,57.226190428,2.08030397276693,2.08030397276693,11.612001179261236,49.41698229128788,44.525881654948805,74.54904757085714,0.0142292490238402,0.0174745163450669,0.6785417532197756,0.2509796388782174,11.482954545454543,1.0642159143787808,4.591304347826087,2.056140350877193,0.0043935926810454,0.3087719298245614,0.3493546951490877,0.0,-0.0071071840184402,0.4027303754266211,0.105028927458834,1.2164948453608246,0.0,19.850404758712013,0.0146754204262191,0.0108716383749761,-37.223368452398624,138000000.0,9813000000.0,-14115000000.0,21081000000.0,991500000.0,1132500000.0,156000000.0,39.692923898531376,127.03125,18.8671875,2.267406659939455,0.7084870848708487,4.770186335403727,0.0296011632737847,0.5962105268178615,2007-04-25,0.7,bmo,2215352112.0,2025-04-25,2007-03-31,0.0142857142857143,49.57770491803279,4365029.065573771
2006-12-31,NSC,USD,702165,2007-02-22,2007-02-22 16:56:42,2006,Q4,2319000000.0,828000000.0,1491000000.0,0.6429495472,0,792000000.0,0.0,792000000.0,255000000.0,1047000000.0,1875000000.0,0.0,0.0,190000000.0,634000000.0,0.2733937042,614000000.0,0.2647692971,-75000000.0,539000000.0,0.2324277706,154000000.0,385000000.0,0.1660198361,0.97,0.97,395833333,395833333,https://www.sec.gov/Archives/edgar/data/702165/000070216507000067/0000702165-07-000067-index.htm,https://www.sec.gov/Archives/edgar/data/702165/000070216507000067/nsc10k06s.htm,5.858526320722969,0.9726315797664266,1.2353684220929415,0.4370526319469917,2.319157896689817,24.290526336244653,24.76042107348246,24.290526336244653,16.673684224567314,19906458316.57,25979458316.57,12.926271634136365,8.584069994208711,40.70850371486708,115.06623304375722,2.070354479102444,2.070354479102444,11.2028712016257,40.97706359080441,53.12772661875256,150.17027928653178,0.0193404569450472,0.0086906468869952,0.6864274570982839,0.2535730751498386,9.578864353312303,1.1466794075489728,0.0,1.2701298701298702,0.0035666816703853,0.1844155844155844,0.3415265200517464,0.0,-0.0071461502996772,0.6462167689161554,0.136265631737818,1.6631578947368422,0.0,23.05599688985583,0.0179551063854674,0.0146868085755703,-37.07494739964206,307000000.0,9801000000.0,-14013000000.0,21219000000.0,1009500000.0,1174500000.0,154500000.0,38.4993531694696,128.3695652173913,16.41304347826087,2.337701612903226,0.7011007620660458,5.483443708609271,0.0400416016640665,0.7983157901459501,2007-01-24,0.96,bmo,2343410526.0,2025-04-25,2006-12-31,-0.0104166666666666,49.83587301587301,3363555.698412698
2006-09-30,NSC,USD,702165,2006-10-31,2006-10-31 12:20:01,2006,Q3,2393000000.0,839000000.0,1554000000.0,0.649394066,0,754000000.0,0.0,754000000.0,245000000.0,999000000.0,1838000000.0,0.0,120000000.0,188000000.0,715000000.0,0.2987881321,715000000.0,0.2987881321,-79000000.0,636000000.0,0.2657751776,220000000.0,416000000.0,0.1738403677,1.04,1.02,400000000,407843137,https://www.sec.gov/Archives/edgar/data/702165/000070216506000246/0000702165-06-000246-index.htm,https://www.sec.gov/Archives/edgar/data/702165/000070216506000246/nsc3q06s.htm,5.9825,1.04,1.5475,0.84,2.0075,23.9475,24.365,23.9475,16.8625,17620000000.0,23975000000.0,10.588942307692308,7.363142498955286,28.46526655896607,52.44047619047619,1.8394404426349305,1.8394404426349305,10.018804847471792,33.53146853146853,38.73182552504039,71.35416666666667,0.0236095346197502,0.0190692395005675,0.6916170790270383,0.2550234814073446,8.888111888111888,1.0123343992690723,5.958333333333333,1.4879807692307692,0.004199772985244,0.1778846153846154,0.3150856665273715,0.0,-0.0064285164369851,0.4571890145395799,0.1182615963226076,1.50531914893617,0.0,23.67216720116686,0.0192672086670309,0.0159112641040351,-36.866875,27000000.0,9746000000.0,-14183000000.0,20830000000.0,1008500000.0,1141500000.0,152000000.0,38.62515670706227,125.29201430274136,16.948748510131107,2.3300876338851024,0.7183219178082192,5.310126582278481,0.0434283328113581,0.7075,2006-10-25,0.81,bmo,1900323529.0,2025-04-25,2006-09-30,0.2592592592592592,44.49285714285715,3250950.8253968256
2006-06-30,NSC,USD,702165,2006-07-28,2006-07-28 14:14:14,2006,Q2,2392000000.0,858000000.0,1534000000.0,0.6413043478,0,798000000.0,0.0,798000000.0,251000000.0,1049000000.0,1907000000.0,0.0,121000000.0,187000000.0,677000000.0,0.2830267559,677000000.0,0.2830267559,-88000000.0,589000000.0,0.2462374582,214000000.0,375000000.0,0.1567725753,0.91,0.89,412087912,421348315,https://www.sec.gov/Archives/edgar/data/702165/000070216506000192/0000702165-06-000192-index.htm,https://www.sec.gov/Archives/edgar/data/702165/000070216506000192/nsc2q06s.htm,5.804586667904979,0.9100000001941332,1.426880000304401,0.6430666668038543,3.7249333341279858,24.14776000515152,24.572426671908783,24.14776000515152,16.952693336949906,21931318676.64,28539318676.64,14.62087911776,9.168611486889631,37.29816101469388,82.75969311939622,2.20393113020199,2.20393113020199,11.931153292909698,42.15556673063515,48.53625625278912,107.695542176,0.0170988350280746,0.0120831767531727,0.6898804140287408,0.2584811175119545,9.760709010339736,1.2419974391805375,5.595041322314049,1.568,0.0030549918583493,0.1786666666666666,0.3336120401337792,0.0,-0.006589103505403,0.5493197278911565,0.1350334448160535,1.7272727272727273,0.0,22.235678226916196,0.0173061577405407,0.0140270816189122,-34.598200007380946,567000000.0,10126000000.0,-13698000000.0,21278000000.0,987500000.0,1075500000.0,144500000.0,37.24916387959866,116.95804195804196,15.314685314685311,2.416161616161616,0.7695067264573991,5.876712328767123,0.0376846548085619,0.7838133335005468,2006-07-26,0.92,bmo,2472629213.0,2025-04-25,2006-06-30,-0.0326086956521739,53.08349206349207,2313387.333333333
2006-03-31,NSC,USD,702165,2006-04-28,2006-04-28 16:04:09,2006,Q1,2303000000.0,819000000.0,1484000000.0,0.6443768997,0,859000000.0,0.0,859000000.0,244000000.0,1103000000.0,1922000000.0,0.0,120000000.0,185000000.0,551000000.0,0.2392531481,551000000.0,0.2392531481,-85000000.0,466000000.0,0.2023447677,161000000.0,305000000.0,0.1324359531,0.74,0.72,412162162,423611111,https://www.sec.gov/Archives/edgar/data/702165/000070216506000153/0000702165-06-000153-index.htm,https://www.sec.gov/Archives/edgar/data/702165/000070216506000153/nsc1q06s.htm,5.587606559575452,0.7400000002911475,1.2373770496671648,0.6162622953244311,3.74124590311131,23.556262304350003,23.961442632378272,23.556262304350003,17.02727869522385,22285608099.34,28657608099.34,18.26689188470492,9.676772948041684,43.6972707830196,87.7386145643307,2.29535565962921,2.29535565962921,12.44359882732957,52.01017803872959,56.19138843007843,112.82522873755906,0.0136859626464055,0.0113974902038918,0.7104748171799361,0.2628710796082466,11.56442831215971,1.5012748597654255,4.591666666666667,1.6721311475409837,0.0029615525726648,0.2163934426229508,0.3729917498914459,0.0,-0.0063640867344994,0.5019607843137255,0.1111593573599652,1.383783783783784,0.0,19.80433708867177,0.014643212896309,0.0115495304453196,-34.4033278823882,983000000.0,9876000000.0,-13588000000.0,21572000000.0,958000000.0,1099500000.0,137500000.0,38.49326964828485,113.84615384615384,15.714285714285714,2.338071065989848,0.7905405405405406,5.727272727272728,0.0314141518179009,0.6211147543427337,2006-04-26,0.68,bmo,2175055555.0,2025-04-25,2006-03-31,0.0588235294117645,49.16241935483871,2498866.193548387
2005-12-31,NSC,USD,702165,2006-02-23,2006-02-23 17:28:12,2005,Q4,2257000000.0,802000000.0,1455000000.0,0.6446610545,0,762000000.0,0.0,762000000.0,257000000.0,1019000000.0,1821000000.0,0.0,494000000.0,196000000.0,632000000.0,0.2800177226,594000000.0,0.263181214,-90000000.0,504000000.0,0.2233052725,142000000.0,362000000.0,0.1603898981,0.88,0.88,407193259,412162162,https://www.sec.gov/Archives/edgar/data/702165/000070216506000097/0000702165-06-000097-index.htm,https://www.sec.gov/Archives/edgar/data/702165/000070216506000097/nsc10k052.htm,5.542822603553955,0.8890127525416622,1.2352856754929726,0.1375268346473289,3.0869862705659377,22.812263697125697,22.812263697125697,22.812263697125697,18.23212893610304,18254473800.97,24895473800.97,12.606680801774862,8.08793699644218,36.291200399542745,325.9727464458928,1.96517104112068,1.96517104112068,11.030338414253432,39.39157246988923,49.49398369974155,444.56203216017855,0.0198307551314223,0.0030677411253028,0.746043707611153,0.2679710761378137,10.507911392405065,1.3794898490369598,1.2024291497975708,1.3895027624309393,0.0029033978507331,0.1464088397790055,0.3376163048294195,0.0,0.0,0.8886679920477137,0.1980505095259193,2.2806122448979598,0.0,21.36138689726112,0.0175906183368869,0.0139979119136924,-35.73426052222539,729000000.0,9289000000.0,-13922000000.0,21434000000.0,940500000.0,1147500000.0,134500000.0,37.12450155073106,130.51122194513715,14.81296758104738,2.4242749731471536,0.6895958727429062,6.075757575757576,0.0389708257078264,1.0977588408456438,2006-01-25,0.75,bmo,1945689655.0,2025-04-25,2005-12-31,0.16,42.01587301587302,2084601.5714285716
2005-09-30,NSC,USD,702165,2005-10-28,2005-10-28 11:56:40,2005,Q3,2155000000.0,772000000.0,1383000000.0,0.6417633411,0,778000000.0,0.0,778000000.0,257000000.0,1035000000.0,1807000000.0,0.0,0.0,198000000.0,528000000.0,0.2450116009,528000000.0,0.2450116009,-87000000.0,441000000.0,0.2046403712,140000000.0,301000000.0,0.139675174,0.74,0.73,406756757,412328767,https://www.sec.gov/Archives/edgar/data/702165/000070216505000208/0000702165-05-000208-index.htm,https://www.sec.gov/Archives/edgar/data/702165/000070216505000208/nsc3q05s.htm,5.298006641350029,0.7399999995574751,1.8241860454207528,1.2808637866094503,2.5813953472935176,21.91973420616096,22.34996676404321,21.91973420616096,17.106046501398378,16498054063.92,23147054063.92,13.702702710897013,7.655709542422274,22.23457421013477,31.666130640921303,1.850387400619112,1.850387400619112,10.741092373048724,43.83911754530303,31.195490652183285,44.428126802149706,0.0182445759259732,0.0315794819183789,0.7803947958725886,0.2735815672551409,12.592803030303031,1.229061553985873,0.0,2.4651162790697674,0.0032125000799886,0.1760797342192691,0.3610208816705336,0.0,-0.0068808241261353,0.297843665768194,0.1025522041763341,1.116161616161616,0.0,19.1040198469937,0.0151649954713412,0.0117541393314589,-36.10511625747867,454000000.0,9091000000.0,-14081000000.0,20760000000.0,917500000.0,1098500000.0,131000000.0,39.67517401392112,131.96891191709844,15.971502590673577,2.268421052631579,0.6819787985865724,5.635036496350365,0.0337595334230596,0.5433222588113022,2005-10-26,0.74,bmo,2184520547.0,2025-04-25,2005-09-30,-0.0135135135135135,36.01046875,1983143.78125
2005-06-30,NSC,USD,702165,2005-08-01,2005-08-01 16:06:07,2005,Q2,2154000000.0,710000000.0,1444000000.0,0.6703806871,0,735000000.0,0.0,735000000.0,259000000.0,994000000.0,1704000000.0,0.0,0.0,196000000.0,646000000.0,0.2999071495,592000000.0,0.2748375116,-117000000.0,475000000.0,0.2205199629,51000000.0,424000000.0,0.1968430826,1.05,1.04,403809524,407692308,https://www.sec.gov/Archives/edgar/data/702165/000070216505000162/0000702165-05-000162-index.htm,https://www.sec.gov/Archives/edgar/data/702165/000070216505000162/nsc2q05fs.htm,5.334198110691416,1.049999999504717,1.119339622113519,0.591863207267989,1.522995282300474,21.34917451823152,21.785023574629705,21.34917451823152,17.315094331455143,12501942863.04,19062942863.04,7.371428574905662,5.804058896490251,27.65916562619469,52.309384364184105,1.4501731658786683,1.4501731658786683,8.850019899275766,29.50919947839009,42.17465235185841,79.76126720937239,0.033914728666173,0.0191170286585267,0.8110428024591114,0.2807242943750753,10.156346749226008,1.2160493827160497,0.0,1.0660377358490567,0.0035194529747915,0.1037735849056603,0.3412256267409471,0.0,-0.0070662865861002,0.4712389380530973,0.0988857938718663,1.086734693877551,0.0,22.458277933877905,0.0225808860241364,0.0169038791213172,-37.00940446367481,350000000.0,8797000000.0,-14316000000.0,20645000000.0,887500000.0,1081500000.0,119500000.0,36.977715877437326,135.0,15.845070422535212,2.4338983050847456,0.6666666666666666,5.68,0.0491822294397401,0.52747641484553,2005-07-27,0.65,bmo,1866800000.0,2025-04-25,2005-06-30,0.1538461538461538,32.39421875,2371909.375
2005-03-31,NSC,USD,702165,2005-04-29,2005-04-29 17:30:12,2005,Q1,1961000000.0,734000000.0,1227000000.0,0.6257011729,0,795000000.0,0.0,795000000.0,255000000.0,1050000000.0,1784000000.0,0.0,0.0,197000000.0,374000000.0,0.1907190209,403000000.0,0.2055073942,-126000000.0,277000000.0,0.141254462,83000000.0,194000000.0,0.0989291178,0.48,0.47,404166667,412765957,https://www.sec.gov/Archives/edgar/data/702165/000070216505000114/0000702165-05-000114-index.htm,https://www.sec.gov/Archives/edgar/data/702165/000070216505000114/nsc1q05s.htm,4.851958758884982,0.4799999996041237,1.0094845352499096,0.6531958757499415,2.768659791531002,20.422268024394004,20.95670101364396,20.422268024394004,19.007010293602463,14974375012.349998,21792375012.35,19.296875015914942,7.636091286257011,36.70189954007353,56.72111747102272,1.8141961488187544,1.8141961488187544,11.112888838526262,58.26838238596256,53.41268385379902,82.5468750467803,0.0129554655763596,0.017630118103912,0.9307002665374364,0.3014085612272923,18.22994652406417,1.1920073495636196,0.0,2.1030927835051547,0.0029383530173186,0.2268041237113402,0.4054054054054054,0.0,-0.0084749087770235,0.3529411764705882,0.0734319224885262,0.7309644670050761,0.0,14.851279220375249,0.0118257630772456,0.007547757071159,-38.07711337065805,418000000.0,8470000000.0,-14638000000.0,20676000000.0,828500000.0,1055000000.0,109000000.0,40.846506884242736,134.63215258855584,13.978201634877385,2.203370786516854,0.668488160291439,6.43859649122807,0.0235037557547855,0.3562886594999681,2005-04-27,0.48,bmo,2002723404.0,2025-04-25,2005-03-31,-0.0208333333333333,36.05475409836066,1970663.9672131147
2004-12-31,NSC,USD,702165,2005-03-02,2005-03-02 14:29:02,2004,Q4,1949000000.0,690000000.0,1259000000.0,0.6459722935,0,713000000.0,0.0,713000000.0,295000000.0,1008000000.0,1698000000.0,0.0,0.0,192000000.0,443000000.0,0.2272960493,462000000.0,0.2370446383,-87000000.0,375000000.0,0.1924063622,111000000.0,264000000.0,0.135454079,0.65,0.65,400992063,404166667,https://www.sec.gov/Archives/edgar/data/702165/000070216505000071/0000702165-05-000071-index.htm,https://www.sec.gov/Archives/edgar/data/702165/000070216505000071/nsc04s.htm,4.860445330061308,0.6583671457856262,1.1222167257709537,0.1945175658002986,1.6683621989794846,19.925581419799823,19.925581419799823,19.925581419799823,18.765957469836504,14511902759.97,21457902759.97,13.7423321590625,7.445819784489482,32.24867279993333,186.0500353842308,1.8162581677058824,1.8162581677058824,11.00969869675218,48.43770374711061,47.68422835548889,275.10131743551284,0.0181919631330651,0.0053748981984056,0.94180225281602,0.304040404040404,15.679458239277652,0.8936846887778283,0.0,1.7045454545454546,0.0027563580504644,0.1515151515151515,0.3658286300667008,0.0,0.0,0.8266666666666667,0.1908671113391482,1.9375,0.0,17.180303657623053,0.0140126664081685,0.0106666666666666,-38.56373087364575,-234000000.0,7990000000.0,-14793000000.0,20292000000.0,786500000.0,1008000000.0,103000000.0,35.41816316059518,132.0,13.565217391304348,2.5410691003911343,0.6818181818181818,6.634615384615385,0.0330413016270337,0.9276991599706552,2005-01-26,0.63,bmo,1887126984.0,2025-04-25,2004-12-31,0.0317460317460317,33.88375,1689256.25
2004-09-30,NSC,USD,702165,2004-10-28,2004-10-28 17:10:12,2004,Q3,1857000000.0,698000000.0,1159000000.0,0.6241249327,0,711000000.0,0.0,711000000.0,199000000.0,910000000.0,1608000000.0,0.0,0.0,152000000.0,401000000.0,0.2159396877,469000000.0,0.2525578891,-81000000.0,388000000.0,0.2089391492,100000000.0,288000000.0,0.155088853,0.73,0.72,394520548,400000000,https://www.sec.gov/Archives/edgar/data/702165/000070216504000240/0000702165-04-000240-index.htm,https://www.sec.gov/Archives/edgar/data/702165/000070216504000240/nscorp3q10qs.htm,4.706979166012919,0.7299999998986111,1.4828124997940535,0.8313888887734182,1.343402777591194,19.48694444173793,19.966006941671388,19.48694444173793,19.1320833306761,11733041097.52,18806041097.52,10.184931508263888,6.318277381540118,20.056480508581195,35.771466760731705,1.5261499866701351,1.5261499866701351,10.127108830113084,46.897858098553606,32.14707879917948,57.3354911509756,0.0245460659010965,0.0279552417206932,0.981789802289282,0.3089770354906054,17.638403990024937,0.8510838831291234,0.0,2.03125,0.0033239464241068,0.1354166666666666,0.3828756058158319,0.0,-0.0077367063735723,0.4393162393162393,0.1383952611739364,1.6907894736842106,0.0,17.890585859917802,0.0152445135461642,0.011698757007068,-39.42887152230155,-316000000.0,7877000000.0,-14935000000.0,19863000000.0,794000000.0,967500000.0,101000000.0,39.06300484652666,129.45558739255014,13.15186246418338,2.303970223325062,0.6952191235059761,6.8431372549019605,0.0374609781477627,0.6514236110206356,2004-10-20,0.54,bmo,1699627118.0,2025-04-25,2004-09-30,0.0925925925925924,27.37171875,1517021.875
2004-06-30,NSC,USD,702165,2004-07-30,2004-07-30 14:13:30,2004,Q2,1813000000.0,794000000.0,1019000000.0,0.5620518478,0,742000000.0,0.0,742000000.0,785000000.0,1527000000.0,2321000000.0,0.0,0.0,133000000.0,280000000.0,0.1544401544,425000000.0,0.2344180916,-121000000.0,304000000.0,0.167677882,91000000.0,213000000.0,0.1174848318,0.55,0.54,387272727,394444444,https://www.sec.gov/Archives/edgar/data/702165/000070216504000154/0000702165-04-000154-index.htm,https://www.sec.gov/Archives/edgar/data/702165/000070216504000154/nsc10q2qs.htm,4.681455402357832,0.550000000387324,0.9502347424532168,0.3305164321576407,0.5241784041250083,18.99178405093318,19.48497653954341,18.99178405093318,17.680046960807545,10270472720.04,16914472720.04,12.054545446056336,5.664904975201323,27.90889326097826,80.2380681253125,1.3963932998014956,1.3963932998014956,9.32954921127413,60.40883114299999,45.963241087065214,132.14431812531248,0.0207390648713168,0.0124629122231387,0.930931339225017,0.3287243746699313,23.728571428571428,0.7368692070030896,0.0,1.727699530516432,0.0030183615540414,0.1455399061032863,0.4092664092664093,0.0,-0.0091699073407268,0.6521739130434783,0.132377275234418,1.8045112781954888,0.0,15.330470566678882,0.0153510467709639,0.0101332064700285,-32.62429579762274,-511000000.0,7546000000.0,-12043000000.0,11213000000.0,773500000.0,907500000.0,98500000.0,38.81963596249311,105.52896725440806,11.33501259445844,2.3184143222506397,0.8528464017185822,7.94,0.0289598912304554,0.6197183102955762,2004-07-28,0.46,bmo,1544407407.0,2025-04-25,2004-06-30,0.1739130434782609,23.936451612903223,1678288.7258064516
2004-03-31,NSC,USD,702165,2004-04-28,2004-04-28 10:36:34,2004,Q1,1693000000.0,775000000.0,918000000.0,0.542232723,0,727000000.0,0.0,727000000.0,762000000.0,1489000000.0,2264000000.0,0.0,0.0,132000000.0,194000000.0,0.1145894861,346000000.0,0.2043709392,-111000000.0,235000000.0,0.1388068517,77000000.0,158000000.0,0.0933254578,0.4,0.4,395000000,395000000,https://www.sec.gov/Archives/edgar/data/702165/000070216504000091/0000702165-04-000091-index.htm,https://www.sec.gov/Archives/edgar/data/702165/000070216504000091/nsc10qhtms.htm,4.286075949367088,0.4,0.6531645569620254,0.2177215189873417,0.2708860759493671,18.030379746835443,18.52911392405063,18.030379746835443,17.42025316455696,8725550000.0,15499550000.0,13.80625,5.153898405197873,33.81996124031008,101.45988372093024,1.225154450996911,1.225154450996911,9.15507974010632,79.89458762886598,60.07577519379845,180.22732558139532,0.0181077410593028,0.0098561122221521,0.9661611906767762,0.3341588966588966,34.91752577319588,0.7841043890865955,0.0,1.6329113924050631,0.0036673905942891,0.2025316455696202,0.4294152392203189,0.0,-0.009566822066822,0.6666666666666666,0.1015948021264028,1.303030303030303,0.0,12.73865839566785,0.0121693757707701,0.0076001731685025,-32.25506329113924,-364000000.0,7319000000.0,-12148000000.0,11258000000.0,730000000.0,916000000.0,94500000.0,40.66745422327229,102.65806451612902,11.264516129032256,2.2130718954248367,0.8766968325791855,7.989690721649485,0.0221847795563044,0.4354430379746835,2004-04-21,0.3,bmo,1269750000.0,2025-04-25,2004-03-31,0.3333333333333335,22.149516129032257,1608041.935483871
2003-12-31,NSC,USD,702165,2004-02-13,2004-02-13 13:47:55,2003,Q4,1676000000.0,536000000.0,1140000000.0,0.6801909308,0,866000000.0,0.0,866000000.0,-1580000000.0,-714000000.0,-178000000.0,0.0,0.0,133000000.0,1987000000.0,1.1855608592,224000000.0,0.1336515513,-162000000.0,62000000.0,0.0369928401,10000000.0,52000000.0,0.031026253,0.13,0.13,393495409,395000000,https://www.sec.gov/Archives/edgar/data/702165/000070216504000053/0000702165-04-000053-index.htm,https://www.sec.gov/Archives/edgar/data/702165/000070216504000053/nscf10ks.htm,4.259261891413834,0.132148936965107,0.6454967305603304,0.1778927997607209,0.7217365018863536,17.751160090409087,17.751160090409087,17.728288159011278,18.195892089810886,9306166422.85,16182166422.85,44.74118472524038,5.55260526423031,36.638450483661416,132.94523461214283,1.3340261500645068,1.3340261500645068,9.655230562559666,8.144019337116255,63.7093166253937,231.17380604071428,0.0055876928949305,0.0075218942816372,1.026376146788991,0.3476403185084482,3.4604932058379467,0.7912270960577457,0.0,4.884615384615385,0.0033311246104393,0.5961538461538461,0.5167064439140812,0.0,0.0,0.7244094488188977,0.1097852028639618,1.3834586466165413,0.0,7.260332277144744,0.0098079335808893,0.0025247620897261,-32.42668073924085,-376000000.0,6985000000.0,-12186000000.0,11403000000.0,737000000.0,943000000.0,92000000.0,37.321002386634845,159.17910447761193,15.44776119402985,2.4115107913669065,0.5654008438818565,5.826086956521739,0.0074541284403669,0.4676039307996094,2004-01-28,0.37,bmo,1442139534.0,2025-04-25,2003-12-31,0.1621621621621621,21.0153125,1431842.1875
2003-09-30,NSC,USD,702165,2003-10-31,2003-10-30 18:17:08,2003,Q3,1598000000.0,733000000.0,865000000.0,0.541301627,0,724000000.0,0.0,724000000.0,712000000.0,1436000000.0,2169000000.0,0.0,0.0,132000000.0,311000000.0,0.1946182728,311000000.0,0.1946182728,-111000000.0,200000000.0,0.1251564456,63000000.0,137000000.0,0.0857321652,0.35,0.35,391428571,391428571,https://www.sec.gov/Archives/edgar/data/702165/000070216503000313/0000702165-03-000313-index.htm,https://www.sec.gov/Archives/edgar/data/702165/000070216503000313/nsc3q.htm,4.082481756294688,0.3500000003832116,1.1087591253015612,0.7255474460498694,0.4113138690634823,17.793795639920216,18.29963505653245,17.666058413502984,18.35839418068437,7241428563.5,14269428563.5,13.21428569981752,4.5315572988110135,16.685319270737327,25.49798789964789,1.0472058660159074,1.0472058660159074,8.929554795682103,45.88240695659164,32.8788676578341,50.24446677288732,0.018918918939633,0.0392187808675605,1.0391901663051335,0.3495306191935405,22.59807073954984,0.6925566343042071,0.0,3.167883211678832,0.0042809232637125,0.2262773722627737,0.4530663329161452,0.0,-0.0096308186195826,0.3456221198156682,0.0938673341677096,1.1363636363636365,0.0,11.79492306709363,0.0111723830501363,0.0066001830707713,-32.707755510263965,-570000000.0,7163000000.0,-12310000000.0,11053000000.0,789500000.0,930500000.0,97000000.0,43.87359198998748,115.17053206002728,11.296043656207368,2.051347881899872,0.7814498933901919,7.967391304347826,0.0198120028922631,0.3832116792516916,2003-10-29,0.34,bmo,1552342857.0,2025-04-25,2003-09-30,0.0294117647058822,19.0709375,1465101.5625
2003-06-30,NSC,USD,702165,2003-07-30,2003-07-30 11:11:44,2003,Q2,1633000000.0,773000000.0,860000000.0,0.5266380894,0,731000000.0,0.0,731000000.0,753000000.0,1484000000.0,2257000000.0,0.0,0.0,132000000.0,298000000.0,0.1824862217,298000000.0,0.1824862217,-99000000.0,199000000.0,0.1218616044,62000000.0,137000000.0,0.0838946724,0.35,0.35,391428571,391428571,https://www.sec.gov/Archives/edgar/data/702165/000070216503000243/0000702165-03-000243-index.htm,https://www.sec.gov/Archives/edgar/data/702165/000070216503000243/nsc10q2qa.htm,4.17189781478675,0.3500000003832116,0.5952554751042943,0.1124087592471628,0.2810218981179072,17.522992719915685,18.039051114641296,17.395255493498453,19.06094892597914,7515428563.2,14866428563.2,13.714285699270071,4.602222022780159,32.2550582111588,170.80519461818182,1.1037492382435012,1.1037492382435012,9.103752947458666,49.88734417181208,63.80441443433477,337.8733764363636,0.0182291666866256,0.0058546228774563,1.0957556175649876,0.3632778264680105,24.66778523489933,0.6312228129531174,0.0,1.7007299270072993,0.0037256691038358,0.2043795620437956,0.447642375995101,0.0,-0.0098354270133411,0.8111587982832618,0.1157379056950398,1.431818181818182,0.0,11.70417178450858,0.0107512723453763,0.0066055930568948,-33.00218981715568,-763000000.0,7061000000.0,-12373000000.0,10858000000.0,794500000.0,913500000.0,101500000.0,44.09063074096755,107.46442432082796,11.875808538163003,2.04125,0.8374864572047671,7.578431372549019,0.0201204288441768,0.4828467158571314,2003-07-23,0.37,bmo,1726314285.0,2025-04-25,2003-06-30,-0.0540540540540541,20.67460317460317,1335031.746031746
2003-03-31,NSC,USD,702165,2003-04-30,2003-04-30 13:46:53,2003,Q1,1561000000.0,784000000.0,777000000.0,0.4977578475,0,735000000.0,0.0,735000000.0,753000000.0,1488000000.0,2272000000.0,0.0,0.0,131000000.0,231000000.0,0.1479820628,231000000.0,0.1479820628,-106000000.0,125000000.0,0.0800768738,40000000.0,209000000.0,0.133888533,0.54,0.54,387037037,387037037,https://www.sec.gov/Archives/edgar/data/702165/000070216503000161/0000702165-03-000161-index.htm,https://www.sec.gov/Archives/edgar/data/702165/000070216503000161/nsc1q10qs.htm,4.033205742012747,0.5400000000516746,0.3436363636692475,-0.1653588516904649,0.3307177033809299,17.409186604536764,17.907846891665823,17.277416269595925,19.349569379842062,7183407406.719999,14544407406.72,8.592592591770336,4.601798466828956,54.01058200541353,-112.24074072999998,1.0742346951876776,1.0742346951876776,9.317365411095452,62.96280262649351,109.35644666706766,-227.25636573,0.029094827588991,-0.0089094208884948,1.1199342006879018,0.3664970147792894,31.865800865800868,0.6130815292491939,0.0,0.6683417085427136,0.0037586619373337,0.1291866028708134,0.4708520179372197,0.0,-0.0094450425760986,1.481203007518797,0.1262011531069827,1.5038167938931295,0.0,14.488637192492554,0.0083203559510567,0.0101323508023464,-33.39667464434418,-840000000.0,6931000000.0,-12365000000.0,10739000000.0,736000000.0,906000000.0,99000000.0,45.49007046764894,103.77551020408164,11.59438775510204,1.9784537389100127,0.8672566371681416,7.762376237623762,0.0312546732465978,0.5089952153597125,2003-04-23,0.21,bmo,1490045454.0,2025-04-25,2003-03-31,0.0476190476190476,19.15606557377049,1193259.0163934426
2002-12-31,NSC,USD,702165,2003-02-24,2003-02-21 21:07:43,2002,Q4,1581000000.0,141000000.0,1440000000.0,0.9108159393,0,281000000.0,0.0,281000000.0,-1473000000.0,-1192000000.0,-1051000000.0,0.0,0.0,134000000.0,2766000000.0,1.7495256167,288000000.0,0.1821631879,-102000000.0,186000000.0,0.1176470588,57000000.0,129000000.0,0.0815939279,0.33,0.33,387037037,387037037,https://www.sec.gov/Archives/edgar/data/702165/000070216503000077/0000702165-03-000077-index.htm,https://www.sec.gov/Archives/edgar/data/702165/000070216503000077/nsc10k02.htm,4.084880383166017,0.3333014354385934,0.4676555024370962,0.0232535885189716,0.4754066986100868,16.910526317407705,16.910526317407705,16.79425837481285,19.026602872634125,7736870369.629999,14916870369.63,14.993934824864342,4.8936561477735605,42.745140163701656,859.6522632922221,1.190287749173846,1.190287749173846,9.435085622789371,5.39293939610629,82.41364845099447,1657.43004107,0.0166734084761677,0.0011632610564768,1.132923076923077,0.3690118260172379,2.595806218365871,0.7010253642741501,0.0,1.4031007751937985,0.0034897831694304,0.2093023255813953,0.1777356103731815,0.0,0.0,0.9502762430939228,0.1087919038583175,1.2835820895522387,0.0,11.222516853525514,0.01081967041243,0.006464221286831,-32.726196175380494,-554000000.0,6545000000.0,-12112000000.0,10816000000.0,684000000.0,897000000.0,94000000.0,38.88045540796964,579.5744680851063,61.91489361702127,2.314787701317716,0.1552863436123348,1.4536082474226804,0.0198461538461538,0.4444019139181245,2003-01-29,0.3,bmo,1437272727.0,2025-04-25,2002-12-31,0.1,20.43859375,1244801.5625
2002-09-30,NSC,USD,702165,2002-11-05,2002-11-05 16:47:28,2002,Q3,1598000000.0,769000000.0,829000000.0,0.5187734668,0,703000000.0,0.0,703000000.0,741000000.0,1444000000.0,2213000000.0,0.0,0.0,133000000.0,311000000.0,0.1946182728,311000000.0,0.1946182728,-122000000.0,189000000.0,0.1182728411,63000000.0,126000000.0,0.0788485607,0.32,0.32,393750000,393750000,https://www.sec.gov/Archives/edgar/data/702165/000070216502000064/0000702165-02-000064-index.htm,https://www.sec.gov/Archives/edgar/data/702165/000070216502000064/nsc10q3q.htm,4.058412698412698,0.32,0.6019047619047619,0.1726984126984127,0.3352380952380952,16.43174603174603,16.855873015873016,16.317460317460316,18.750476190476192,7949812500.000001,15200812500.0,15.7734375,4.974851376720902,33.54351265822785,116.9090073529412,1.2373249027237356,1.2373249027237356,9.512398310387985,48.87721061093247,64.13844936708861,223.54136029411765,0.0158494304110946,0.0085536608567812,1.1491050583657587,0.3729918157017278,23.315112540192928,0.623433242506812,0.0,1.880952380952381,0.0035220956469099,0.2222222222222222,0.4399249061326658,0.0,-0.0084369000707285,0.7130801687763713,0.1057571964956195,1.2706766917293233,0.0,10.839082723446404,0.0113204113204113,0.0063123090025549,-32.083174603174605,-691000000.0,6637000000.0,-12180000000.0,10474000000.0,604000000.0,865500000.0,95500000.0,38.57947434292866,103.69310793237972,10.650195058517555,2.332846715328467,0.8679458239277652,8.45054945054945,0.0196108949416342,0.4292063492063492,2002-10-23,0.32,bmo,1598000000.0,2025-04-25,2002-09-30,0.0,20.92078125,1325443.75
2002-06-30,NSC,USD,702165,2002-08-08,2002-08-08 15:39:54,2002,Q2,1593000000.0,748000000.0,845000000.0,0.5304456999,0,674000000.0,0.0,674000000.0,737000000.0,1411000000.0,2159000000.0,0.0,0.0,131000000.0,-177000000.0,-0.1111111111,322000000.0,0.2021343377,-128000000.0,194000000.0,0.1217827997,75000000.0,119000000.0,0.0747018205,0.31,0.31,383870968,383870968,https://www.sec.gov/Archives/edgar/data/702165/000070216502000044/0000702165-02-000044-index.htm,https://www.sec.gov/Archives/edgar/data/702165/000070216502000044/nsc2q02.txt,4.149831929983306,0.3099999997915966,0.8388235288478497,0.4428571425594237,0.2448739494152108,16.560252089707394,16.560252089707394,16.4430251990299,19.39193276007265,8925000006.0,16275000006.0,18.75000001260504,5.602636538606403,27.717391322981367,52.500000035294114,1.4139733849809886,1.4139733849809886,10.216572508474576,-91.9491525762712,50.54347827950311,95.73529415294118,0.0133333333243697,0.0190476190348139,1.179340937896071,0.3812743290309363,-41.52542372881356,0.6310935441370223,0.0,2.7058823529411766,0.0025770308105924,0.1932773109243697,0.4231010671688637,0.0,0.0,0.4720496894409938,0.0954174513496547,1.1603053435114503,0.0,10.709346417318423,0.0109052265855524,0.0060950624871952,-32.90363443166142,-560000000.0,6357000000.0,-12209000000.0,10745000000.0,569000000.0,836500000.0,97000000.0,29.548022598870052,101.6711229946524,12.032085561497327,3.045889101338432,0.8852071005917159,7.48,0.0188529784537389,0.3959663862884259,2002-07-24,0.31,bmo,1593000000.0,2025-04-25,2002-06-30,0.0,21.89328125,1314903.15625
2002-03-31,NSC,USD,702165,2002-04-24,2002-04-24 00:00:00,2002,Q1,1498000000.0,724000000.0,774000000.0,0.5166889186,0,706000000.0,0.0,706000000.0,703000000.0,1409000000.0,2133000000.0,0.0,0.0,131000000.0,25000000.0,0.0166889186,237000000.0,0.1582109479,-100000000.0,137000000.0,0.0914552737,51000000.0,86000000.0,0.0574098798,0.22,0.22,387200000,389700000,https://www.sec.gov/Archives/edgar/data/702165/000070216502000021/0000702165-02-000021-index.htm,https://www.sec.gov/Archives/edgar/data/702165/000070216502000021/corp1q02.txt,3.868801652892562,0.2221074380165289,0.1627066115702479,-0.3434917355371901,0.4235537190082644,16.15702479338843,16.15702479338843,16.04080578512397,19.772727272727277,9056608000.0,16548608000.0,26.327348837209303,6.045799732977303,143.75568253968254,-68.0947969924812,1.4581561745290612,1.4581561745290612,11.04713484646195,661.94432,262.6763174603175,-124.42562406015035,0.0094958289019465,-0.0146854098134754,1.2326517469006602,0.3897968535206965,299.68,0.6064790228359002,0.0,0.7325581395348837,0.0025395821481949,0.2674418604651162,0.4712950600801068,0.0,0.0,3.111111111111111,0.1308411214953271,1.4961832061068705,0.0,8.953356980749094,0.0081887782159696,0.0043785957945114,-32.83251549586777,-741000000.0,6256000000.0,-12243000000.0,10539000000.0,545000000.0,838000000.0,92000000.0,36.94926568758345,102.92817679558011,11.685082872928175,2.435772357723577,0.8743961352657005,7.702127659574468,0.0138464015456448,0.506198347107438,2002-04-24,0.23,bmo,1566090909.0,2025-04-25,2002-03-31,-0.0434782608695652,22.153,1551774.9833333334
2001-12-31,NSC,USD,702165,2002-02-21,2002-02-21 00:00:00,2001,Q4,1530000000.0,71000000.0,1459000000.0,0.9535947712,0,259000000.0,0.0,259000000.0,-1571000000.0,-1312000000.0,-1241000000.0,0.0,0.0,132000000.0,2903000000.0,1.8973856209,275000000.0,0.1797385621,-104000000.0,171000000.0,0.1117647059,56000000.0,115000000.0,0.0751633987,0.29,0.29,382212648,390909091,https://www.sec.gov/Archives/edgar/data/702165/000070216502000012/0000702165-02-000012-index.htm,https://www.sec.gov/Archives/edgar/data/702165/000070216502000012/corp10k01.txt,4.003007247421074,0.30087962970812,0.2014585346741325,-0.1962258454618173,0.5337342996561433,16.05127415877666,16.05127415877666,15.933538651499571,19.967942034194536,7005957837.839999,14433957837.84,15.230343125739129,4.579057410352941,90.9864654264935,-93.4127711712,1.1504035858522166,1.1504035858522166,9.433959371137256,4.972083306179814,187.45399789402595,-192.4527711712,0.0164146006387408,-0.0107051743296136,1.2532019704433497,0.3930373879905242,2.558732345849122,0.4388097233864207,0.0,0.6695652173913044,0.0034256557854763,0.208695652173913,0.169281045751634,0.0,0.0,1.974025974025974,0.0993464052287581,1.1515151515151516,0.0,10.3858912574498,0.0104859965111887,0.0059223400968173,-33.16936283071407,-1339000000.0,6135000000.0,-12236000000.0,9869000000.0,465500000.0,858500000.0,89500000.0,27.94117647058824,1074.9295774647887,114.08450704225352,3.221052631578947,0.0837264150943396,0.7888888888888889,0.0188834154351395,0.3976843801359498,2002-01-23,0.23,bmo,1064347826.0,2025-04-25,2001-12-31,0.3043478260869564,17.77125,854289.0625
2001-09-30,NSC,USD,702165,2001-11-09,2001-11-09 00:00:00,2001,Q3,1508000000.0,769000000.0,739000000.0,0.4900530504,0,655000000.0,0.0,655000000.0,753000000.0,1408000000.0,2177000000.0,0.0,0.0,133000000.0,-536000000.0,-0.3554376658,245000000.0,0.1624668435,-121000000.0,124000000.0,0.0822281167,45000000.0,79000000.0,0.0523872679,0.2,0.2,395000000,395000000,https://www.sec.gov/Archives/edgar/data/702165/000070216501500054/0000702165-01-500054-index.htm,https://www.sec.gov/Archives/edgar/data/702165/000070216501500054/septcorp.txt,3.8177215189873417,0.2,0.6759493670886076,0.2481012658227848,0.3392405063291139,15.3873417721519,15.3873417721519,15.273417721518989,19.4126582278481,6079050000.0,13613050000.0,19.2375,4.031200265251989,22.767977528089887,62.0311224489796,1.0076330183988067,1.0076330183988067,9.02722148541114,-25.397481343283584,50.98520599250936,138.90867346938776,0.0129954515919428,0.0161209399494986,1.2710094480358032,0.3955635800876966,-14.055970149253731,0.3747377255560218,0.0,3.3797468354430378,0.0037834859065149,0.2911392405063291,0.4343501326259947,0.0,0.0,0.6329588014981273,0.1120689655172413,1.2706766917293233,0.0,8.29037874568077,0.0088656543040678,0.004075315965953,-32.370886075949365,-1490000000.0,6078000000.0,-12414000000.0,9786000000.0,443000000.0,865000000.0,92500000.0,27.214854111405835,101.703511053316,10.416124837451235,3.307017543859649,0.8849252013808976,8.640449438202246,0.0130946461130449,0.4278481012658228,2001-10-24,0.21,bmo,1583399999.0,2025-04-25,2001-09-30,-0.0476190476190475,19.40491525423729,1234622.0338983051
2001-06-30,NSC,USD,702165,2001-08-09,2001-08-09 00:00:00,2001,Q2,1592000000.0,786000000.0,806000000.0,0.506281407,0,688000000.0,0.0,688000000.0,768000000.0,1456000000.0,2242000000.0,0.0,0.0,132000000.0,-261000000.0,-0.1639447236,282000000.0,0.1771356784,-115000000.0,167000000.0,0.1048994975,60000000.0,107000000.0,0.0672110553,0.28,0.28,382142857,382142857,https://www.sec.gov/Archives/edgar/data/702165/000070216501500043/0000702165-01-500043-index.htm,https://www.sec.gov/Archives/edgar/data/702165/000070216501500043/corp2q.txt,4.165981309968591,0.2800000001046729,0.5024299067298803,0.1596261682839723,0.1229906542515852,15.758504678788226,15.758504678788226,15.64074766939841,20.15214954024379,7929464282.75,15583464282.75,18.526785707359817,4.980819273084171,41.29929313932292,129.99121775,1.3266629216580226,1.3266629216580226,9.78860821780779,-59.706759704022986,81.16387647265626,255.4666275860656,0.0134939759086589,0.0076928273871793,1.2884390162288777,0.400280679869016,-29.325670498084293,0.3539938891313837,0.0,1.794392523364486,0.0029005742607397,0.2149532710280373,0.4321608040201005,0.0,0.0,0.6822916666666666,0.082286432160804,0.9924242424242424,0.0,9.926565889271382,0.0102794922188393,0.0055616196267997,-33.49401870410991,-1480000000.0,6022000000.0,-12406000000.0,9769000000.0,435000000.0,863500000.0,94500000.0,24.309045226130653,98.58778625954196,10.99236641221374,3.702325581395349,0.9128919860627178,8.1875,0.0179019575037644,0.3428037384459079,2001-07-25,0.28,bmo,1592000000.0,2025-04-25,2001-06-30,0.0,19.89809523809524,1393823.8095238097
2001-03-31,NSC,USD,702165,2001-05-09,2001-05-09 00:00:00,2001,Q1,1540000000.0,794000000.0,746000000.0,0.4844155844,0,698000000.0,0.0,698000000.0,779000000.0,1477000000.0,2271000000.0,0.0,0.0,130000000.0,-10000000.0,-0.0064935065,205000000.0,0.1331168831,-114000000.0,91000000.0,0.0590909091,30000000.0,74000000.0,0.0480519481,0.19,0.19,384500000,384800000,https://www.sec.gov/Archives/edgar/data/702165/000070216501500026/0000702165-01-500026-index.htm,https://www.sec.gov/Archives/edgar/data/702165/000070216501500026/corp1q.txt,4.005201560468141,0.1924577373211963,0.3068920676202861,-0.4577373211963589,0.1430429128738621,15.41742522756827,15.41742522756827,15.29778933680104,20.392717815344604,6436529999.999999,14223530000.0,21.745033783783786,4.179564935064935,54.546864406779655,-36.571193181818174,1.0942757565453929,1.0942757565453929,9.23605844155844,-1422.353,120.53838983050848,-80.81551136363636,0.0114968779761766,-0.027343925997393,1.33304998299898,0.4075363825363825,-778.7,0.4343845371312309,0.0,1.9344262295081969,0.0035733539655684,0.3108108108108108,0.4532467532467532,0.0,0.0,2.4915254237288136,0.1909090909090909,2.261538461538461,0.0,8.13904191167386,0.0078166997962219,0.0038461538461538,-33.49934980494148,-1112000000.0,5928000000.0,-12458000000.0,10156000000.0,425500000.0,895500000.0,92000000.0,25.71428571428571,98.16120906801008,10.541561712846349,3.5,0.9168591224018476,8.53763440860215,0.0125807548452907,0.764629388816645,2001-04-25,0.1,bmo,962500000.0,2025-04-25,2001-03-31,0.6,16.463548387096775,1351212.9032258063
2000-12-31,NSC,USD,702165,2001-03-05,2001-03-05 00:00:00,2000,Q4,1569000000.0,161000000.0,1408000000.0,0.8973868706,0,278000000.0,0.0,278000000.0,-1547000000.0,-1269000000.0,-1108000000.0,0.0,0.0,130000000.0,2807000000.0,1.7890376036,116000000.0,0.073932441,-122000000.0,-6000000.0,-0.0038240918,-11000000.0,5000000.0,0.0031867431,0.0128,0.0128,389473684,389473684,https://www.sec.gov/Archives/edgar/data/702165/000070216501000012/0000702165-01-000012-index.htm,https://www.sec.gov/Archives/edgar/data/702165/000070216501000012/0000702165-01-000012-0001.txt,4.028513515691088,0.0128378378447772,0.3055405407056976,-0.2670270271713659,0.0051351351379108,15.081891900044264,15.081891900044264,14.953513521596491,19.605945956543756,5183894734.04,12819894734.04,259.194736702,3.3039482052517526,43.56214062218488,-49.84514167346154,0.8900918155975276,0.8900918155975276,8.17074234164436,4.567116043477022,107.73020784907564,-123.26821859653847,0.0009645257584355,-0.0200621357754595,1.3111263736263736,0.4024030354131535,2.7203420021375133,0.4499205087440381,0.0,23.8,0.0146607915282204,15.2,0.177182919056724,0.0,0.0,1.8739495798319328,0.1421287444231994,1.7153846153846153,0.0,2.078302814918614,-0.0055600291422217,0.0002634907251264,-32.7268581257983,-1038000000.0,5874000000.0,-12253000000.0,10067000000.0,440000000.0,943500000.0,103500000.0,23.575525812619503,517.0807453416148,50.869565217391305,3.8175182481751824,0.174054054054054,1.7692307692307692,0.0008585164835164,0.5725675678770635,2001-01-24,0.07,bmo,1109507142.0,2025-04-25,2000-12-31,0.5714285714285713,13.867301587301586,1117663.492063492
2000-09-30,NSC,USD,702165,2000-11-13,2000-11-13 00:00:00,2000,Q3,1517000000.0,799000000.0,718000000.0,0.4733025709,0,692000000.0,0.0,692000000.0,766000000.0,1458000000.0,2257000000.0,0.0,0.0,129000000.0,-102000000.0,-0.0672379697,211000000.0,0.1390903098,-55000000.0,156000000.0,0.1028345419,57000000.0,99000000.0,0.0652603823,0.26,0.26,380769231,380769231,https://www.sec.gov/Archives/edgar/data/702165/000070216500000060/0000702165-00-000060-index.htm,https://www.sec.gov/Archives/edgar/data/702165/000070216500000060/0000702165-00-000060-0001.txt,3.984040401625834,0.2599999998424242,0.8850505045141108,0.4727272724407713,0.3991919189499847,15.59212120267144,15.59212120267144,15.463434334062566,20.08565655348344,5570653849.530001,13067653849.53,14.067307700833336,3.672151515840475,16.530130117299702,30.94807694183334,0.9461028956402854,0.9461028956402854,8.61414228709954,-128.11425342676472,38.77642091848665,72.59807694183334,0.0177717019714575,0.0323121854026501,1.298913043478261,0.4006495887684006,-73.5,0.5042735042735043,0.0,3.404040404040404,0.0138224348666892,0.7777777777777778,0.4561634805537244,0.0,0.0,0.4658753709198813,0.1034937376400791,1.2170542635658914,0.0,9.511103553186722,0.0076973928577745,0.0051862329090051,-33.065303010263456,-986000000.0,5937000000.0,-12149000000.0,10027000000.0,447500000.0,924500000.0,126000000.0,27.824653922214896,108.360450563204,13.066332916145182,3.23454157782516,0.8305613305613305,6.887931034482759,0.0168138586956521,0.4123232320733394,2000-10-25,0.34,bmo,3727857142.0,2025-04-25,2000-09-30,-0.5882352941176471,16.737142857142857,866139.6825396825
2000-06-30,NSC,USD,702165,2000-08-10,2000-08-10 00:00:00,2000,Q2,1578000000.0,779000000.0,799000000.0,0.5063371356,0,708000000.0,0.0,708000000.0,750000000.0,1458000000.0,2237000000.0,0.0,0.0,129000000.0,27000000.0,0.0171102662,278000000.0,0.1761723701,-94000000.0,184000000.0,0.1166032953,68000000.0,116000000.0,0.0735107731,0.3,0.3,383200000,383600000,https://www.sec.gov/Archives/edgar/data/702165/000009227500000024/0000092275-00-000024-index.htm,https://www.sec.gov/Archives/edgar/data/702165/000009227500000024/0000092275-00-000024-0001.txt,4.117954070981211,0.302713987473904,1.5501043841336115,1.07776617954071,0.1304801670146138,15.420146137787055,15.420146137787055,15.292275574112734,20.09133611691023,5702016000.0,13356016000.0,12.288827586206896,3.613444866920152,9.599353535353536,13.806334140435837,0.9730402730375428,0.9730402730375428,8.46388846641318,494.66725925925925,22.484875420875422,32.33902179176756,0.0203436819538913,0.072430522818596,1.3138225255972695,0.4078076169288627,283.48148148148147,0.5813060179257362,0.0,5.120689655172414,0.0133286192111702,0.6551724137931034,0.4486692015209125,0.0,0.0,0.3047138047138047,0.114702154626109,1.4031007751937985,0.0,10.205717937669188,0.0100608995157989,0.0061443932411674,-32.70485386221294,-654000000.0,5909000000.0,-12062000000.0,10357000000.0,640500000.0,881500000.0,128000000.0,24.296577946768064,102.4775353016688,15.712451861360718,3.704225352112676,0.8782412626832018,5.727941176470588,0.0197952218430034,0.4723382045929019,2000-07-26,0.24,bmo,1469538461.0,2025-04-25,2000-06-30,0.0833333333333334,17.335079365079363,876744.4444444445
2000-03-31,NSC,USD,702165,2000-05-10,2000-05-10 00:00:00,2000,Q1,1495000000.0,683000000.0,812000000.0,0.5431438127,0,719000000.0,0.0,719000000.0,780000000.0,1499000000.0,2182000000.0,0.0,0.0,129000000.0,-558000000.0,-0.3732441472,28000000.0,0.018729097,-112000000.0,-84000000.0,-0.056187291,-36000000.0,-48000000.0,-0.0321070234,-0.12,-0.12,400000000,400000000,https://www.sec.gov/Archives/edgar/data/702165/000070216500000046/0000702165-00-000046-index.html,https://www.sec.gov/Archives/edgar/data/702165/000070216500000046/,3.7375,-0.12,0.73,0.305,0.18,14.6625,14.6625,14.54,19.99,5700000000.0,13636000000.0,-29.6875,3.812709030100335,19.52054794520548,46.72131147540984,0.9800550206327372,0.9800550206327372,9.121070234113713,-24.43727598566308,46.6986301369863,111.77049180327867,-0.0084210526315789,0.0214035087719298,1.374828060522696,0.4162198740305033,-14.22222222222222,0.6443594646271511,0.0,-6.083333333333333,0.0135087719298245,-1.6041666666666667,0.4809364548494983,0.0,0.0,0.5821917808219178,0.1137123745819397,1.317829457364341,0.0,,0.0009079559641357,-0.0024985685284472,-31.431875,-744000000.0,5865000000.0,-11998000000.0,10234000000.0,856000000.0,847000000.0,110000000.0,51.47157190635451,115.43191800878478,15.812591508052709,1.7485380116959064,0.7796803652968036,5.691666666666666,-0.0082530949105914,0.425,2000-04-26,0.05,bmo,1885000000.0,2025-04-25,2000-03-31,-0.2,16.189047619047617,1294736.507936508
1999-12-31,NSC,USD,702165,2000-03-06,2000-03-06 00:00:00,1999,Q4,1471000000.0,314000000.0,1157000000.0,0.7865397689,0,384000000.0,0.0,384000000.0,191000000.0,575000000.0,889000000.0,0.0,0.0,852000000.0,1434000000.0,0.9748470428,582000000.0,0.3956492182,-540000000.0,42000000.0,0.0285520054,11000000.0,31000000.0,0.0210740993,0.0775,0.0775,382914863,400000000,https://www.sec.gov/Archives/edgar/data/702165/000070216500000037/0000702165-00-000037-index.html,https://www.sec.gov/Archives/edgar/data/702165/000070216500000037/,3.841585015727112,0.0809579439072335,-0.0861810370625388,-0.6084903525930776,0.1331888754602873,15.622271627518412,15.622271627518412,15.491694298635778,21.046453869303058,7849754691.5,15871754691.5,63.30447331854838,5.336339015295717,-237.8713542878788,-33.68993429828326,1.3232897322151045,1.3232897322151045,10.789772054044867,11.068169240934449,-480.9622633787879,-68.11911884763948,0.0039491679954748,-0.0296824562240525,1.3585637221847606,0.4186493506493506,5.594142259414226,0.7125779625779626,0.0,-1.064516129032258,0.0096818312147124,2.4516129032258065,0.2610469068660775,0.0,0.0,-6.0606060606060606,0.1359619306594153,0.2347417840375587,0.0,5.312151509161019,0.0240939721000296,0.0016103896103896,-32.70766222516675,-553000000.0,5982000000.0,-11897000000.0,10403000000.0,881500000.0,857000000.0,88500000.0,52.433718558803534,234.45859872611464,28.662420382165603,1.7164527421236873,0.3838630806845965,3.14,0.0052258934592043,0.5223093155305387,2000-01-26,0.12,bmo,1961333333.0,2025-04-25,1999-12-31,-0.3333333333333333,22.39578125,957751.5625
1999-09-30,NSC,USD,702165,1999-11-12,1999-11-12 00:00:00,1999,Q3,1500000000.0,797000000.0,703000000.0,0.4686666667,0,787000000.0,0.0,787000000.0,175000000.0,962000000.0,1759000000.0,0.0,0.0,-124000000.0,-159000000.0,-0.106,-259000000.0,-0.1726666667,295000000.0,36000000.0,0.024,17000000.0,19000000.0,0.0126666667,0.05,0.05,380000000,380000000,https://www.sec.gov/Archives/edgar/data/702165/000070216599000042/0000702165-99-000042-index.html,https://www.sec.gov/Archives/edgar/data/702165/000070216599000042/,3.947368421052632,0.05,0.3684210526315789,-0.0947368421052631,0.1473684210526315,15.726315789473684,15.726315789473684,15.592105263157896,21.010526315789477,9310000000.0,17253000000.0,122.5,6.206666666666667,66.5,-258.6111111111111,1.571308016877637,1.571308016877637,11.502,-108.50943396226415,123.23571428571428,-479.25,0.0020408163265306,-0.0038668098818474,1.3475105485232068,0.4176387508500288,-49.9559748427673,0.6407010710808179,0.0,7.368421052631579,0.0081632653061224,4.0,0.5246666666666666,0.0,0.0,1.2571428571428571,0.1173333333333333,-1.4193548387096775,0.0,4.188211840517697,-0.0077150042016279,0.0009938797928545,-32.544736842105266,-738000000.0,5976000000.0,-11825000000.0,10165000000.0,811000000.0,853000000.0,65500000.0,54.36,101.17942283563362,8.695106649937264,1.6556291390728477,0.8895089285714286,10.35064935064935,0.0032067510548523,0.4631578947368421,1999-10-27,0.12,bmo,1384615384.0,2025-04-25,1999-09-30,0.0833333333333334,28.1184375,590601.5625
1999-06-30,NSC,USD,702165,1999-08-11,1999-08-11 00:00:00,1999,Q2,1194000000.0,513000000.0,681000000.0,0.5703517588,0,522000000.0,0.0,522000000.0,168000000.0,690000000.0,1203000000.0,0.0,0.0,-121000000.0,64000000.0,0.05360134,-9000000.0,-0.0075376884,124000000.0,115000000.0,0.0963149079,38000000.0,77000000.0,0.0644891122,0.2,0.2,380200000,382700000,https://www.sec.gov/Archives/edgar/data/702165/000070216599000038/0000702165-99-000038-index.html,https://www.sec.gov/Archives/edgar/data/702165/000070216599000038/,3.140452393477118,0.2025249868490268,0.5207785376117833,-0.1893740136770121,0.3208837453971594,15.865334034718568,15.865334034718568,15.73119410836402,20.94687006838506,11455426000.0,19314426000.0,37.192941558441554,9.594159128978225,57.85568686868687,-159.10313888888888,1.9153027921752217,1.9153027921752217,16.17623618090452,301.78790625,97.54760606060606,-268.2559166666667,0.0067217055044482,-0.0062852311210425,1.3315499080421334,0.4219561301260994,122.796875,0.6525563496426608,0.0,2.571428571428572,0.0066344106277671,0.987012987012987,0.4371859296482412,0.0,0.0,1.3636363636363635,0.2261306532663316,-2.231404958677686,0.0,8.466646165873948,-0.000341886245122,0.0040796863409981,-31.97264597580221,-632000000.0,6032000000.0,-11655000000.0,10237000000.0,642500000.0,693500000.0,54500000.0,53.96984924623115,142.10526315789474,9.473684210526317,1.6675977653631284,0.6333333333333333,9.5,0.0128741013208493,0.7101525512887954,1999-07-28,0.21,bmo,1253699999.0,2025-04-25,1999-06-30,-0.0476190476190475,31.935396825396825,755607.9365079365
1999-03-31,NSC,USD,702165,1999-05-12,1999-05-12 00:00:00,1999,Q1,1030000000.0,307000000.0,723000000.0,0.7019417476,0,438000000.0,0.0,438000000.0,157000000.0,595000000.0,902000000.0,0.0,0.0,-118000000.0,197000000.0,0.1912621359,128000000.0,0.1242718447,30000000.0,158000000.0,0.1533980583,46000000.0,112000000.0,0.1087378641,0.3,0.3,373333333,373333333,https://www.sec.gov/Archives/edgar/data/702165/000070216599000023/0000702165-99-000023-index.html,https://www.sec.gov/Archives/edgar/data/702165/,2.7589285738919007,0.3000000002678571,0.6107142862595664,-0.1017857143765944,0.27589285738919,16.11428572867347,16.11428572867347,15.98303572855628,20.91160716152822,9848533324.54,17569533324.54,21.983333313705355,9.56168283935922,43.19532159885964,-259.17192959315787,1.6504999705949388,1.6504999705949388,17.057799344213592,89.1854483479188,77.05935668657895,-462.3561401194737,0.0113722517159915,-0.0038584425464971,1.3083626613038375,0.42245670995671,39.192893401015226,0.8380872483221476,0.0,2.0357142857142856,0.0077168850929942,0.6785714285714286,0.4252427184466019,0.0,0.0,1.1666666666666667,0.258252427184466,-2.254237288135593,0.0,10.386794080180913,0.0052041397886544,0.006060606060606,-31.893080385618823,-193000000.0,6016000000.0,-11465000000.0,10425000000.0,544000000.0,588500000.0,57000000.0,49.71844660194175,169.15309446254074,16.123778501628664,1.8101933216168715,0.5320623916811091,5.581818181818182,0.0187699011228423,0.7125000006361607,1999-04-28,0.28,bmo,961333333.0,2025-04-25,1999-03-31,0.0714285714285712,28.619016393442624,721418.0327868853
1998-12-31,NSC,USD,702165,1999-03-24,1999-03-24 00:00:00,1998,Q4,1028000000.0,-654000000.0,1682000000.0,1.6361867704,0,405000000.0,0.0,405000000.0,957000000.0,1362000000.0,708000000.0,0.0,0.0,787000000.0,1107000000.0,1.076848249,320000000.0,0.3112840467,-119000000.0,201000000.0,0.1955252918,41000000.0,160000000.0,0.1556420233,0.43,0.43,373333333,373333333,https://www.sec.gov/Archives/edgar/data/702165/000070216599000019/0000702165-99-000019-index.html,https://www.sec.gov/Archives/edgar/data/702165/,2.7535714310299744,0.4285714289540816,0.3508928574561543,-0.3750000003348214,0.1687500001506696,15.99107144284917,15.99107144284917,15.859821442731985,20.42142858966199,11830933322.77,19449933322.77,18.485833316828128,11.508690002694554,90.31246811274808,-84.50666659121428,1.9981309445651072,1.9981309445651072,18.92016860191634,17.56994880105691,148.47277345625955,-138.92809516264285,0.0135238696419716,-0.0118333859367251,1.2876203344029724,0.4193619361936194,6.88256549232159,0.8173679498657117,0.0,2.3392857142857144,0.0064238380799365,0.475,0.3939688715953307,0.0,0.0,2.068702290076336,0.2636186770428015,0.3443456162642948,0.0,12.366648398819915,0.0148062292582657,0.0088008800880088,-31.414955385191924,-204000000.0,5970000000.0,-11297000000.0,10273000000.0,531500000.0,606500000.0,58000000.0,45.43774319066148,-82.56880733944953,-8.119266055045872,1.9807321772639688,-1.09,-11.084745762711863,0.0270224624218881,0.7258928577909758,1999-01-27,0.43,bmo,1051906976.0,2025-04-25,1998-12-31,-0.0232558139534883,31.33015625,612351.5625
1998-09-30,NSC,USD,702165,1998-11-13,1998-11-13 00:00:00,1998,Q3,1048000000.0,305000000.0,743000000.0,0.7089694656,0,412000000.0,0.0,412000000.0,152000000.0,564000000.0,869000000.0,0.0,0.0,-115000000.0,222000000.0,0.2118320611,179000000.0,0.1708015267,-57000000.0,201000000.0,0.1917938931,50000000.0,158000000.0,0.1507633588,0.42,0.42,376190476,376190476,https://www.sec.gov/Archives/edgar/data/702165/000070216598000042/0000702165-98-000042-index.html,https://www.sec.gov/Archives/edgar/data/702165/,2.78582278622067,0.4200000002126582,0.8160759497802916,0.2498734178480371,0.507721519244416,15.659620261093478,15.659620261093478,15.529367096470564,20.13607595956257,10932095232.56,18400095232.56,17.29761903886076,10.431388580687022,35.60943072495114,116.29888545276596,1.8712932613077715,1.8712932613077715,17.557342779160305,82.88331185837836,59.935163623973935,195.74569396340425,0.0144528561669875,0.0085985346816255,1.296644984594317,0.4204595914742451,33.63963963963964,0.8829225352112676,0.0,2.033112582781457,0.0069520067638674,0.4810126582278481,0.3931297709923664,0.0,0.0,0.6938110749185668,0.2032442748091603,-1.8521739130434784,0.0,12.114145415007696,0.0079348933035888,0.0087699822380106,-30.56297469901923,-133000000.0,5891000000.0,-11122000000.0,10195000000.0,539500000.0,607500000.0,59000000.0,46.7175572519084,180.88524590163937,16.81967213114754,1.9264705882352944,0.497553017944535,5.350877192982456,0.0270455323519342,0.5662025319322544,1998-10-28,0.47,bmo,1231399999.0,2025-04-25,1998-09-30,-0.1489361702127658,29.5378125,616790.625
1998-06-30,NSC,USD,702165,1998-08-11,1998-08-11 00:00:00,1998,Q2,1079000000.0,309000000.0,770000000.0,0.7136237257,0,409000000.0,0.0,409000000.0,148000000.0,557000000.0,866000000.0,0.0,0.0,-112000000.0,236000000.0,0.218721038,213000000.0,0.1974050046,42000000.0,255000000.0,0.2363299351,68000000.0,187000000.0,0.1733086191,0.48,0.48,389583333,389583333,https://www.sec.gov/Archives/edgar/data/702165/000070216598000036/0000702165-98-000036-index.html,https://www.sec.gov/Archives/edgar/data/702165/,2.769625670818931,0.4800000004106952,0.4671657758007835,-0.1617112300848866,0.4748663105667305,14.908235306873356,14.908235306873356,14.785026750618204,19.515721941831632,11613479156.73,19130479156.73,15.526041653382352,10.763187355634846,63.81032503697802,-184.34093899571428,2.016229020265625,2.016229020265625,17.729823129499536,81.06135235902542,105.11252283917582,-303.6583993131746,0.0161019792153872,-0.0054247309656117,1.3199652777777775,0.4284345768060408,31.85169491525424,0.9625615763546798,0.0,0.9732620320855616,0.0064580130542997,0.4010695187165775,0.3790546802594995,0.0,0.0,1.3461538461538465,0.227062094531974,-2.1875,0.0,12.6363874997287,0.0093003870199464,0.0105375859348585,-29.059893072992423,-38000000.0,5808000000.0,-10961000000.0,10204000000.0,546500000.0,613000000.0,62500000.0,44.62465245597776,175.3398058252427,17.766990291262136,2.0168224299065423,0.5132890365448505,5.065573770491803,0.0324652777777777,0.6288770058856702,1998-07-29,0.47,bmo,1056520833.0,2025-04-25,1998-06-30,0.0212765957446808,32.99111111111111,733598.4126984127
1998-03-31,NSC,USD,702165,1998-05-12,1998-05-12 00:00:00,1998,Q1,1066000000.0,309000000.0,757000000.0,0.7101313321,0,456000000.0,0.0,456000000.0,151000000.0,607000000.0,916000000.0,0.0,0.0,-110000000.0,195000000.0,0.1829268293,150000000.0,0.1407129456,38000000.0,188000000.0,0.1763602251,56000000.0,229000000.0,0.2148217636,0.61,0.61,375409836,375409836,https://www.sec.gov/Archives/edgar/data/702165/000070216598000027/0000702165-98-000027-index.html,https://www.sec.gov/Archives/edgar/data/702165/,2.839563319273286,0.6100000001065502,0.7192139739247535,0.1145414847361644,0.7618340612684427,15.13545851792759,15.13545851792759,15.004934500437544,20.02344978515693,14032819669.68,21373819669.68,15.319672128471618,13.163995937786115,51.973406184000005,326.34464348093024,2.491180484587254,2.491180484587254,20.05048749500938,109.60933163938462,79.1622950728889,497.0655737134884,0.0163188871082544,0.0030642451775324,1.334457660216581,0.425964753215844,37.64615384615384,0.9836065573770492,0.0,2.0610687022900764,0.0054158751974992,0.3318777292576419,0.4277673545966229,0.0,0.0,0.8407407407407408,0.2129455909943715,-2.0636363636363635,0.0,14.350704723269788,0.0063525634197581,0.0129767099223664,-29.909978171163317,-19000000.0,5682000000.0,-10825000000.0,10056000000.0,555000000.0,624000000.0,61000000.0,47.11069418386492,181.747572815534,18.640776699029125,1.9103942652329748,0.4951923076923077,4.828125,0.0406532930942659,0.6046724891885891,1998-04-22,0.43,bmo,954958333.0,2025-04-25,1998-03-31,0.1162790697674418,34.25032786885246,676555.737704918
1997-12-31,NSC,USD,702165,1998-03-25,1998-03-25 00:00:00,1997,Q4,341900000.0,-517900000.0,859800000.0,2.5147704007,0,416000000.0,0.0,416000000.0,753400000.0,1169400000.0,651500000.0,0.0,0.0,760900000.0,451300000.0,1.3199766013,-309600000.0,-0.9055279321,572900000.0,263300000.0,0.7701082188,61700000.0,223600000.0,0.6539923954,0.6,0.6,375409836,375409836,https://www.sec.gov/Archives/edgar/data/702165/000070216598000016/0000702165-98-000016-index.html,https://www.sec.gov/Archives/edgar/data/702165/,0.9107379914254564,0.5956157206280551,0.5982794760870357,0.0980262008904849,0.4235371179779104,14.634672491639243,14.634672491639243,14.504148474149195,19.94087336592853,11449999998.0,18901999998.0,12.8018783519678,33.489324357999415,50.97951913624221,311.14130429347824,2.1028466479338843,2.1028466479338843,55.285171096811936,41.88344781298471,84.15850399821906,513.6413042934782,0.019528384282887,0.003213973799688,1.374839302112029,0.4314697406340058,16.512297806337248,1.0091491308325709,0.0,1.1140873015873016,0.0065676855906668,0.3363148479427549,1.2167300380228137,0.0,0.0,0.8361531611754229,0.5492834162035682,0.2468129846234722,0.0,13.941851527840566,-0.0145029281618332,0.0128876080691642,-29.97790393536732,10000000.0,5494000000.0,-10753000000.0,9914000000.0,676000000.0,684100000.0,59150000.0,145.30564492541677,-108.43792237883764,-10.079165862135548,0.6193840579710145,-0.8299679487179488,-8.929310344827586,0.0410651974288337,0.5002532751965508,1998-01-28,0.56,bmo,354110714.0,2025-04-25,1997-12-31,-0.0357142857142857,31.89921875,651264.890625
1997-09-30,NSC,USD,702165,1997-11-10,1997-11-10 00:00:00,1997,Q3,1327400000.0,287900000.0,1039500000.0,0.7831098388,0,413300000.0,0.0,413300000.0,144400000.0,557700000.0,845600000.0,0.0,0.0,-111500000.0,408000000.0,0.3073677867,481800000.0,0.3629651951,-249800000.0,247800000.0,0.1866807292,68300000.0,179500000.0,0.1352267591,0.47,0.47,361702128,361702128,https://www.sec.gov/Archives/edgar/data/702165/000070216597000040/0000702165-97-000040-index.html,https://www.sec.gov/Archives/edgar/data/702165/,3.6698705847812985,0.4962647054152803,0.8797294109367253,0.2833823526744636,0.5219764700969634,14.774035280212672,14.774035280212672,14.63745880975298,20.875741156822837,12449787245.76,19968487245.76,17.339536553983287,9.37907732843152,39.12566701998743,121.4613389830244,2.351501066364461,2.351501066364461,15.043308155612475,48.94237070039216,62.754516800000005,194.81450971473177,0.0144179170661034,0.0082330724193626,1.426186158960411,0.4312549617623037,18.428186274509805,0.9721691260799756,0.0,1.7727019498607242,0.0060563283943409,0.4200557103064067,0.3113605544673798,0.0,0.0,0.6778755499685732,0.1624981166189543,-1.9345291479820628,0.0,12.784413132624945,0.021422305480202,0.010251929018956,-31.36876761753528,-36400000.0,5343800000.0,-10893600000.0,9868500000.0,787150000.0,738400000.0,62700000.0,54.24137411481091,232.6432789162904,18.850295241403263,1.65925,0.3868583714055361,4.774461028192372,0.0339037473556965,0.5963470582622616,1997-10-22,0.54,bmo,1048000000.0,2025-04-25,1997-09-30,0.0,35.06234375,709839.125
1997-06-30,NSC,USD,702165,1997-08-08,1997-08-08 00:00:00,1997,Q2,1304000000.0,285100000.0,1018900000.0,0.7813650307,0,401800000.0,0.0,401800000.0,138600000.0,540400000.0,825500000.0,0.0,0.0,-109600000.0,588100000.0,0.4509969325,478500000.0,0.3669478528,-190100000.0,288400000.0,0.2211656442,98300000.0,190100000.0,0.1457822086,1.52,1.52,376955667,376955667,https://www.sec.gov/Archives/edgar/data/702165/000070216597000030/0000702165-97-000030-index.html,https://www.sec.gov/Archives/edgar/data/702165/,3.45929273428326,0.5043033349595458,0.8908209357149683,0.2488356276654676,0.7438540511449586,13.872188317572103,13.872188317572103,13.742199556851336,20.11138354898376,12658171297.86,20141871297.86,16.64672711449237,9.707186578113497,37.69556669999999,134.9485212991471,2.4435680664568937,2.4435680664568937,15.446220320444786,34.24905848981466,59.98174895134009,214.73210338869936,0.0150179670923033,0.0074102331049871,1.4634763136558433,0.4357630206986141,12.725216799863968,1.0296228431821652,0.0,1.7664387164650184,0.0059487265757519,0.3961073119410836,0.3081288343558282,0.0,0.0,0.7206670637284097,0.1855828220858895,-2.208029197080292,0.0,12.48720681295436,0.0194985822299673,0.0109269829226374,-29.90915374671897,38800000.0,5229200000.0,-10819500000.0,9848600000.0,761500000.0,705800000.0,64950000.0,53.4409509202454,231.26622237811293,20.550683970536653,1.684101769340049,0.3891618891618891,4.379416282642089,0.0366974248098529,0.6419853080495007,1997-07-23,0.54,bmo,1067000000.0,2025-04-25,1997-06-30,0.0,31.30921875,534089.171875
1997-03-31,NSC,USD,702165,1997-05-14,1997-05-14 00:00:00,1997,Q1,1249700000.0,294800000.0,954900000.0,0.7641033848,0,419900000.0,0.0,419900000.0,141500000.0,561400000.0,856200000.0,0.0,0.0,-107800000.0,387000000.0,0.3096743218,393500000.0,0.3148755701,-198500000.0,198500000.0,0.1588381211,70700000.0,127800000.0,0.1022645435,0.33,0.33,387878788,387878788,https://www.sec.gov/Archives/edgar/data/702165/000070216597000014/0000702165-97-000014-index.html,https://www.sec.gov/Archives/edgar/data/702165/,3.221882811493161,0.3294843748970361,0.6997031247813428,0.1080234374662426,0.838406249737998,13.134773433395385,13.134773433395385,13.006640620935425,7.545656247641983,11023515154.96,13810815154.96,21.56399678200313,8.820929146963271,40.61722606838615,263.09105381766113,2.185037691766105,2.185037691766105,11.051304437032888,35.68686086552972,50.887307129550486,329.6137268486873,0.0115933981314931,0.0038009654280873,0.5801387512388504,0.2354190294635747,7.202325581395349,1.2147486424943073,0.0,2.123630672926448,0.0068127089176458,0.5876369327073553,0.3360006401536369,0.0,0.0,0.8456153279292558,0.1836440745778987,-2.1289424860853434,0.0,9.819542210624403,0.0222747742156221,0.0102796747182741,-16.547630854203867,245200000.0,5094700000.0,-5950600000.0,9922800000.0,653350000.0,636500000.0,63900000.0,53.91934064175402,207.2930800542741,19.78290366350068,1.669159877120342,0.4341678939617084,4.549382716049383,0.0253320118929633,0.5916796873151001,1997-04-23,0.48,bmo,1068255319.0,2025-04-25,1997-03-31,-0.0208333333333333,29.974098360655734,664033.9344262296
1996-12-31,NSC,USD,702165,1997-03-26,1997-03-26 00:00:00,1996,Q4,1179900000.0,286100000.0,893800000.0,0.7575218239,0,388000000.0,0.0,388000000.0,996000000.0,1384000000.0,1670100000.0,0.0,0.0,749700000.0,259500000.0,0.2199338927,-490200000.0,-0.4154589372,800500000.0,310300000.0,0.2629883888,109800000.0,200500000.0,0.1699296551,0.53,0.53,375291333,376363260,https://www.sec.gov/Archives/edgar/data/702165/000070216597000006/0000702165-97-000006-index.html,https://www.sec.gov/Archives/edgar/data/702165/,3.143957497147956,0.5342516129995467,0.8553355001139874,0.3543913442839885,1.0748982577756463,13.3951934349627,13.3951934349627,13.26329590457129,5.063532868743335,11007294796.89,12698394796.89,13.724806479912717,9.32900652334096,34.29063799654205,82.76161501421052,2.211365878513741,2.211365878513741,10.762263579023646,48.93408399572254,39.55886229560747,95.47665260819548,0.0182151930787434,0.0120828961569719,0.381770331083253,0.1664535230019971,6.516763005780347,1.2238931361841552,0.0,1.600997506234414,0.0063594190299852,0.3491271820448878,0.3288414272395966,0.0,0.0,0.5856697819314641,0.1593355369099076,0.2507669734560491,0.0,12.626701378068566,-0.030673941273305,0.0175624540135244,-14.750940171591973,266500000.0,5027100000.0,-4932500000.0,9795600000.0,666750000.0,670350000.0,60550000.0,42.5629290617849,186.85774204823488,19.818245368752184,2.1145161290322583,0.4816498316498316,4.541269841269841,0.040280456444873,0.5009441558299988,1997-01-29,0.53,bmo,1179900000.0,2025-04-25,1996-12-31,0.0,29.89125,743580.34375
1996-09-30,NSC,USD,702165,1996-11-13,1996-11-13 00:00:00,1996,Q3,1211300000.0,270700000.0,940600000.0,0.776521093,0,397700000.0,0.0,397700000.0,141800000.0,539500000.0,810200000.0,0.0,0.0,-107700000.0,508800000.0,0.4200445802,401100000.0,0.3311318418,-87700000.0,313400000.0,0.2587302898,111100000.0,202300000.0,0.1670106497,1.61,1.61,375264360,375264360,https://www.sec.gov/Archives/edgar/data/702165/000070216596000068/0000702165-96-000068-index.html,https://www.sec.gov/Archives/edgar/data/702165/,3.227857822682655,0.5390866321544631,0.7282865870875668,0.2944590847902529,0.9633208973002392,13.068387309682166,13.068387309682166,12.936480298848524,5.156631447761253,11430552405.6,13178052405.6,14.125744445872469,9.43659903046314,41.82419467837541,103.44391317285069,2.354581717463849,2.354581717463849,10.879263935936596,25.90026023113208,48.218267126234906,119.25839281085972,0.0176981822769029,0.0096670743529301,0.3986116260865983,0.1718332371353727,3.4345518867924527,1.2053955643826548,0.0,1.3509639149777557,0.0061764294055825,0.3489866534849233,0.3283249401469496,0.0,0.0,0.5956824002927186,0.134401056715925,-1.511606313834726,0.0,12.526467216073865,0.0254407422570721,0.0179638591661856,-14.350483483163709,248200000.0,4904100000.0,-4900800000.0,9708400000.0,755750000.0,747250000.0,60300000.0,57.61991249071246,248.25637236793497,19.31658662726265,1.561960025789813,0.3625284585509575,4.6592082616179,0.0416718164215383,0.4338275022973138,1996-10-23,0.53,bmo,,2025-04-25,1996-09-30,0.0188679245283019,28.080625,501252.796875
1996-06-30,NSC,USD,702165,1996-08-09,1996-08-09 00:00:00,1996,Q2,1217300000.0,279500000.0,937800000.0,0.7703934938,0,413100000.0,0.0,413100000.0,140700000.0,553800000.0,833300000.0,0.0,0.0,-107200000.0,491200000.0,0.403515978,384000000.0,0.3154522303,-77600000.0,306400000.0,0.2517045921,106900000.0,199500000.0,0.1638872915,1.57,1.57,378119502,378119502,https://www.sec.gov/Archives/edgar/data/702165/000070216596000058/0000702165-96-000058-index.html,https://www.sec.gov/Archives/edgar/data/702165/,3.2193525950428232,0.5276109773359429,0.7666888337327811,0.3054589868787037,0.628108306352313,12.921311844952127,12.921311844952127,12.789607450609624,4.668365399465696,11010839898.24,12723339898.24,13.79804498526316,9.045296885106383,37.98151051479821,95.33194717090907,2.276848614193548,2.276848614193548,10.452098823823215,25.90256493941368,43.88871989734391,110.15878699774892,0.0181185088370859,0.0104896630109444,0.3650124069478908,0.1596974686521794,3.48635993485342,1.040630586705672,0.0,1.4531328320802006,0.0064663550335865,0.3568922305764411,0.3393575946767436,0.0,0.0,0.6015867540531218,0.143267887948739,-1.626865671641791,0.0,12.321874409037044,0.0251277471468487,0.0180487451824777,-14.140635359241534,50000000.0,4885800000.0,-4887000000.0,9491100000.0,735300000.0,740250000.0,63250000.0,54.41550973465867,240.79427549194992,20.125223613595708,1.6539402173913045,0.3737630382455202,4.472,0.0412531017369727,0.4612298468540773,1996-07-24,0.52,bmo,,2025-04-25,1996-06-30,0.0,28.358571428571427,485723.4603174603
1996-03-31,NSC,USD,702165,1996-05-10,1996-05-10 00:00:00,1996,Q1,1161500000.0,271900000.0,889600000.0,0.7659061558,0,446700000.0,0.0,446700000.0,135500000.0,582200000.0,854100000.0,0.0,0.0,-105600000.0,413000000.0,0.3555746879,307400000.0,0.2646577701,-40600000.0,266800000.0,0.2297029703,98700000.0,168100000.0,0.1447266466,1.31,1.31,387098514,387098514,https://www.sec.gov/Archives/edgar/data/702165/000070216596000023/0000702165-96-000023-index.html,https://www.sec.gov/Archives/edgar/data/702165/,3.000528180792758,0.4342563815680264,0.8279546120913293,0.4068731713085315,0.8328629233642576,12.631409894794894,12.631409894794894,12.498627158253573,4.513063049371458,10951016961.06,12626216961.06,16.286461869512195,9.428340043960397,34.16853966009361,69.53026641942857,2.263448588537059,2.263448588537059,10.870612966904863,30.57195390087167,39.39537273341654,80.16645689561905,0.0153501725545431,0.0143822259211216,0.3610847009218304,0.1580251827194442,4.056174334140436,1.0818907596237453,0.0,1.9066032123735872,0.0065656002776422,0.4277215942891136,0.3845888936719759,0.0,0.0,0.5085803432137286,0.1403357727077055,-1.543560606060606,0.0,11.050845831745136,0.0195177445791832,0.0152055141471886,-13.588918091274303,103600000.0,4889600000.0,-4796900000.0,9476300000.0,719050000.0,732750000.0,62850000.0,56.92122255703831,242.5266642147849,21.18425891872012,1.581132589164171,0.3710932168691142,4.2484375,0.034744326402381,0.4210814407827977,1996-04-24,0.43,bmo,,2025-04-25,1996-03-31,0.0232558139534883,26.981904761904765,781816.1904761905
1995-12-31,NSC,USD,702165,1996-03-27,1996-03-27 00:00:00,1995,Q4,1155200000.0,256000000.0,899200000.0,0.7783933518,0,447800000.0,0.0,447800000.0,945100000.0,1392900000.0,1648900000.0,0.0,0.0,721600000.0,227900000.0,0.197281856,-493700000.0,-0.4273718837,753700000.0,260000000.0,0.2250692521,83100000.0,176900000.0,0.1531336565,0.46,0.46,387098514,387098514,https://www.sec.gov/Archives/edgar/data/702165/000070216596000017/0000702165-96-000017-index.html,https://www.sec.gov/Archives/edgar/data/702165/,2.984253253940417,0.4569896127268523,0.8349295807423327,0.4182397868879445,0.849912846733377,12.609709992325106,12.609709992325106,12.474860598405709,4.350830445192564,10242626680.44,11859126680.44,14.475164896042962,8.866539716447368,31.691295422153463,63.26514317751699,2.121065785968109,2.121065785968109,10.265864508691136,52.03653655304959,36.69284245185643,73.2497015468808,0.0172709604205159,0.0158064923238074,0.3487678608407538,0.15444574866114,7.093023255813954,1.1136175153425112,0.0,1.8270209157716224,0.0065998695558331,0.3821368004522329,0.3876385041551246,0.0,0.0,0.4990717821782178,0.1396295013850415,0.2235310421286031,0.0,11.325627512767452,-0.0341718516582452,0.0162222140708678,-13.268263282457344,137000000.0,4881200000.0,-4680800000.0,9395800000.0,738650000.0,726650000.0,62400000.0,54.80869113573407,257.625,21.69140625,1.6420753375977255,0.3493449781659388,4.1491085899513775,0.0366328432387657,0.4166897938543882,1996-01-24,0.48,bmo,,2025-04-25,1995-12-31,0.0625,25.69920634920635,490251.98412698414
1995-09-30,NSC,USD,702165,1995-11-09,1995-11-09 00:00:00,1995,Q3,1183900000.0,254100000.0,929800000.0,0.785370386,0,421100000.0,0.0,421100000.0,136000000.0,557100000.0,811200000.0,0.0,0.0,-104500000.0,477200000.0,0.403074584,372700000.0,0.3148069938,-85600000.0,287100000.0,0.2425035898,103200000.0,183900000.0,0.1553340654,1.4,1.4,393077529,393077529,https://www.sec.gov/Archives/edgar/data/702165/000070216595000051/0000702165-95-000051-index.html,https://www.sec.gov/Archives/edgar/data/702165/,3.011874026510429,0.467846636941691,0.7390399566697184,0.3195298401298335,0.7308990690230985,12.364736321520938,12.364736321520938,12.23193809178545,4.301187107543866,9795492022.68,11412992022.68,13.316329557748777,8.27391842442774,33.71942176481928,77.9895861678344,2.0372895785611784,2.0372895785611784,9.64016557368021,23.91658009782062,39.287407995456114,90.8677708812102,0.0187739420923632,0.0128222247243111,0.3516357812857469,0.1554966936143991,3.389564124057,1.1349817935472943,0.0,1.579662860250136,0.0069623863550797,0.3708537248504622,0.3556888250696849,0.0,0.0,0.5676419965576592,0.139285412619309,-1.5779904306220096,0.0,11.347250756866956,0.0243741844336272,0.0169136109041746,-13.008629653820789,159400000.0,4860300000.0,-4672300000.0,9392500000.0,754700000.0,708300000.0,66400000.0,58.82422501900498,255.1948051948052,22.349468713105075,1.5299819074696304,0.3526717557251908,4.026941362916007,0.0382479565732825,0.4195101165398849,1995-10-25,0.46,bmo,,2025-04-25,1995-09-30,0.0217391304347825,24.14444444444444,630610.5238095238
1995-06-30,NSC,USD,702165,1995-08-09,1995-08-09 00:00:00,1995,Q2,1190200000.0,273500000.0,916700000.0,0.770206688,0,414200000.0,0.0,414200000.0,137600000.0,551800000.0,825300000.0,0.0,0.0,-102600000.0,467500000.0,0.3927911275,364900000.0,0.3065871282,-73800000.0,291100000.0,0.2445807427,109900000.0,181200000.0,0.1522433205,1.38,1.38,393077529,393077529,https://www.sec.gov/Archives/edgar/data/702165/000070216595000044/0000702165-95-000044-index.html,https://www.sec.gov/Archives/edgar/data/702165/,3.0279013990647123,0.4609777629898554,0.7245390005491766,0.3442069058086502,0.8229928605254868,12.265773656066717,12.265773656066717,12.133993037287054,4.369621444323265,8828521301.34,10442121301.34,12.180630934519868,7.417678794605949,30.999021423244383,65.25145085986696,1.8509982600930897,1.8509982600930897,8.77341732594522,22.3360883451123,36.66475176032304,77.17754102985957,0.0205243883788893,0.0153253297332435,0.3601140556860114,0.1586052782240936,3.451550802139037,1.1498299319727892,0.0,1.5717439293598234,0.0077815975807378,0.3791390728476821,0.3480087380272223,0.0,0.0,0.5249297752808989,0.1256091413207864,-1.4571150097465886,0.0,11.21845674526666,0.0232761547148112,0.0167322289323508,-12.96932443065195,176200000.0,4821400000.0,-4655800000.0,9369100000.0,722150000.0,685100000.0,68350000.0,55.62426482944044,229.06398537477148,22.93601462522852,1.61799891245242,0.3929033184887229,3.923959827833572,0.037990607178799,0.3803320947405263,1995-07-26,0.46,bmo,,2025-04-25,1995-06-30,0.0,21.890158730158728,613543.7142857143
1995-03-31,NSC,USD,702165,1995-05-10,1995-05-10 00:00:00,1995,Q1,1138700000.0,272900000.0,865800000.0,0.7603407394,0,439700000.0,0.0,439700000.0,129900000.0,569600000.0,842500000.0,0.0,0.0,-101000000.0,397200000.0,0.3488188285,296200000.0,0.2601211908,-19700000.0,276500000.0,0.2428207605,105800000.0,170700000.0,0.1499077896,1.29,1.29,399399201,399399201,https://www.sec.gov/Archives/edgar/data/702165/000070216595000020/0000702165-95-000020-index.html,https://www.sec.gov/Archives/edgar/data/702165/,2.8510322433018587,0.4273919416278451,0.8485244816501273,0.3898355319944668,0.856035763576803,11.983749561882574,11.983749561882574,11.85130062390886,4.375071346224351,8902608190.289999,10532108190.29,13.03838340698594,7.818220945191885,26.269130098229564,57.17795883294797,1.880806226029915,1.880806226029915,9.24923877253886,26.51588164725579,31.07733310796695,67.64359788240205,0.0191741561968526,0.0174892567067952,0.3691638145941606,0.1617977944240224,4.102467270896274,1.1430503889076766,0.0,1.9853544229642648,0.0077505376542638,0.4042179261862917,0.3861420918591376,0.0,0.0,0.5405724402478608,0.1608852199877052,-1.813861386138614,0.0,10.675480488040025,0.0187947858192787,0.0158057019046472,-12.785891877635478,169200000.0,4786300000.0,-4661600000.0,9327900000.0,717650000.0,689100000.0,64450000.0,56.01387547202951,222.31220227189448,22.096005862953465,1.6067447438972766,0.404836077733274,4.073134328358209,0.0360628723539105,0.4586889496556604,1995-04-26,0.39,bmo,,2025-04-25,1995-03-31,-0.0256410256410256,21.42,608167.4761904762
1994-12-31,NSC,USD,702165,1995-03-29,1995-03-29 00:00:00,1994,Q4,1171900000.0,284000000.0,887900000.0,0.7576585033,0,401800000.0,0.0,401800000.0,976200000.0,1378000000.0,1662000000.0,0.0,0.0,709500000.0,219400000.0,0.1872173394,-490100000.0,-0.4182097449,769200000.0,279100000.0,0.2381602526,103000000.0,176100000.0,0.1502687943,0.44,0.44,399399201,399399201,https://www.sec.gov/Archives/edgar/data/702165/000070216595000015/0000702165-95-000015-index.html,https://www.sec.gov/Archives/edgar/data/702165/,2.934157096623736,0.4409122490958613,0.7193304325113059,0.1659993305795321,0.7679033889704752,11.863569051055762,11.863569051055762,11.729617856696716,4.168010341112325,8071857852.21,9679557852.21,11.459196269463376,6.8878384266660975,28.09557205781413,121.74747891719456,1.722988783344006,1.722988783344006,8.25971316000512,44.11831290888787,33.69146485280194,145.9963476954751,0.0218165387974201,0.0082137224433217,0.3553406762295082,0.157228130489809,7.327711941659071,1.181745891500265,0.0,1.6314593980692789,0.0080278916188121,0.3679727427597956,0.3428620189435958,0.0,0.0,0.7692307692307693,0.1885826435702705,0.3114869626497533,0.0,10.787213462252442,-0.0323028395139047,0.0166323504410736,-12.43592873386845,205700000.0,4738300000.0,-4512000000.0,9192800000.0,744950000.0,711400000.0,63800000.0,55.80168956395597,223.1302816901409,19.616197183098592,1.6128543903110375,0.4033517966197983,4.5880452342487885,0.0375896516393442,0.5533311019317738,1995-01-25,0.44,bmo,,2025-04-25,1994-12-31,0.0,20.56634920634921,626167.6507936508
1994-09-30,NSC,USD,702165,1994-11-09,1994-11-09 00:00:00,1994,Q3,1171200000.0,268800000.0,902400000.0,0.7704918033,0,413200000.0,0.0,413200000.0,127600000.0,540800000.0,809600000.0,0.0,0.0,-102700000.0,464300000.0,0.3964310109,361600000.0,0.3087431694,-95500000.0,266100000.0,0.2272028689,97800000.0,168300000.0,0.1436987705,1.24,1.24,414892000,414892000,https://www.sec.gov/Archives/edgar/data/702165/000070216594000029/0000702165-94-000029-index.html,https://www.sec.gov/Archives/edgar/data/702165/,2.822903309777002,0.4056477348321973,0.752243957463629,0.3253858835552384,1.1017324990599964,11.52589107526778,11.52589107526778,11.39694185474774,4.044908072462231,8609009000.0,10150709000.0,12.788189245395127,7.350588285519126,27.584136494713235,63.77043703703704,1.8206638468859049,1.8206638468859049,8.66693049863388,21.862392849450785,32.523899391220766,75.19043703703704,0.019549288425648,0.0156812474002524,0.3549117056148884,0.1575286530934077,3.320482446693948,1.31734999120183,0.0,1.8544266191325016,0.0076083089238261,0.3891859774212715,0.3528005464480874,0.0,0.0,0.5674463313040692,0.151212431693989,-1.7244401168451802,0.0,10.19905544971373,0.0237367060557972,0.0157979217707189,-11.590666968753316,360700000.0,4782000000.0,-4374000000.0,9243900000.0,754100000.0,704000000.0,69450000.0,58.65522540983606,240.6361607142857,21.997767857142858,1.5343901480413993,0.3740086266870739,4.091324200913242,0.0355926826689224,0.4268580739083906,1994-10-26,0.41,bmo,,2025-04-25,1994-09-30,0.0,20.86078125,620476.03125
1994-06-30,NSC,USD,702165,1994-08-10,1994-08-10 00:00:00,1994,Q2,1161400000.0,280700000.0,880700000.0,0.7583089375,0,416700000.0,0.0,416700000.0,134000000.0,550700000.0,831400000.0,0.0,0.0,-102800000.0,432800000.0,0.3726536938,330000000.0,0.2841398312,-51500000.0,278500000.0,0.239796797,100000000.0,178500000.0,0.1536938178,1.3,1.3,414892000,414892000,https://www.sec.gov/Archives/edgar/data/702165/000070216594000024/0000702165-94-000024-index.html,https://www.sec.gov/Archives/edgar/data/702165/,2.799282704896696,0.4302324460341486,0.7746594294418788,0.4760274963122933,1.172594313700915,11.444183064508351,11.444183064508351,11.314992817407903,4.112636541557803,8712732000.0,10112432000.0,12.202705882352944,7.50192181849492,27.108686994399505,44.11509873417722,1.855944616040047,1.855944616040047,8.707105217840537,23.36513863216266,31.463696328562538,51.20218734177215,0.0204872593349594,0.0226679760148711,0.3634678879539887,0.1611069671705488,3.2340573012939,1.3104773290069165,0.0,1.800560224089636,0.0075865985548505,0.3703081232492997,0.3587911141725504,0.0,0.0,0.3855009334163036,0.1066815911830549,-1.2052529182879377,0.0,10.465740935336354,0.0220773962187628,0.016853773451294,-11.475817803187336,363600000.0,4748100000.0,-4308300000.0,9186600000.0,736600000.0,661300000.0,72800000.0,57.72429826071982,221.0081938012113,23.46989668685429,1.5591354544234126,0.4072247207311765,3.834699453551913,0.0380232186601342,0.2986319331295855,1994-07-27,0.43,bmo,,2025-04-25,1994-06-30,0.0,21.02548387096774,704198.4354838709
1994-03-31,NSC,USD,702165,1994-05-12,1994-05-12 00:00:00,1994,Q1,1076800000.0,266400000.0,810400000.0,0.7526002972,0,409600000.0,0.0,409600000.0,130800000.0,540400000.0,806800000.0,0.0,0.0,-100200000.0,370200000.0,0.3437964339,270000000.0,0.2507429421,-44700000.0,225300000.0,0.209231055,80400000.0,144900000.0,0.1345653789,1.05,1.05,414892000,414892000,https://www.sec.gov/Archives/edgar/data/702165/000070216594000016/0000702165-94-000016-index.html,https://www.sec.gov/Archives/edgar/data/702165/,2.5953742178687467,0.3492475150159559,0.5386944072192281,0.0785746652140798,0.5343559287718249,11.383926419405531,11.383926419405531,11.25256693308138,4.1642162297658185,8936773680.0,10556773680.0,15.418864182194616,8.299381203566123,39.98556456375839,274.1341619631902,1.914229893329906,1.914229893329906,9.803838855869245,28.516406482982173,47.2338867114094,323.82741349693254,0.0162139050610935,0.0036478488957325,0.3700681146382213,0.1641286277490144,4.376012965964343,1.3034326142021138,0.0,1.542443064182195,0.0074187847173947,0.4575569358178054,0.3803863298662704,0.0,0.0,0.8541387024608501,0.1772845468053492,-1.905189620758483,0.0,9.403374307976431,0.0181849899160528,0.0137652591079656,-12.049581577856406,347400000.0,4723100000.0,-4311100000.0,9161700000.0,817950000.0,643450000.0,71350000.0,60.87202823179792,213.9527027027027,24.45945945945946,1.4785116023616642,0.4206537186167693,3.679558011049724,0.0310371417555584,0.4601197420051483,1994-04-27,0.34,bmo,,2025-04-25,1994-03-31,0.0294117647058822,23.352380952380955,576891.0158730159
1993-12-31,NSC,USD,702165,1994-03-28,1994-03-28 00:00:00,1993,Q4,1085300000.0,370100000.0,715200000.0,0.6589882982,0,0.0,0.0,366900000.0,97700000.0,464600000.0,834700000.0,0.0,0.0,-97700000.0,328700000.0,0.3028655671,250600000.0,0.2309038975,-4300000.0,246300000.0,0.2269418594,86900000.0,159400000.0,0.1468718327,0.39,0.39,410422066,413913043,https://www.sec.gov/Archives/edgar/data/702165/000070216594000008/0000702165-94-000008-index.html,https://www.sec.gov/Archives/edgar/data/702165/,2.6443509984182967,0.3883806773683557,0.3145542374419995,-0.0772375625632175,0.1961395516195272,11.391200394181537,11.391200394181537,11.258410262960862,4.250989760379989,9644918551.0,11309118551.0,15.12691115276035,8.886868654749838,74.70889659953525,-304.2561057097792,2.0873284461228816,2.0873284461228816,10.420269557725977,34.40559340127776,87.59967893880713,-356.7545284227129,0.0165268373348236,-0.0032867047899241,0.3775834830220529,0.1658491606304302,5.062975357468816,1.3052007680106854,0.0,0.8099121706398996,0.0069155586589255,0.418444165621079,0.0,0.0,0.0,1.2455460883036409,0.1481617985810375,-1.645854657113613,0.0,9.91878785892917,0.0169203103173739,0.0151523793228008,-12.300142751096624,365600000.0,4675200000.0,-4281100000.0,9096300000.0,932800000.0,679450000.0,71000000.0,75.26398230903898,158.9408268035666,17.095379627127805,1.1957910973997357,0.5662484700122399,5.264580369843528,0.034496937693423,0.3917918000052171,1994-01-26,0.39,bmo,,2025-04-25,1993-12-31,-0.0256410256410256,22.68625,503648.21875
1993-09-30,NSC,USD,702165,1993-09-30,1993-09-29 20:00:00,1993,Q3,1088900000.0,384800000.0,704100000.0,0.6466158509,0,0.0,0.0,379800000.0,98900000.0,478700000.0,863500000.0,0.0,0.0,-98900000.0,292200000.0,0.2683442006,225400000.0,0.2069978878,7600000.0,233000000.0,0.2139774084,137800000.0,95200000.0,0.0874276793,0.23,0.23,413913043,413913043,,,2.6307458013590552,0.2300000002657563,0.6440966393996915,0.2169537817632869,0.3314705886182958,11.157657575917462,11.157657575917462,11.027436987531702,4.2008823577951375,9416521728.25,11018121728.25,24.728260840992647,8.647737834741482,35.3207866776069,104.86104374443208,2.0630360459753745,2.0630360459753745,10.11857996900542,37.70746655800821,41.32828855307577,122.69623305400891,0.0101098901215717,0.009536429967617,0.3809482078695995,0.1642903710422631,5.4811772758384665,1.1375379939209729,0.0,2.8004201680672267,0.0071045341295498,0.7027310924369747,0.0,0.0,0.0,0.6631657914478619,0.1623656901460189,-1.787664307381193,0.0,7.554269420428113,0.0096414116361492,0.0089949639540047,-12.258251064584114,181000000.0,4618300000.0,-4468400000.0,8852100000.0,959900000.0,682600000.0,78600000.0,79.1808246854624,164.96101871101868,16.769750519750517,1.1366388308977036,0.5455834396710619,5.366806136680614,0.0208570677416527,0.4271428576364046,1993-10-27,0.35,bmo,,2025-04-25,1993-09-30,0.0,21.9259375,540684.5625
1993-06-30,NSC,USD,702165,1993-06-30,1993-06-29 20:00:00,1993,Q2,1170400000.0,493700000.0,676700000.0,0.5781784005,0,0.0,0.0,380800000.0,105100000.0,485900000.0,979600000.0,0.0,0.0,-105100000.0,264000000.0,0.2255639098,190800000.0,0.1630211893,7500000.0,198300000.0,0.169429255,43100000.0,155200000.0,0.1326042379,0.37,0.37,419459459,419459459,,,2.790257735015102,0.3700000004052835,0.6300966501747193,0.2021649486750518,0.3337628869635289,11.023949754343244,11.023949754343244,10.89521264080017,4.225676551020393,9106464854.89,10738964854.89,14.66891890285116,7.780643245804854,34.45503161138858,107.38755725106134,1.9926182916982125,1.9926182916982125,9.175465528785033,40.67789717761365,40.63172476311011,126.63873649634436,0.0170428374207868,0.009312065807234,0.3878470930614209,0.1682183564425969,6.183712121212121,1.2544934640522876,0.0,1.7040618955512572,0.0069071808876771,0.4052835051546392,0.0,0.0,0.0,0.6791524782444193,0.1533663704716336,-1.7078972407231208,0.0,9.52379364192723,0.0156574822958438,0.0147291897996564,-11.940844085244482,311500000.0,4624100000.0,-4377300000.0,8922300000.0,851250000.0,648100000.0,88100000.0,73.95933014354067,120.2977516710553,15.586388495037472,1.2168850072780204,0.7481436581300197,5.7742690058479536,0.0339598695870987,0.4279317014996674,1993-07-28,0.37,bmo,,2025-04-25,1993-06-30,0.0,20.90666666666667,548228.7619047619
1993-03-31,NSC,USD,702165,1993-03-31,1993-03-30 19:00:00,1993,Q1,1115500000.0,436000000.0,679500000.0,0.6091438817,0,0.0,0.0,382100000.0,103800000.0,485900000.0,921900000.0,0.0,0.0,-103800000.0,244200000.0,0.2189152846,193600000.0,0.1735544599,27500000.0,221100000.0,0.198207082,82100000.0,362000000.0,0.3245181533,0.86,0.86,420930233,420930233,,,2.650082870146322,0.8599999990972376,0.509823203884716,0.1484806628275617,0.3238066294943466,10.84859114883297,10.84859114883297,10.720778994271006,4.228966846389483,8873209311.64,10517009311.64,6.127906983176795,7.954468230963693,41.34766687623485,141.97134898624,1.9662750264010456,1.9662750264010456,9.428067513796504,43.067196198362,49.007499122274,168.27214898623998,0.0407969639040435,0.0070436747071898,0.3944645112681986,0.1700645826964231,6.731367731367731,1.1616261774913237,0.0,1.5438848920863308,0.0071225638639103,0.174585635359116,0.0,0.0,0.0,0.7087604846225536,0.1363514119229045,-1.4653179190751444,0.0,14.403023061891618,0.0128317212906496,0.0345842250076429,-12.266937832426972,195600000.0,4566500000.0,-4494900000.0,8886300000.0,877800000.0,645700000.0,85750000.0,59.76064545047064,131.34633027522938,18.722477064220183,1.5060078304306737,0.6852113782806852,4.807056229327453,0.0802180512775057,0.3613425410571542,1993-04-28,0.32,bmo,,2025-04-25,1993-03-31,0.03125,21.226451612903222,645925.3387096775
1992-12-31,NSC,USD,702165,1992-12-31,1992-12-30 19:00:00,1992,Q4,1173300000.0,492200000.0,681100000.0,0.580499446,0,0.0,0.0,371900000.0,101800000.0,473700000.0,965900000.0,0.0,0.0,-101800000.0,285900000.0,0.2436716952,207400000.0,0.1767663854,-3300000.0,204100000.0,0.1739538055,75900000.0,128200000.0,0.1092644677,0.3,0.3,427158189,428823529,,,2.746757595228966,0.3001230066550357,0.6182721221341259,0.1893911953072729,0.2617297359128938,10.036094614119644,10.036094614119644,9.908741325804243,4.207106515286776,8722570219.380001,10407870219.38,17.00969231548362,7.434219909128101,33.027528282393035,107.81916216786158,2.060806648249303,2.060806648249303,8.870595942538142,36.40388324372159,39.40882324642181,128.6510533915946,0.0146975027744875,0.0092747891923248,0.42458536124368,0.1727897697226094,5.894718433018538,1.1815644820295983,0.0,2.0600624024961,0.0072570353012875,0.4937597503900156,0.0,0.0,0.0,0.6936766376372586,0.1561407994545299,-1.799607072691552,0.0,8.179940578911069,0.0137866493933168,0.0123263304648814,-12.173768720608562,214700000.0,4287000000.0,-4716300000.0,8862700000.0,1044100000.0,683700000.0,79150000.0,77.8496548197392,119.78667208451849,14.774481917919545,1.1560744900975466,0.7513356739429095,6.091584158415841,0.0302887114303265,0.4288809268268529,1992-12-30,,bmo,,2025-04-25,1992-12-31,,20.09796875,532406.40625
1992-09-30,NSC,USD,702165,1992-09-30,1992-09-29 20:00:00,1992,Q3,1188200000.0,477300000.0,710900000.0,0.5982999495,0,0.0,0.0,375400000.0,99100000.0,474500000.0,951800000.0,0.0,0.0,-99100000.0,313600000.0,0.2639286315,236400000.0,0.1989564046,-5000000.0,231400000.0,0.1947483589,85600000.0,145800000.0,0.122706615,0.34,0.34,428823529,428823529,,,2.770836765349226,0.3400000003264746,0.4510013721751728,-0.1172976681510402,0.2045130317464459,9.922962972491185,9.922962972491185,9.79540467332892,4.2196845033659525,8057594109.91,9779394109.91,13.816176457321673,6.781344983933681,41.66284441525336,-160.19073777157058,1.9182464254041185,1.9182464254041185,8.23042762995287,31.18429244231505,50.56563655589452,-194.42135407375744,0.0180947312573962,-0.0062425581772772,0.4307820497559814,0.1742954015681288,5.490433673469388,1.14998382923674,0.0,1.326474622770919,0.007880764299346,0.4355281207133059,0.0,0.0,0.0,1.2600827300930713,0.2051001514896482,-2.459132189707366,0.0,8.656491542358264,0.0158838058050552,0.0140438074322371,-12.114948571303792,185500000.0,4255200000.0,-4704300000.0,8764900000.0,1046800000.0,728700000.0,80500000.0,81.29691971048645,134.3117536140792,14.61345065996229,1.10705301406876,0.6700828302681454,6.158709677419355,0.0347101535531484,0.568299040326213,1993-01-27,0.36,bmo,,2025-04-25,1992-09-30,-0.0277777777777778,19.350625,621825.890625
1992-06-30,NSC,USD,702165,1992-06-30,1992-06-29 20:00:00,1992,Q2,1146900000.0,437000000.0,709900000.0,0.6189728834,0,0.0,0.0,382200000.0,97700000.0,479900000.0,916900000.0,0.0,0.0,-97700000.0,302100000.0,0.2634057023,230000000.0,0.2005405877,-1300000.0,228700000.0,0.1994070974,83700000.0,145000000.0,0.1264277618,0.34,0.34,426470588,426470588,,,2.689282760104432,0.3400000001875862,0.5081241382113788,0.1095034483362777,0.3854896553850977,9.871724143377502,9.871724143377502,9.74275862606497,4.103448278126041,9045441171.48,10631041171.48,15.595588226689657,7.886861253361234,41.74176821172128,193.69253043854388,2.1770014853140798,2.1770014853140798,9.269370626453918,35.19047061065872,49.05879636123673,227.6454212308351,0.0160301744548602,0.0051628217037377,0.421179302045728,0.1699821275934416,5.248593181065872,1.2124301216705031,0.0,1.4944827586206897,0.0070753873455934,0.4413793103448276,0.0,0.0,0.0,0.7844946931241348,0.1482256517569099,-1.7400204708290683,0.0,8.633197758103204,0.0157078929147488,0.0140842334291708,-11.991037937650228,258400000.0,4210000000.0,-4610400000.0,8715500000.0,867350000.0,723250000.0,79700000.0,80.06539366989276,153.45308924485124,17.19679633867277,1.124081152602176,0.586498456583009,5.233532934131737,0.0348977135980746,0.3986206898751011,1992-06-29,,bmo,,2025-04-25,1992-06-30,,21.09746031746032,596267.2857142857
1992-03-31,NSC,USD,702165,1992-03-31,1992-03-30 19:00:00,1992,Q1,1098200000.0,422200000.0,676000000.0,0.6155527226,0,0.0,0.0,365300000.0,98000000.0,463300000.0,885500000.0,0.0,0.0,-98000000.0,283700000.0,0.2583318157,212700000.0,0.1936805682,-1600000.0,211100000.0,0.1922236387,72400000.0,138700000.0,0.1262975779,0.32,0.32,433437500,433437500,,,2.5336986301369864,0.32,0.6552271088680606,0.3802162941600577,0.5126459985580389,9.652141312184572,9.652141312184572,9.524095169430426,4.098860850757029,8612403125.0,10166803125.0,15.5234375,7.842290224913495,30.325363116197185,52.25972770024272,2.086287426418933,2.086287426418933,9.257697254598432,35.83645796616144,35.7986025528169,61.691766535194176,0.0161046804227478,0.0191351934655288,0.4303674814079116,0.1725792663972645,5.479027141346493,1.236478389390429,0.0,2.047584715212689,0.0074543654155761,0.4628695025234318,0.0,0.0,0.0,0.4197183098591549,0.1085412493170642,-1.2163265306122448,0.0,8.280910893126375,0.0150250779823278,0.0134733447311159,-12.262090843547224,296000000.0,4183600000.0,-4563100000.0,8693600000.0,719650000.0,699800000.0,73100000.0,58.54671280276817,149.51681667456182,16.179535765040267,1.5372340425531914,0.6019389791844881,5.562582345191041,0.033598992272474,0.2750108147080028,1992-03-30,,bmo,,2025-04-25,1992-03-31,,19.503650793650795,600081.3015873015
1991-12-31,NSC,USD,702165,1991-12-31,1991-12-30 19:00:00,1991,Q4,1104900000.0,1402400000.0,-297500000.0,-0.2692551362,0,0.0,0.0,93600000.0,96000000.0,189600000.0,1592000000.0,0.0,0.0,-96000000.0,-437400000.0,-0.3958729297,-487100000.0,-0.440854376,19900000.0,-467200000.0,-0.4228436963,-112600000.0,-354600000.0,-0.3209340212,-0.8,-0.8,442058824,442058824,,,2.499441115103722,-0.8021556877688296,0.09433133722493,-0.3558349962945203,0.3578709244360655,9.38766466066516,9.38766466066516,9.259853616223708,3.865548898080587,8748344126.96,10298944126.96,-6.167755306655386,7.917770048836998,209.79242510695445,-55.61566514278448,2.137182813055162,2.137182813055162,9.32115497054937,-23.545825621764973,246.97707738513188,-65.47326209129052,-0.0405333849302086,-0.0179805455429267,0.4174524844872233,0.1683862003724835,-3.54503886602652,1.0958383054892602,0.0,-0.1175972927241962,0.0065726724012605,-0.1621545403271291,0.0,0.0,0.0,4.772182254196642,0.1801067969952031,-2.0729166666666665,0.0,,-0.0401154400551155,-0.0349425015520146,-11.90152693343816,128500000.0,4149900000.0,-4528900000.0,8500700000.0,748750000.0,687650000.0,70500000.0,59.04697257670378,44.80747290359384,4.51155162578437,1.524210235894606,2.0085935262102548,19.94879089615932,-0.086627253627791,0.4501663335194503,1991-12-30,,bmo,,2025-04-25,1991-12-31,,19.4390625,799296.53125
1991-09-30,NSC,USD,702165,1991-09-30,1991-09-29 20:00:00,1991,Q3,1167600000.0,741600000.0,426000000.0,0.3648509764,0,0.0,0.0,88700000.0,95100000.0,183800000.0,925400000.0,0.0,0.0,-94700000.0,316100000.0,0.2707262761,242200000.0,0.2074340528,-4300000.0,237900000.0,0.2037512847,87600000.0,150300000.0,0.128725591,0.34,0.34,442058824,442058824,,,2.6412774422980414,0.3399999996380572,0.5533200260244098,0.1239654023963109,0.2587890882141966,10.54113105996952,10.54113105996952,10.38685294968798,3.459268126723334,8049891185.04,9464691185.04,13.389705896606786,6.894391217060637,32.91043002878169,146.89582454452554,1.753177799686384,1.753177799686384,8.106107558273383,29.942079041569126,38.6945673959117,172.71334279270076,0.0186710598373452,0.0068075454363707,0.3330429479919853,0.1473402256544654,4.475798797848782,1.197310554803789,0.0,1.6274118429807052,0.0072920240349445,0.3905522288755821,0.0,0.0,0.0,0.7759607522485691,0.1625556697499143,-2.0042238648363253,0.0,8.914001625562198,0.0162614131702514,0.0144815824717931,-11.287411830964832,233300000.0,4659800000.0,-4303200000.0,8562700000.0,764050000.0,692150000.0,73850000.0,59.552929085303184,82.17233009708738,8.580097087378642,1.5112606782293554,1.0952591936198492,10.48939179632249,0.0327336876034497,0.4293546236280989,1991-09-29,,bmo,,2025-04-25,1991-09-30,,16.43671875,533798.375
1991-06-30,NSC,USD,702165,1991-06-30,1991-06-29 20:00:00,1991,Q2,1113500000.0,722800000.0,390700000.0,0.3508756174,0,0.0,0.0,90300000.0,95700000.0,186000000.0,908800000.0,0.0,0.0,-95700000.0,266900000.0,0.2396946565,204700000.0,0.1838347553,9000000.0,213700000.0,0.1919173776,79700000.0,134000000.0,0.1203412663,0.3,0.3,446666667,446666667,,,2.492910445900813,0.2999999997761194,0.5520895518267989,0.2014925371630652,0.4717164175584206,10.613507454766038,10.613507454766038,10.460597007118958,3.228805967739697,6865266671.79,8096766671.79,12.80833334289179,6.165484213551864,27.83968642250608,76.28074079766667,1.4693234037732217,1.4693234037732217,7.2714563734081725,30.336330729823903,32.833603697445255,89.964074131,0.0195185426009186,0.0131094689110647,0.3086636418114887,0.139075593785861,4.614087673285875,1.2994369857080987,0.0,1.8402985074626863,0.008812476323549,0.4514925373134328,0.0,0.0,0.0,0.635036496350365,0.1406376290974405,-1.6363636363636365,0.0,8.40291793041915,0.0136903457488339,0.0129220146770942,-10.776212678525214,345700000.0,4740700000.0,-4129000000.0,8553800000.0,746700000.0,696750000.0,80700000.0,61.06421194431971,88.05755395683454,9.587714443829553,1.4738583719391132,1.0220588235294117,9.387012987012987,0.0286790514510743,0.3505970146637335,1991-06-29,,bmo,,2025-04-25,1991-06-30,,15.486875,618150.859375
1991-03-31,NSC,USD,702165,1991-03-31,1991-03-30 19:00:00,1991,Q1,1065300000.0,721500000.0,343800000.0,0.3227259927,0,0.0,0.0,96700000.0,94900000.0,191600000.0,913100000.0,0.0,0.0,-94900000.0,216800000.0,0.2035107481,152200000.0,0.1428705529,7000000.0,159200000.0,0.1494414719,59200000.0,100000000.0,0.0938702713,0.22,0.22,454545455,454545455,,,2.34365999765634,0.21999999978,0.5048999994951,0.2540999997459,0.79595999920404,10.7040999892959,10.7040999892959,10.55317998944682,3.23575999676424,6781818188.6,7890818188.6,16.954545471499998,6.366111131699991,29.550406050544662,58.717040593939394,1.4137918632033188,1.4137918632033188,7.407132440251573,36.396762862546126,34.38265005925926,68.318772195671,0.0147453082962466,0.0170308310821648,0.3066146886530884,0.1398896709149705,5.115313653136531,1.4443299854064726,0.0,2.295,0.0091126005270804,0.618,0.0,0.0,0.0,0.4967320261437908,0.1070121092649957,-1.2012644889357218,0.0,7.227602707365944,0.0100498286616464,0.0095111280197831,-10.320364989679636,517600000.0,4865500000.0,-3966000000.0,8678200000.0,795300000.0,738950000.0,82600000.0,62.34018586313715,85.60914760914761,10.528066528066528,1.4436915571215612,1.051289523531983,8.548578199052132,0.0208467968896579,0.2507999997492,1991-03-30,,bmo,,2025-04-25,1991-03-31,,14.545245901639344,711793.4590163934
1990-12-31,NSC,USD,702165,1990-12-31,1990-12-30 19:00:00,1990,Q4,1124300000.0,740100000.0,384200000.0,0.3417237392,0,0.0,0.0,125800000.0,95100000.0,220900000.0,961000000.0,0.0,0.0,-95100000.0,213800000.0,0.1901627679,163300000.0,0.1452459308,18000000.0,181300000.0,0.1612558926,64200000.0,117100000.0,0.1041536956,0.25,0.25,476333333,476333333,,,2.360321905080701,0.2458362492972962,0.5330300913457173,0.0940517845304771,0.8181245632037261,10.454023800177763,10.454023800177763,10.311896438286842,2.72309307398397,6630559995.36,7537959995.36,14.1557642941076,5.897500662954728,26.11484834722332,148.003571325,1.3498971875160324,1.3498971875160324,6.704580623819265,35.25706265369504,29.68869631886569,168.25803561071427,0.0176606500931965,0.0067565937162699,0.2640729656548382,0.1232633279483037,4.244153414405987,1.2733634640618166,0.0,2.1682322801024765,0.0095165415959069,0.5388556789069172,0.0,0.0,0.0,0.8235525797558094,0.1859823890420706,-2.1987381703470037,0.0,7.552374045916831,0.0111993083174101,0.0111280053216763,-9.392109873612393,375000000.0,4979600000.0,-3796600000.0,8503000000.0,886450000.0,814400000.0,82450000.0,68.25847193809481,96.26266720713416,9.825699229833807,1.3185176498182245,0.9349418898433552,9.159653465346535,0.0238400618905108,0.4389783068152402,1990-12-30,,bmo,,2025-04-25,1990-12-31,,12.96,627216.71875
1990-09-30,NSC,USD,702165,1990-09-30,1990-09-29 20:00:00,1990,Q3,1175000000.0,771100000.0,403900000.0,0.3437446809,0,0.0,0.0,97200000.0,93000000.0,190200000.0,961300000.0,0.0,0.0,-93000000.0,272300000.0,0.2317446809,213700000.0,0.1818723404,13100000.0,226800000.0,0.1930212766,83900000.0,142900000.0,0.1216170213,0.3,0.3,476333333,476333333,,,2.466759973734612,0.300000000209937,0.519804059146119,0.216445066631522,0.7158852349306405,10.606857950039789,10.606857950039789,10.46326102901558,2.3983205055271664,6035143329.11,6836543329.11,10.558333325944718,5.1362921949872336,24.374569180573506,58.53679271687682,1.2109035572050562,1.2109035572050562,5.818334748178724,25.10665930631656,27.611241232269787,66.3098286043647,0.023677979495654,0.0170832728201674,0.2292134831460674,0.1089234465727824,2.9430774880646347,1.2976757409908308,0.0,1.7326801959412177,0.0107039711365937,0.4520643806857942,0.0,0.0,0.0,0.5836025848142165,0.1229787234042553,-1.553763440860215,0.0,8.403987862632789,0.0144139075339609,0.013624965437019,-9.158502455674247,418800000.0,5052400000.0,-3610000000.0,8385000000.0,913050000.0,840400000.0,80550000.0,70.48340425531914,97.714952665024,9.815847490597848,1.2768963268854596,0.9210463449593884,9.16884661117717,0.0286717495987158,0.3033589925145969,1990-09-29,,bmo,,2025-04-25,1990-09-30,,13.558412698412695,901856.0952380951
1990-06-30,NSC,USD,702165,1990-06-30,1990-06-29 20:00:00,1990,Q2,1179400000.0,761200000.0,418200000.0,0.3545870782,0,0.0,0.0,97700000.0,93000000.0,190700000.0,951900000.0,0.0,0.0,-93000000.0,285400000.0,0.2419874512,227500000.0,0.1928946922,19500000.0,247000000.0,0.209428523,91100000.0,155900000.0,0.1321858572,0.32,0.32,487187500,487187500,,,2.4208338678640158,0.32,0.4757921744708146,0.1141244387427838,0.7026042334830019,10.536805644644003,10.536805644644003,10.395586914688904,2.3071199486850547,6961909375.0,7743609375.0,11.164062499999998,5.90292468628116,30.03412154874892,125.21419739208632,1.3746217618370649,1.3746217618370649,6.565719327624215,27.132478538892784,33.40642525884383,139.27354991007195,0.0223932820153953,0.0079863148175496,0.2219326304150377,0.1067862469954492,2.738962859145059,1.2464006311222142,0.0,1.4868505452212957,0.0085608698403948,0.3822963438101347,0.0,0.0,0.0,0.7601380500431406,0.1493979989825335,-1.8946236559139784,0.0,8.65148691184123,0.0152991929405853,0.0148113664649381,-8.892007697241821,374800000.0,5133400000.0,-3496400000.0,8301500000.0,906650000.0,824500000.0,75800000.0,69.12921824656605,99.74251182343669,9.104046242774569,1.301909703057733,0.9023233760075864,9.885714285714286,0.030782292777317,0.3616677357280308,1990-06-29,,bmo,,2025-04-25,1990-06-30,,13.561587301587302,859708.1111111111
1990-03-31,NSC,USD,702165,1990-03-31,1990-03-30 19:00:00,1990,Q1,1138300000.0,751700000.0,386600000.0,0.3396292717,0,0.0,0.0,91100000.0,91900000.0,183000000.0,934700000.0,0.0,0.0,-91900000.0,264300000.0,0.232188351,203600000.0,0.1788632171,16700000.0,220300000.0,0.1935342177,80100000.0,140200000.0,0.1231661249,0.28,0.28,500714286,500714286,,,2.2733523524831085,0.2799999998402282,0.5220542079760033,0.242653352215319,0.2174893008744711,10.379971463406578,10.379971463406578,10.24236803980464,1.6043081303256443,6614435718.06,7308835718.06,11.79464286387304,5.810801825582009,25.303885685003827,54.43980014864198,1.2897408049254169,1.2897408049254169,6.4208343301941495,27.65355928134695,27.960350872456008,60.15502648609054,0.021196063576096,0.0183689138694412,0.1566344935166227,0.0779993785683769,2.627317442300416,1.2800909589900415,0.0,1.8644793152639088,0.0092071346061643,0.434379457917261,0.0,0.0,0.0,0.535195103289977,0.1229025740138803,-1.5223068552774754,0.0,8.032864906989866,0.0142060584075938,0.013613236493572,-8.537104132075832,357200000.0,5197400000.0,-3468900000.0,8302800000.0,897600000.0,812400000.0,69600000.0,71.74382851620838,96.42942663296527,8.93175468937076,1.2544633017412388,0.9333250558728582,10.076407506702411,0.0273374280978843,0.2794008557606842,1990-03-30,,bmo,,2025-04-25,1990-03-31,,12.582698412698411,748583.0793650794
1989-12-31,NSC,USD,702165,1989-12-31,1989-12-30 19:00:00,1989,Q4,1107900000.0,727900000.0,380000000.0,0.3429912447,0,0.0,0.0,91600000.0,92200000.0,183800000.0,911700000.0,0.0,0.0,-92200000.0,256900000.0,0.2318801336,196200000.0,0.1770917953,18800000.0,215000000.0,0.1940608358,66800000.0,148200000.0,0.1337665854,0.29,0.29,493168288,518965517,,,2.2464948111181067,0.3005059400737462,0.4852299018869599,-0.0227103004644126,0.4385926777189696,10.620512566290556,10.620512566290556,10.480398123246724,1.6041177408390055,6864902568.96,7439702568.96,11.580469920647772,6.19631967592743,28.68743238178019,-612.9377293714285,1.3281938182409163,1.3281938182409163,6.7151390639588415,28.95952732175944,31.089438232177184,-664.2591579428572,0.0215880704075967,-0.0016314871023284,0.1530588553960453,0.0772234315668225,2.237446477228493,1.416721909181306,0.0,1.614709851551957,0.0089731790628067,0.4156545209176788,0.0,0.0,0.0,1.046803175929795,0.2261034389385323,-2.7169197396963125,0.0,8.417956553309189,0.0148047198991866,0.0144665814160069,-8.297674646914848,502900000.0,5237700000.0,-3296900000.0,8384900000.0,909550000.0,832400000.0,64850000.0,72.12022745735175,101.31336722077208,7.987360901222695,1.2479161973417436,0.8883329265316084,11.26780185758514,0.0286731416631196,0.5079402023513726,1989-12-30,,bmo,,2025-04-25,1989-12-31,,,
1989-09-30,NSC,USD,702165,1989-09-30,1989-09-29 20:00:00,1989,Q3,1142000000.0,744000000.0,398000000.0,0.3485113835,0,0.0,0.0,112000000.0,85500000.0,197500000.0,941500000.0,0.0,0.0,-85500000.0,245700000.0,0.2151488616,200500000.0,0.1755691769,28400000.0,228900000.0,0.2004378284,78400000.0,150500000.0,0.1317863398,0.29,0.29,518965517,518965517,,,2.200531562485297,0.2900000001348837,0.5447375417816055,0.253774086496772,0.3173621263934574,10.06887708109516,10.06887708109516,9.93534219731212,1.3357342198903748,6596051721.070001,7124551721.070001,10.956896546627908,5.775877163809107,23.3323371810046,50.08391587752468,1.2792714883477825,1.2792714883477825,6.238661752250438,28.996954501709403,25.20181012051645,54.09682400205012,0.0228166797903134,0.0199664898895965,0.1344426989391206,0.0684770475447244,2.150997150997151,1.4645002056766765,0.0,1.878405315614618,0.0095056865305824,0.4166112956810631,0.0,0.0,0.0,0.5341351255748142,0.1322241681260945,-1.7660818713450293,0.0,8.051590393680877,0.0146351100321264,0.0148669873852871,-7.71144684744054,564600000.0,5225400000.0,-3117600000.0,8288700000.0,923400000.0,842100000.0,66700000.0,73.39492119089317,102.26612903225806,7.875,1.2262428862879846,0.8800567778566359,11.428571428571429,0.029188727914509,0.2909634552848335,1989-09-29,,bmo,,2025-04-25,1989-09-30,,,
1989-06-30,NSC,USD,702165,1989-06-30,1989-06-29 20:00:00,1989,Q2,1174200000.0,748900000.0,425300000.0,0.3622040538,0,0.0,0.0,109000000.0,83400000.0,192400000.0,941300000.0,0.0,0.0,83400000.0,316300000.0,0.2693748935,232900000.0,0.1983478113,43300000.0,276200000.0,0.2352239823,102400000.0,173800000.0,0.1480156702,0.33,0.33,526666667,526666667,,,2.229493669475004,0.3299999997911392,,,0.4813291136194119,9.971582272169885,9.971582272169885,9.83962024693695,1.3686075940705016,6119866670.54,6587166670.54,8.80303030860184,5.211945725208652,0.0,0.0,1.1809398847091968,1.1809398847091968,5.609918813268608,20.825692919822952,0.0,0.0,0.0283993115138674,,0.1390915055381884,0.0711901234567901,1.4773948782801138,1.494501887411784,0.0,0.0,0.0094664371772805,0.3333333335443038,0.0,0.0,0.0,0.0,,0.0,,8.547466308050993,0.0162703215926877,0.0171654320987654,-7.403212020630878,602600000.0,5251700000.0,-3052100000.0,8283700000.0,,,,70.17118037812979,100.8038456402724,8.208038456402724,1.282577826324413,0.892823080591321,10.964860907759885,0.0335378796650071,,1989-06-29,,bmo,,2025-04-25,1989-06-30,,,
1989-03-31,NSC,USD,702165,1989-03-31,1989-03-30 19:00:00,1989,Q1,1111800000.0,0.0,1111800000.0,1.0,0,0.0,0.0,0.0,0.0,0.0,0.0,0.0,0.0,0.0,1111800000.0,1.0,1111800000.0,1.0,-1111800000.0,0.0,0.0,-133800000.0,133800000.0,0.1203453859,0.25,0.25,535200000,535200000,,,2.077354260089686,0.25,,,,,,,,5844384000.0,,10.92,5.256686454398273,0.0,0.0,0.0,0.0,,,0.0,0.0,0.0228937728937728,,0.0,0.0,,0.0,0.0,0.0,0.01007326007326,0.44,0.0,0.0,0.0,0.0,,0.0,,,0.0,0.0,,,,,,,,,,0.0,0.0,0.0,0.0,0.0,0.0,,1989-03-30,,bmo,,2025-04-25,1989-03-31,,,
1988-12-31,NSC,USD,702165,1988-12-31,1988-12-30 19:00:00,1988,Q4,1159200000.0,0.0,1159200000.0,1.0,0,0.0,0.0,0.0,-3516400000.0,-3516400000.0,-3516400000.0,0.0,0.0,0.0,-2357200000.0,-2.0334713596,-2357200000.0,-2.0334713596,2357200000.0,0.0,0.0,-179000000.0,179000000.0,0.1544168392,0.33,0.33,543636364,543636364,,,2.1323076908814,0.3292642138265791,,,1.1728428085800382,9.478026749513026,9.478026749513026,9.478026749513026,1.4364381261294727,5686436367.440001,5829736367.440001,7.941950233854749,4.905483408764666,0.0,0.0,1.1036052415169042,1.1036052415169042,5.029103146514839,-2.473161533785848,0.0,0.0,0.0314784143237647,,0.1515545549819508,0.0776311996103031,-0.0607924656371966,1.552188834016908,0.0,0.0,0.0105162523900573,0.3340782125139664,0.0,0.0,0.0,0.0,,0.0,,8.379584601391533,,0.0177948325396904,-6.458913039157918,659700000.0,5152600000.0,-3052100000.0,8255800000.0,,,,75.0,0.0,0.0,1.2,0.0,0.0,0.0347397430423475,,1988-12-30,,bmo,,2025-04-25,1988-12-31,,,
1988-09-30,NSC,USD,702165,1988-09-30,1988-09-29 20:00:00,1988,Q3,1162500000.0,0.0,1162500000.0,1.0,0,0.0,0.0,0.0,0.0,0.0,0.0,0.0,0.0,0.0,1162500000.0,1.0,1162500000.0,1.0,-1162500000.0,0.0,0.0,-179400000.0,179400000.0,0.1543225806,0.33,0.33,543636364,543636364,,,2.1383779249910515,0.3299999997792642,,,,,,,,5322200003.559999,,7.416666671627647,4.57823656220215,0.0,0.0,0.0,0.0,,,0.0,0.0,0.0337078651459922,,0.0,0.0,,0.0,0.0,0.0,0.0112359550561797,0.3333333335562988,0.0,0.0,0.0,0.0,,0.0,,,0.0,0.0,,,,,,,,,,0.0,0.0,0.0,0.0,0.0,0.0,,1988-09-29,,bmo,,2025-04-25,1988-09-30,,,
1988-06-30,NSC,USD,702165,1988-06-30,1988-06-29 20:00:00,1988,Q2,1110000000.0,0.0,1110000000.0,1.0,0,0.0,0.0,0.0,0.0,0.0,0.0,0.0,0.0,0.0,1110000000.0,1.0,1110000000.0,1.0,-1110000000.0,0.0,0.0,-158200000.0,158200000.0,0.1425225225,0.29,0.29,545517241,545517241,,,2.0347661202517338,0.2900000002016435,,,,,,,,5296972410.110001,,8.370689649352085,4.772047216315316,0.0,0.0,0.0,0.0,,,0.0,0.0,0.0298661174255039,,0.0,0.0,,0.0,0.0,0.0,0.0102986601441812,0.3448275514843716,0.0,0.0,0.0,0.0,,0.0,,,0.0,0.0,,,,,,,,,,0.0,0.0,0.0,0.0,0.0,0.0,,1988-06-29,,bmo,,2025-04-25,1988-06-30,,,
1988-03-31,NSC,USD,702165,1988-03-31,1988-03-30 19:00:00,1988,Q1,1033700000.0,0.0,1033700000.0,1.0,0,0.0,0.0,0.0,0.0,0.0,0.0,0.0,0.0,0.0,1033700000.0,1.0,1033700000.0,1.0,-1033700000.0,0.0,0.0,-118500000.0,118500000.0,0.1146367418,0.21,0.21,564285714,564285714,,,1.8318734186490493,0.2100000001063291,,,,,,,,5123714283.12,,10.809523804050633,4.956674357279675,0.0,0.0,0.0,0.0,,,0.0,0.0,0.023127753315675,,0.0,0.0,,0.0,0.0,0.0,0.0110132147577092,0.4761904283303195,0.0,0.0,0.0,0.0,,0.0,,,0.0,0.0,,,,,,,,,,0.0,0.0,0.0,0.0,0.0,0.0,,1988-03-30,,bmo,,2025-04-25,1988-03-31,,,
1987-12-31,NSC,USD,702165,1987-12-31,1987-12-30 19:00:00,1987,Q4,1059700000.0,0.0,1059700000.0,1.0,0,0.0,0.0,0.0,-4007800000.0,-4007800000.0,-4007800000.0,0.0,0.0,0.0,-2948100000.0,-2.7820137775,-2948100000.0,-2.7820137775,2948100000.0,0.0,0.0,-173700000.0,173700000.0,0.1639143154,0.31,0.31,564772727,564772727,,,1.8763299807853504,0.307557344212905,,,1.4163219322734757,8.816643867436609,8.816643867436609,8.816643867436609,1.4078229383055885,4941761361.25,4936961361.25,7.112494762881404,4.663358838586392,0.0,0.0,0.992441129704382,0.992441129704382,4.658829254741908,-1.6746247960550864,0.0,0.0,0.0351494107671891,,0.1596778728360846,0.0811574971930182,0.0016281672941894,1.5653681082865631,0.0,0.0,0.0114285702857142,0.3251425852174596,0.0,0.0,0.0,0.0,,0.0,,7.810987798393073,,0.017729917321629,-5.885730385135966,685000000.0,4979400000.0,-2921000000.0,8097600000.0,,,,75.38359913182977,0.0,0.0,1.1938936457863902,0.0,0.0,0.0348837209302325,,1987-12-30,,bmo,,2025-04-25,1987-12-31,,,
1987-09-30,NSC,USD,702165,1987-09-30,1987-09-29 20:00:00,1987,Q3,1030400000.0,0.0,1030400000.0,1.0,0,0.0,0.0,0.0,0.0,0.0,0.0,0.0,0.0,0.0,1030400000.0,1.0,1030400000.0,1.0,-1030400000.0,0.0,0.0,248500000.0,-248500000.0,-0.2411684783,-0.44,-0.44,564772727,564772727,,,1.8244507051063743,-0.4400000002124749,,,,,,,,6494886360.5,,-6.534090905935614,6.303267042410714,0.0,0.0,0.0,0.0,,,0.0,0.0,-0.0382608695836934,,0.0,0.0,,0.0,0.0,0.0,0.0086956513043478,-0.2272727044357051,0.0,0.0,0.0,0.0,,0.0,,,0.0,0.0,,,,,,,,,,0.0,0.0,0.0,0.0,0.0,0.0,,1987-09-29,,bmo,,2025-04-25,1987-09-30,,,
1987-06-30,NSC,USD,702165,1987-06-30,1987-06-29 20:00:00,1987,Q2,1043200000.0,0.0,1043200000.0,1.0,0,0.0,0.0,0.0,0.0,0.0,0.0,0.0,0.0,0.0,1043200000.0,1.0,1043200000.0,1.0,-1043200000.0,0.0,0.0,-122400000.0,122400000.0,0.1173312883,0.21,0.21,582857143,582857143,,,1.78980392112995,0.2099999999485294,,,,,,,,6411428573.0,,13.095238098447712,6.145924629026074,0.0,0.0,0.0,0.0,,,0.0,0.0,0.0190909090862299,,0.0,0.0,,0.0,0.0,0.0,0.0090909081818181,0.4761904286881419,0.0,0.0,0.0,0.0,,0.0,,,0.0,0.0,,,,,,,,,,0.0,0.0,0.0,0.0,0.0,0.0,,1987-06-29,,bmo,,2025-04-25,1987-06-30,,,
1987-03-31,NSC,USD,702165,1987-03-31,1987-03-30 19:00:00,1987,Q1,979500000.0,0.0,979500000.0,1.0,0,0.0,0.0,0.0,0.0,0.0,0.0,0.0,0.0,0.0,979500000.0,1.0,979500000.0,1.0,-979500000.0,0.0,0.0,-124800000.0,124800000.0,0.1274119449,0.22,0.22,567272727,567272727,,,1.7266826931378283,0.2200000001057692,,,,,,,,5893963633.530001,,11.806818176141828,6.017318666186831,0.0,0.0,0.0,0.0,,,0.0,0.0,0.0211742059774561,,0.0,0.0,,0.0,0.0,0.0,0.0096246371511068,0.4545453634178322,0.0,0.0,0.0,0.0,,0.0,,,0.0,0.0,,,,,,,,,,0.0,0.0,0.0,0.0,0.0,0.0,,1987-03-30,,bmo,,2025-04-25,1987-03-31,,,
1986-12-31,NSC,USD,702165,1986-12-31,1986-12-30 19:00:00,1986,Q4,1039500000.0,0.0,1039500000.0,1.0,0,0.0,0.0,0.0,-3374400000.0,-3374400000.0,-3374400000.0,0.0,0.0,0.0,-2334900000.0,-2.2461760462,-2334900000.0,-2.2461760462,2334900000.0,0.0,0.0,-144200000.0,144200000.0,0.1387205387,0.26,0.26,555652174,555652174,,,1.870774647594558,0.2595148669390431,,,1.3024334896240324,9.125672925019456,9.125672925019456,9.125672925019456,1.604061032612823,5217573913.860001,5385173913.860001,9.045724538592232,5.019311124444445,0.0,0.0,1.0289652146370325,1.0289652146370325,5.180542485675806,-2.306383105854641,0.0,0.0,0.0276373660211973,,0.1757745478927958,0.0913928879045158,-0.0717803760332348,1.6451888403871702,0.0,0.0,0.0100579339723109,0.3639252005634951,0.0,0.0,0.0,0.0,,0.0,,7.2996969378514045,,0.0147861039333907,-6.000066509233166,679900000.0,5070700000.0,-2948000000.0,8041200000.0,,,,68.72727272727273,0.0,0.0,1.3095238095238095,0.0,0.0,0.0284378882600035,,1986-12-30,,bmo,,2025-04-25,1986-12-31,,,
1986-09-30,NSC,USD,702165,1986-09-30,1986-09-29 20:00:00,1986,Q3,1004900000.0,0.0,1004900000.0,1.0,0,0.0,0.0,0.0,0.0,0.0,0.0,0.0,0.0,0.0,1004900000.0,1.0,1004900000.0,1.0,-1004900000.0,0.0,0.0,-127800000.0,127800000.0,0.1271768335,0.23,0.23,555652174,555652174,,,1.808505477025273,0.2299999999640062,,,,,,,,4884182609.459999,,9.55434782758216,4.860366812080804,0.0,0.0,0.0,0.0,,,0.0,0.0,0.0261660978343579,,0.0,0.0,,0.0,0.0,0.0,0.0107444823663253,0.4106260870207824,0.0,0.0,0.0,0.0,,0.0,,,0.0,0.0,,,,,,,,,,0.0,0.0,0.0,0.0,0.0,0.0,,1986-09-29,,bmo,,2025-04-25,1986-09-30,,,
1986-06-30,NSC,USD,702165,1986-06-30,1986-06-29 20:00:00,1986,Q2,1050000000.0,0.0,1050000000.0,1.0,0,0.0,0.0,0.0,0.0,0.0,0.0,0.0,0.0,0.0,1050000000.0,1.0,1050000000.0,1.0,-1050000000.0,0.0,0.0,-143000000.0,143000000.0,0.1361904762,0.25,0.25,572000000,572000000,,,1.835664335664336,0.25,,,,,,,,5594160000.0,,9.78,5.327771428571428,0.0,0.0,0.0,0.0,,,0.0,0.0,0.025562372188139,,0.0,0.0,,0.0,0.0,0.0,0.0096568507157464,0.377776,0.0,0.0,0.0,0.0,,0.0,,,0.0,0.0,,,,,,,,,,0.0,0.0,0.0,0.0,0.0,0.0,,1986-06-29,,bmo,,2025-04-25,1986-06-30,,,
1986-03-31,NSC,USD,702165,1986-03-31,1986-03-30 19:00:00,1986,Q1,857200000.0,0.0,857200000.0,1.0,0,0.0,0.0,0.0,0.0,0.0,0.0,0.0,0.0,0.0,857200000.0,1.0,857200000.0,1.0,-857200000.0,0.0,0.0,-103700000.0,103700000.0,0.1209752683,0.18,0.18,576111111,576111111,,,1.4879074255521518,0.1800000000347155,,,,,,,,6291133332.12,,15.166666663741562,7.339166276388241,0.0,0.0,0.0,0.0,,,0.0,0.0,0.0164835164866955,,0.0,0.0,,0.0,0.0,0.0,0.0086487179487179,0.5246888887876953,0.0,0.0,0.0,0.0,,0.0,,,0.0,0.0,,,,,,,,,,0.0,0.0,0.0,0.0,0.0,0.0,,1986-03-30,,bmo,,2025-04-25,1986-03-31,,,
1985-12-31,NSC,USD,702165,1985-12-31,1985-12-30 19:00:00,1985,Q4,1017400000.0,0.0,1017400000.0,1.0,0,0.0,0.0,0.0,-3106100000.0,-3106100000.0,-3106100000.0,0.0,0.0,0.0,-2088700000.0,-2.0529781797,-2088700000.0,-2.0529781797,2088700000.0,0.0,0.0,-120100000.0,120100000.0,0.1180459996,0.21,0.21,566400000,566400000,,,1.7962570621468927,0.2120409604519774,,,1.9020127118644068,8.406603107344633,8.406603107344633,8.406603107344633,1.6613700564971752,5114592000.0,4978292000.0,10.646527893422148,5.027120110084529,0.0,0.0,1.0741556232279743,1.0741556232279743,4.893151169648123,-2.38344041748456,0.0,0.0,0.023481833937096,,0.1976267982778536,0.0963290543168929,0.0652559007995403,1.434898016205644,0.0,0.0,0.0104589147286821,0.4454045095753539,0.0,0.0,0.0,0.0,,0.0,,6.333028061910708,,0.0122944946051634,-5.834834039548023,622600000.0,4761500000.0,-2952900000.0,7614400000.0,,,,69.31786907804207,0.0,0.0,1.29836651352731,0.0,0.0,0.0252231439672372,,1985-12-30,,bmo,,2025-04-25,1985-12-31,,,
1985-09-30,NSC,USD,702165,1985-09-30,1985-09-29 20:00:00,1985,Q3,1034500000.0,0.0,1034500000.0,1.0,0,0.0,0.0,0.0,0.0,0.0,0.0,0.0,0.0,0.0,1034500000.0,1.0,1034500000.0,1.0,-1034500000.0,0.0,0.0,-141600000.0,141600000.0,0.1368777187,0.25,0.25,566400000,566400000,,,1.8264477401129944,0.25,,,,,,,,4287648000.0,,7.57,4.14465732237796,0.0,0.0,0.0,0.0,,,0.0,0.0,0.0330250990752972,,0.0,0.0,,0.0,0.0,0.0,0.0124760898282694,0.377776,0.0,0.0,0.0,0.0,,0.0,,,0.0,0.0,,,,,,,,,,0.0,0.0,0.0,0.0,0.0,0.0,,1985-09-29,,bmo,,2025-04-25,1985-09-30,,,
