date,symbol,reportedCurrency,cik,fillingDate,acceptedDate,calendarYear,period,revenue,costOfRevenue,grossProfit,grossProfitRatio,researchAndDevelopmentExpenses,generalAndAdministrativeExpenses,sellingAndMarketingExpenses,sellingGeneralAndAdministrativeExpenses,otherExpenses,operatingExpenses,costAndExpenses,interestIncome,interestExpense,depreciationAndAmortization,ebitda,ebitdaratio,operatingIncome,operatingIncomeRatio,totalOtherIncomeExpensesNet,incomeBeforeTax,incomeBeforeTaxRatio,incomeTaxExpense,netIncome,netIncomeRatio,eps,epsdiluted,weightedAverageShsOut,weightedAverageShsOutDil,link,finalLink,revenuePerShare,netIncomePerShare,operatingCashFlowPerShare,freeCashFlowPerShare,cashPerShare,bookValuePerShare,tangibleBookValuePerShare,shareholdersEquityPerShare,interestDebtPerShare,marketCap,enterpriseValue,peRatio,priceToSalesRatio,pocfratio,pfcfRatio,pbRatio,ptbRatio,evToSales,enterpriseValueOverEBITDA,evToOperatingCashFlow,evToFreeCashFlow,earningsYield,freeCashFlowYield,debtToEquity,debtToAssets,netDebtToEBITDA,currentRatio,interestCoverage,incomeQuality,dividendYield,payoutRatio,salesGeneralAndAdministrativeToRevenue,researchAndDdevelopementToRevenue,intangiblesToTotalAssets,capexToOperatingCashFlow,capexToRevenue,capexToDepreciation,stockBasedCompensationToRevenue,grahamNumber,roic,returnOnTangibleAssets,grahamNetNet,workingCapital,tangibleAssetValue,netCurrentAssetValue,investedCapital,averageReceivables,averagePayables,averageInventory,daysSalesOutstanding,daysPayablesOutstanding,daysOfInventoryOnHand,receivablesTurnover,payablesTurnover,inventoryTurnover,roe,capexPerShare,report_date,epsEstimated,time,revenueEstimated,updatedFromDate,fiscalDateEnding,surprise(%),QuarterAvgPrice,QuarterAvgVolume
2025-03-31,NTRS,USD,73124,2025-04-30,2025-04-30 16:04:54,2025,Q1,3512800000.0,1572800000.0,1940000000.0,0.5522659986,0,1035000000.0,0.0,1035000000.0,383600000.0,1418600000.0,2991400000.0,2140900000.0,1572800000.0,190700000.0,2284900000.0,0.6504497836,521400000.0,0.148428604,0.0,521400000.0,0.148428604,129400000.0,392000000.0,0.1115918925,1.91,1.9,195192789,196124971,https://www.sec.gov/Archives/edgar/data/73124/000007312425000187/0000073124-25-000187-index.htm,https://www.sec.gov/Archives/edgar/data/73124/000007312425000187/ntrs-20250331.htm,17.996566461274345,2.0082709100488336,14.087610582786438,13.14751437872021,22.38146205288352,65.97835947720384,62.38959985350688,65.97835947720384,76.85837205799646,19255768634.85,28316468634.85,12.280464690593114,5.481601182774425,7.002606965906612,7.503319422846122,1.4951872217144857,1.4951872217144857,8.060939602268846,12.392869987679989,10.297646605153105,11.033966658165452,0.0203575358342507,0.1332743474781572,1.0427767208914085,0.08135519703013,3.965468948312836,0.0,0.3315106815869786,7.014795918367347,0.0084286430252522,0.4140306122448979,0.2946367570029606,0.0,0.0042436233576783,0.0,0.0,0.0,0.0,54.60132279252306,0.0773297561745443,0.0023848532615606,-757.3230586914766,4368700000.0,12178000000.0,-147824000000.0,5069200000.0,20550000.0,0.0,0.0,0.0,0.0,0.0,0.0,0.0,0.0,0.0304383274449664,0.0,2025-04-22,1.85,bmo,1959252800.0,2025-05-11,2025-03-31,0.0270270270270269,106.13666666666668,1272023.95
2024-12-31,NTRS,USD,73124,2025-02-24,2025-02-24 16:55:08,2024,Q4,1959600000.0,0.0,1959600000.0,1.0,0,639700000.0,24700000.0,664400000.0,1295200000.0,1959600000.0,1959600000.0,2280000000.0,1716200000.0,182900000.0,0.0,0.0,0.0,0.0,594200000.0,594200000.0,0.303225148,138800000.0,455400000.0,0.2323943662,2.24,2.23,197241000,200549063,https://www.sec.gov/Archives/edgar/data/73124/000007312425000105/0000073124-25-000105-index.htm,https://www.sec.gov/Archives/edgar/data/73124/000007312425000105/ntrs-20241231.htm,9.935054070908178,2.30885059394345,-13.35827743724682,-14.506618806434767,284.3744454753322,64.83641839171369,61.31331721092471,64.83641839171369,76.49626598932271,20217202500.0,-11808097500.0,11.098596014492752,10.317004745866504,-7.673145020494914,-7.06574022297557,1.580901637421413,1.580901637421413,-6.025769289650949,0.0,4.48159158190375,4.126829587949533,0.0225253716482287,-0.1415279883554611,1.0456351068155516,0.0859889240709826,0.0,0.0,0.0,-5.785682916117699,0.0075331886298314,0.3344312692138779,0.3264441722800572,0.0,0.0044685689004581,-0.0859647791103689,0.1155848132271892,1.2383816293056316,0.0,58.03616174455087,0.0,0.0029416039298898,-439.0510847136245,56090300000.0,12093500000.0,-86629700000.0,57275500000.0,197650000.0,0.0,0.0,1.887630128597673,0.0,0.0,47.67883211678832,0.0,0.0,0.0356103969222107,1.1483413691879478,2025-01-23,1.96,bmo,1923594528.0,2025-04-25,2024-12-31,0.1530612244897958,102.239375,1244832.671875
2024-09-30,NTRS,USD,73124,2024-10-29,2024-10-29 16:02:13,2024,Q3,1406200000.0,0.0,1406200000.0,1.0,0,712300000.0,19100000.0,731400000.0,1237100000.0,1968500000.0,1968500000.0,2530200000.0,1967900000.0,183100000.0,0.0,0.0,111800000.0,0.0795050491,489300000.0,601100000.0,0.4274640876,136200000.0,464900000.0,0.3306073105,2.23,2.22,199937543,200549063,https://www.sec.gov/Archives/edgar/data/73124/000007312424000257/0000073124-24-000257-index.htm,https://www.sec.gov/Archives/edgar/data/73124/000007312424000257/ntrs-20240930.htm,7.033196361725822,2.32522613324302,3.056454484888813,2.011628201312847,295.646826069079,63.76491282580181,60.224807303948914,63.76491282580181,78.87063011472537,18000376996.29,-17525623003.71,9.679703697725316,12.800723223076377,29.455697915709376,44.75479113945799,1.411905011866813,1.411905011866813,-12.46310837982506,0.0,-28.678813620864013,-43.57439831852312,0.0258272368459737,0.022343976466876,1.0825398070436898,0.0886097161032347,0.0,0.0,0.0568118298694039,1.314476231447623,0.0091886964386407,0.3557754355775435,0.5065424548428389,0.0,0.0045443514058726,0.341842578955981,0.1485563931161997,1.1409066084107045,0.0,57.75834518012649,0.0016832066848962,0.0029984649716858,-418.27187003093263,50663100000.0,12041200000.0,-92341700000.0,51851200000.0,273800000.0,0.0,-3380200000.0,22.66960603043664,0.0,0.0,3.970073404856014,0.0,0.0,0.0364656051455016,1.0448262835759663,2024-10-23,1.74,bmo,1925075514.0,2025-04-25,2024-09-30,0.1551724137931033,87.434375,1181119.421875
2024-06-30,NTRS,USD,73124,2024-08-01,2024-08-01 16:36:33,2024,Q2,4609700000.0,-89400000.0,4699100000.0,1.0193938868,0,701600000.0,20800000.0,722400000.0,-518500000.0,518500000.0,3480800000.0,2506500000.0,1983600000.0,180500000.0,0.0,0.0,1258800000.0,0.273076339,248900000.0,1173600000.0,0.2545935744,277500000.0,896100000.0,0.1943944291,4.35,4.34,203306236,203738670,https://www.sec.gov/Archives/edgar/data/73124/000007312424000206/0000073124-24-000206-index.htm,https://www.sec.gov/Archives/edgar/data/73124/000007312424000206/ntrs-20240630.htm,22.673677358327563,4.407636566543881,14.708353559799315,13.811676686592142,294.98898400735726,62.24993511758292,58.819641912016905,62.24993511758292,91.78223141173102,17043161763.88,-17435638236.120003,4.754815802890303,3.697238814647374,5.699482247226031,6.069502052663817,1.3466680702824,1.3466680702824,-3.782380249499968,0.0,-5.830732112537205,-6.209272876111112,0.0525782722956445,0.1647581615959935,1.3176804311066863,0.1063559211235411,0.0,1.7476799142453427,0.6346037507562009,3.3370159580403973,0.0091884359351611,0.174757281553398,0.1522007939779161,0.0,0.0044477863429872,0.0609637828980369,0.0395470421068616,1.009972299168975,0.0,78.57123857689885,0.007627506471456,0.0057405619613618,-429.9098331641928,23017700000.0,11958400000.0,-90338100000.0,24196100000.0,96700000.0,0.0,-4455950000.0,3.77595071262772,0.0,6805.771812080537,23.835056876938985,0.0,0.0132240695816815,0.0708054804911582,0.896676873207175,2024-07-17,1.75,bmo,1843045834.0,2025-04-25,2024-06-30,0.0171428571428571,83.96126984126985,1218886.4603174604
2024-03-31,NTRS,USD,73124,2024-04-23,2024-04-23 17:25:22,2024,Q1,3564300000.0,0.0,3564300000.0,1.0,0,748600000.0,16700000.0,765300000.0,-329700000.0,329700000.0,3273700000.0,2445600000.0,1917500000.0,170300000.0,0.0,0.0,290600000.0,0.0815307353,229600000.0,290600000.0,0.0815307353,75900000.0,214700000.0,0.0602362315,0.96,0.96,204629000,205135000,https://www.sec.gov/Archives/edgar/data/73124/000007312424000159/0000073124-24-000159-index.htm,https://www.sec.gov/Archives/edgar/data/73124/000007312424000159/ntrs-20240331.htm,17.4183522374639,1.0492158980398674,-7.09870057518729,-7.723245483289269,270.58090495482065,59.14020006939388,55.73159229630209,59.14020006939388,89.76293682224905,18097388760.0,-12402711241.0,21.072879319981368,5.0774033498863735,-12.458618174308135,-11.45114449506454,1.4954295030491331,1.4954295030491331,-3.479704637937323,0.0,8.538283932947818,7.847830448620602,0.0118635899823594,-0.0873275156409913,1.359351501346907,0.1053775838922305,0.0,1.6726162847940138,0.1515514993481095,-6.765719608756404,0.0093825690684891,0.7908709827666511,0.2100272143197822,0.0,0.0044679747103022,-0.0879801734820322,0.0358555677131554,0.7504403992953611,0.0,37.3650084683049,0.0016816503514469,0.0013814758692134,-438.4337019679518,19128400000.0,11404300000.0,-96442000000.0,20313900000.0,0.0,0.0,-1949200000.0,0.0,0.0,0.0,0.0,0.0,0.0,0.0177411624716984,0.6245449081019797,2024-04-16,1.45,bmo,1783093655.0,2025-04-25,2024-03-31,0.1724137931034483,82.02147540983607,1555729.6229508198
2023-12-31,NTRS,USD,73124,2024-02-27,2024-02-27 17:23:06,2023,Q4,3261800000.0,0.0,3261800000.0,1.0,0,764200000.0,21300000.0,1211700000.0,-412000000.0,412000000.0,3116000000.0,2199600000.0,1716500000.0,169000000.0,0.0,0.0,145800000.0,0.0446992458,1848600000.0,145800000.0,0.0446992458,32700000.0,113100000.0,0.0346741063,0.52,0.52,206170000,206484000,https://www.sec.gov/Archives/edgar/data/73124/000007312424000073/0000073124-24-000073-index.htm,https://www.sec.gov/Archives/edgar/data/73124/000007312424000073/ntrs-20231231.htm,15.820924479798224,0.5485764175195227,13.596546539263716,12.576514526846776,248.13066886549936,57.70917204248921,54.302759858369306,57.70917204248921,91.92705049231218,17396624600.0,-6423975400.0,38.45407736516357,5.333443068244527,6.20598765696347,6.709331096455706,1.4621592549945788,1.4621592549945788,-1.96945717088724,0.0,-2.291657890981736,-2.4775253191407303,0.0065012611699398,0.1490461546201324,1.448667411896217,0.1143105560238514,0.0,1.5773483564130646,0.0849402854646082,24.785145888594165,0.0091339557904813,1.4049513704686118,0.234287816543013,0.0,0.004657683785517,0.075021404109589,0.0644736035317922,1.244378698224852,0.0,26.68899668935584,0.0009112010048186,0.0007535940639975,-429.7499636222535,15392800000.0,11195600000.0,-96831200000.0,16597300000.0,73800000.0,0.0,9330850000.0,0.0,0.0,0.0,0.0,0.0,0.0,0.0095058791887644,1.0200320124169375,2024-01-18,1.33,bmo,1729650000.0,2025-04-25,2023-12-31,0.0977443609022555,73.95,1469202.2698412698
2023-09-30,NTRS,USD,73124,2023-10-31,2023-10-31 16:07:55,2023,Q3,1712500000.0,0.0,1712500000.0,1.0,0,658900000.0,16200000.0,658900000.0,-386900000.0,558100000.0,558100000.0,1935000000.0,1478800000.0,157500000.0,591800000.0,0.3455766423,434300000.0,0.2536058394,-82300000.0,434300000.0,0.2536058394,106500000.0,327800000.0,0.1914160584,1.49,1.49,207021554,207252992,https://www.sec.gov/Archives/edgar/data/73124/000007312423000196/0000073124-23-000196-index.htm,https://www.sec.gov/Archives/edgar/data/73124/000007312423000196/ntrs-20230930.htm,8.272085524002975,1.5834100057040437,0.4187969722225155,-0.3782214870244863,126.82012811091158,641.0448450213063,637.6983335754499,57.22689145691564,72.93588376792883,14383857571.92,26091957571.92,10.969995097559488,8.39933288871241,165.90377822283736,-183.70188469885056,1.2141145225808632,1.2141145225808632,15.236179604040874,44.08914763758026,300.9453007141868,-333.23062033103446,0.022789435890962,-0.0054436022887807,1.1496809372678776,0.0930803263295578,19.78387968908415,1.884846535807328,0.2936840681633757,0.2644905430140329,0.0119300402650673,0.5234899328859061,0.3847591240875912,0.0,0.0047344847899209,1.9031141868512111,0.0963503649635036,1.0476190476190477,0.0,45.15314753021032,0.0039135345257794,0.0022507892868472,110.85319164399664,29990900000.0,132017300000.0,50264300000.0,31148700000.0,289450000.0,0.0,18793900000.0,7.757080291970803,0.0,0.0,11.60230352303523,0.0,0.0,0.0276689850766425,0.7970184592470019,2023-10-18,1.5,bmo,1747660000.0,2025-04-25,2023-09-30,-0.0066666666666666,75.52365079365079,1295841.2857142857
2023-06-30,NTRS,USD,73124,2023-07-25,2023-07-25 16:37:43,2023,Q2,1772600000.0,0.0,1772600000.0,1.0,0,669200000.0,21100000.0,669200000.0,-454900000.0,604500000.0,604500000.0,1735000000.0,1223500000.0,153200000.0,487800000.0,0.2751889879,55200000.0,0.0311406973,-127600000.0,440700000.0,0.2486178495,108900000.0,331800000.0,0.1871826695,1.56,1.56,207638671,207816015,https://www.sec.gov/Archives/edgar/data/73124/000007312423000159/0000073124-23-000159-index.htm,https://www.sec.gov/Archives/edgar/data/73124/000007312423000159/ntrs-20230630.htm,8.536945413217367,1.5979682320351587,-0.4787162214113767,-1.3041886595392436,140.4463814931661,672.2230465441575,668.8575848185814,56.03821265066756,88.59862140034599,15394331067.94,27669631067.94,11.599104180183849,8.684605138181203,-154.8725459551308,-56.84760364822748,1.3230257799651075,1.3230257799651075,15.609630524619204,56.72331092238623,-278.36650973782696,-102.17736731144755,0.0215533886166058,-0.0175908910107801,1.4758888592865065,0.1095548715331494,25.16461664616646,1.6757180808791807,0.0451164691458929,-0.2995780590717299,0.0103999322408637,0.4825195901145268,0.3775245402234006,0.0,0.0044579831262659,-1.7243460764587526,0.0966941216292451,1.1187989556135771,0.0,44.88667821197559,0.0004953639804441,0.0021261911764988,100.66609894647226,29759300000.0,138880700000.0,56627300000.0,30931700000.0,865900000.0,0.0,16602100000.0,21.898341419383957,0.0,0.0,4.109900301414329,0.0,0.0,0.028515688785376,0.8254724381278669,2023-07-19,1.62,bmo,1766210000.0,2025-04-25,2023-06-30,-0.037037037037037,76.75354838709679,1316440.2258064516
2023-03-31,NTRS,USD,73124,2023-05-02,2023-05-02 16:04:22,2023,Q1,1729600000.0,0.0,1729600000.0,1.0,0,696200000.0,16200000.0,696200000.0,-409000000.0,595200000.0,595200000.0,1455400000.0,924200000.0,154900000.0,0.0,0.0,1213300000.0,0.7014916744,-69400000.0,444000000.0,0.256706753,109400000.0,334600000.0,0.1934551341,1.51,1.51,208186841,208730389,https://www.sec.gov/Archives/edgar/data/73124/000007312423000130/0000073124-23-000130-index.htm,https://www.sec.gov/Archives/edgar/data/73124/000007312423000130/ntrs-20230331.htm,8.307921824895743,1.6072101310187996,-0.7920769593693965,-1.4121930021504097,141.47580057665604,715.8814614992885,712.5426337584901,55.66057847047115,82.27897554773887,18347506297.33,29726806297.33,13.708537281328452,10.60794767421947,-111.26444085706488,-62.40648400452381,1.5833468214268454,1.5833468214268454,17.187098923063136,0.0,-180.27171799472407,-101.11158604534012,0.0182368107457029,-0.0160239759690276,1.3984708055023387,0.1072425020515128,0.0,1.8075232404388684,1.3128110798528456,-0.4928272564255828,0.0094127232988132,0.5161386730424388,0.4025208140610545,0.0,0.0046000211769065,-0.7828987265009096,0.0746415356151711,0.8334409296320207,0.0,44.86435697034376,0.01078807075717,0.0022245432406395,174.7006430632184,32001500000.0,148342000000.0,69559800000.0,33178100000.0,1499400000.0,0.0,42332200000.0,67.67171600370028,0.0,0.0,1.3299500192233755,0.0,0.0,0.0288751963271716,0.6201160427810133,2023-04-25,1.52,bmo,1776150000.0,2025-04-25,2023-03-31,-0.006578947368421,92.64064516129032,1211941.8709677418
2022-12-31,NTRS,USD,73124,2023-02-28,2023-02-28 16:20:50,2022,Q4,1514000000.0,0.0,1514000000.0,1.0,0,655900000.0,27700000.0,655900000.0,-440100000.0,-2077500000.0,-2077500000.0,1170100000.0,635600000.0,148200000.0,338600000.0,0.2236459709,520200000.0,0.3435931308,1768800000.0,190400000.0,0.1257595773,34700000.0,155700000.0,0.1028401585,0.71,0.71,208423000,208894000,https://www.sec.gov/Archives/edgar/data/73124/000007312423000049/0000073124-23-000049-index.htm,https://www.sec.gov/Archives/edgar/data/73124/000007312423000049/ntrs-20221231.htm,7.264073542747202,0.7470384746405148,19.921025990413725,18.82901599151725,150.588466723922,54.022348781084624,50.70553633716049,54.022348781084624,62.46095680419147,18443351270.0,26139851270.0,29.61360191072575,12.181870059445178,4.442040286608863,4.699661418305984,1.6380257800079931,1.6380257800079931,17.26542356010568,77.19979701712936,6.295725257707129,6.660852938028743,0.0084420666136344,0.2127812859251582,1.0997557618011458,0.0798694760659895,22.73036030714708,0.2337212906862054,0.8184392699811202,26.666666666666668,0.0180878190257447,2.142581888246628,0.433223249669749,0.0,0.0044589442370741,0.0548169556840077,0.1503302509907529,1.5357624831309042,0.0,30.13349288040112,-0.0152410561696652,0.0010087764196406,-368.470250404226,-27191400000.0,10568200000.0,-135483600000.0,-25999600000.0,849150000.0,0.0,9372300000.0,100.95574636723909,0.0,0.0,0.8914797150091268,0.0,0.0,0.013828322749678,1.0920099988964749,2023-01-19,1.81,bmo,1753288312.0,2025-04-25,2022-12-31,-0.0883977900552487,87.58825396825398,981223.015873016
2022-09-30,NTRS,USD,73124,2022-10-25,2022-10-25 17:11:06,2022,Q3,1754300000.0,0.0,1754300000.0,1.0,0,663200000.0,20100000.0,663200000.0,-406200000.0,553300000.0,553300000.0,799300000.0,286300000.0,140900000.0,665400000.0,0.3792965855,435100000.0,0.2480191529,-61900000.0,524500000.0,0.29897965,129700000.0,394800000.0,0.2250470273,1.89,1.89,208400135,208888572,https://www.sec.gov/Archives/edgar/data/73124/000007312422000208/0000073124-22-000208-index.htm,https://www.sec.gov/Archives/edgar/data/73124/000007312422000208/ntrs-20220930.htm,8.417940804117041,1.894432553990428,-4.297981860712326,-5.155466909846291,69.38767098207494,52.92894843854108,49.670793159514986,52.92894843854108,53.817623486664246,17830715550.600002,24237115550.6,11.290979958586629,10.164005900131109,-19.907017473037847,-16.595975009865974,1.616506704253699,1.616506704253699,13.815832839651144,36.424880599038175,-27.059412248074132,-22.558744927959797,0.0221415679522022,-0.0602555739813732,0.9908344212358572,0.0683766726142958,9.62789299669372,0.2281642249592492,1.519734544184422,-2.268743667679838,0.0084517079290701,0.3817122593718338,0.3780425240836801,0.0,0.0042480086286502,-0.1995087640951211,0.1018639913355754,1.2682753726046845,0.0,47.49823435492306,-0.0108638519076773,0.00248051339339,-764.3766641513931,-30825500000.0,10351400000.0,-139696800000.0,-29677300000.0,0.0,0.0,-48926400000.0,0.0,0.0,0.0,0.0,0.0,0.0,0.0357919930374238,0.8574850491339653,2022-10-19,1.84,bmo,1767768081.0,2025-04-25,2022-09-30,-0.0217391304347826,96.54015625,926824.421875
2022-06-30,NTRS,USD,73124,2022-07-26,2022-07-26 17:07:29,2022,Q2,1764200000.0,0.0,1764200000.0,1.0,0,666100000.0,18100000.0,666100000.0,-401200000.0,546500000.0,546500000.0,524800000.0,66100000.0,133600000.0,674200000.0,0.3821562181,441400000.0,0.2501983902,-71800000.0,540600000.0,0.3064278426,144400000.0,396200000.0,0.2245777123,1.9,1.9,208383991,208878350,https://www.sec.gov/Archives/edgar/data/73124/000007312422000181/0000073124-22-000181-index.htm,https://www.sec.gov/Archives/edgar/data/73124/000007312422000181/ntrs-20220630.htm,8.4661014098727,1.901297686538694,-7.72996040756317,-8.537124140212864,71.16573556746977,53.12164311125033,49.81044825079677,53.12164311125033,38.29900733593302,20104887451.68,22889887451.68,12.686072344573448,11.396036419725656,-12.48130584286069,-11.301229596222598,1.816208881151251,1.816208881151251,12.974655623897515,33.95118281174726,-14.210260399602682,-12.866715824440698,0.0197066509798786,-0.088485946726916,0.7149967930476887,0.0501615159237525,4.130821714624741,0.2699687372570341,6.677760968229955,-4.065623422513882,0.008067690027603,0.4093891973750631,0.3775649019385557,0.0,0.0043730032328535,-0.1044201638937174,0.0953406643237728,1.2589820359281436,0.0,47.67075923385817,-0.0123641224760909,0.0025220199329965,-747.9739650441766,-26854200000.0,10379700000.0,-136785800000.0,-25687600000.0,1097450000.0,0.0,-22908900000.0,0.0,0.0,0.0,0.0,0.0,0.0,0.0357913945274036,0.8071637326496929,2022-07-20,1.93,bmo,1761791988.0,2025-04-25,2022-06-30,-0.0362694300518133,105.68741935483872,873660.2580645161
2022-03-31,NTRS,USD,73124,2022-05-03,2022-05-03 17:06:50,2022,Q1,1716700000.0,0.0,1716700000.0,1.0,0,668200000.0,10800000.0,668200000.0,-391700000.0,563900000.0,563900000.0,383500000.0,2500000.0,130900000.0,641700000.0,0.373798567,513300000.0,0.2990039028,-68900000.0,510800000.0,0.2975476204,121500000.0,389300000.0,0.2267722957,1.87,1.86,208024962,208809133,https://www.sec.gov/Archives/edgar/data/73124/000007312422000148/0000073124-22-000148-index.htm,https://www.sec.gov/Archives/edgar/data/73124/000007312422000148/ntrs-20220331.htm,8.252375020263193,1.8714100281869053,3.590434497952222,2.874174302216673,68.55763780887027,54.848225377875565,51.47363036172553,54.848225377875565,33.688264776608875,24224506824.9,27446806824.9,15.556451852620087,14.11108919723889,32.433400488552685,40.51598398544908,2.1231315908166666,2.1231315908166666,15.988120711190074,42.77202247919589,36.74763264814567,45.905346755143,0.0160705026035801,0.0246816170220409,0.613989728128451,0.0405962970474893,5.021505376344086,1.4587327347663137,205.32,1.918571795530439,0.006200332625373,0.3858207038273825,0.3892351604823207,0.0,0.0040680323356416,0.1994912304190654,0.0867944311760936,1.1382734912146677,0.0,48.05704087341695,0.0046217182888245,0.0022651763323112,-693.0765597255584,23574000000.0,10707800000.0,-86191800000.0,24762000000.0,2073550000.0,0.0,1075600000.0,115.07019281179006,0.0,0.0,0.7821313043874436,0.0,0.0,0.0341197917579624,0.7162601957355483,2022-04-26,1.64,bmo,1685188471.0,2025-04-25,2022-03-31,0.0792682926829269,118.54306451612904,1037339.4516129032
2021-12-31,NTRS,USD,73124,2022-02-28,2022-02-28 16:35:35,2021,Q4,1678500000.0,0.0,1678500000.0,1.0,0,618100000.0,21500000.0,618100000.0,-455900000.0,-1906400000.0,-1906400000.0,362200000.0,1600000.0,132900000.0,642400000.0,0.382722669,511300000.0,0.3046172178,-57200000.0,509600000.0,0.3036044087,103200000.0,406400000.0,0.2421209413,1.92,1.91,207708000,208593000,https://www.sec.gov/Archives/edgar/data/73124/000007312422000071/0000073124-22-000071-index.htm,https://www.sec.gov/Archives/edgar/data/73124/000007312422000071/ntrs-20211231.htm,8.081056097983708,1.956592909276484,9.8306276118397,9.005430700791496,80.3204498623067,57.854295453232425,54.45433011728003,57.854295453232425,34.84025651395228,24843953880.0,29022153880.0,15.282944069881893,14.801283217158176,12.16707668348107,13.281985501202888,2.0674350808867583,2.0674350808867583,17.290529568066727,45.17769906600249,14.213308134580538,15.515719796845763,0.0163581047510783,0.0752899481714864,0.6020737633979096,0.0393442159380237,6.504047322540473,0.131022698983864,319.5625,5.024360236220472,0.0065086258323065,0.3978838582677165,0.3682454572535001,0.0,0.0038403435100804,0.0839414271022087,0.1021149836163241,1.2906626506024097,0.0,50.46721059992398,0.0235479169545103,0.0022185392142091,-740.0781385406436,-46077000000.0,11310600000.0,-164925600000.0,-44882100000.0,976100000.0,0.0,-31624400000.0,104.67560321715818,0.0,0.0,0.8597992009015469,0.0,0.0,0.0338193196191997,0.8251969110482023,2022-01-20,1.81,bmo,1681420000.0,2025-04-25,2021-12-31,0.0552486187845303,119.79859375,691707.09375
2021-09-30,NTRS,USD,73124,2021-10-26,2021-10-26 16:34:33,2021,Q3,1646800000.0,0.0,1646800000.0,1.0,0,597700000.0,27200000.0,597700000.0,-379700000.0,496000000.0,496000000.0,351300000.0,4900000.0,129000000.0,0.0,0.0,62300000.0,0.0378309449,-54000000.0,518100000.0,0.314610153,122400000.0,395700000.0,0.2402841875,1.81,1.8,208116009,208923306,https://www.sec.gov/Archives/edgar/data/73124/000007312421000272/0000073124-21-000272-index.htm,https://www.sec.gov/Archives/edgar/data/73124/000007312421000272/ntrs-20210930.htm,7.912894389590183,1.9013433992961108,2.315054965329457,1.6649367901341987,74.32008750465708,57.17388132308457,53.78394508804943,57.17388132308457,46.07286121847551,22436986930.29,27825886930.29,14.17550349399166,13.62459735868958,46.5690886888543,64.75320903402597,1.8856512362834907,1.8856512362834907,16.896943727404665,0.0,57.75402019570361,80.30558998640693,0.017636057873074,0.0154432500708116,0.8054257572192154,0.0566789503784175,0.0,0.0865591564263678,12.714285714285714,1.2175890826383624,0.0067210450524628,0.3810967904978519,0.3629463201360213,0.0,0.0041724403660392,0.2808219178082192,0.082159339324751,1.0488372093023255,0.0,49.45615828165575,0.00301834284505,0.0023500387812818,-832.9469743002808,-44265800000.0,11193300000.0,-152992200000.0,-43066700000.0,1011300000.0,0.0,-31624400000.0,0.0,0.0,0.0,0.0,0.0,0.0,0.0332554543315292,0.6501181751952585,2021-10-20,1.67,bmo,1608060000.0,2025-04-25,2021-09-30,0.0778443113772455,113.53046875,684477.375
2021-06-30,NTRS,USD,73124,2021-07-27,2021-07-27 16:42:58,2021,Q2,1607300000.0,0.0,1607300000.0,1.0,0,604700000.0,8900000.0,604700000.0,-371700000.0,486300000.0,704400000.0,343100000.0,7500000.0,128400000.0,0.0,0.0,54400000.0,0.0338455795,-58600000.0,486500000.0,0.3026815156,118400000.0,368100000.0,0.2290176072,1.73,1.72,208369188,209138090,https://www.sec.gov/Archives/edgar/data/73124/000007312421000239/0000073124-21-000239-index.htm,https://www.sec.gov/Archives/edgar/data/73124/000007312421000239/ntrs-20210630.htm,7.713712451574175,1.7665759680361186,-5.931779126576046,-6.425614136385654,86.81417907142777,56.7406348005733,53.33610072905789,56.7406348005733,46.20260842020462,24091645516.56,28911945516.56,16.362160769193157,14.988891629789087,-19.491622586213595,-17.99361081227874,2.0376930995990867,2.0376930995990867,17.987896171567225,0.0,-23.391541680064726,-21.593805001538577,0.015279155578932,-0.055575282272839,0.8136428994333079,0.0558339925858039,0.0,2.3686171562285736,7.253333333333333,-3.3577832110839445,0.0067243227486742,0.4400977995110024,0.3762209917252535,0.0,0.0041174500598115,-0.083252427184466,0.0640204068935481,0.8014018691588785,0.0,47.49025628084828,0.0003303452091796,0.0021453336806897,-675.9936598687518,65272500000.0,11113600000.0,-47503300000.0,66478400000.0,2002050000.0,0.0,11150000.0,113.25452622410252,0.0,0.0,0.7946702264412143,0.0,0.0,0.0311342298908906,0.4938350098096077,2021-07-21,1.71,bmo,1607630000.0,2025-04-25,2021-06-30,0.0467836257309942,114.65523809523808,852728.1904761905
2021-03-31,NTRS,USD,73124,2021-04-27,2021-04-27 16:38:54,2021,Q1,1613400000.0,0.0,1613400000.0,1.0,0,621900000.0,7900000.0,621900000.0,0.0,518500000.0,714900000.0,349900000.0,9800000.0,125400000.0,0.0,0.0,54900000.0,0.0340275195,-63800000.0,495900000.0,0.3073633321,120800000.0,375100000.0,0.232490393,1.71,1.7,208112824,208946448,https://www.sec.gov/Archives/edgar/data/73124/000007312421000185/0000073124-21-000185-index.htm,https://www.sec.gov/Archives/edgar/data/73124/000007312421000185/ntrs-20210331.htm,7.752525620429811,1.8023877279181988,0.328187368213311,-0.1787491961571767,102.21763172076317,55.0561939421859,51.67341345577051,55.0561939421859,47.44109377901671,21874738930.64,27153538930.64,14.57927148136497,13.558162223032106,320.2743620884333,-588.0306164150537,1.9091403250717844,1.9091403250717844,16.83001049376472,0.0,397.562795470571,-729.9338422215054,0.0171476332215602,-0.0017005917244522,0.8608296459211549,0.0601699201032673,0.0,0.0,5.6020408163265305,0.1820847773926952,0.0068846535941534,0.4014929352172754,0.385459278542209,0.0,0.0042946705212961,1.5446559297218154,0.0653898599231436,0.8413078149920256,0.0,47.25181146700943,0.0002533275904987,0.0022981238217596,-623.2274518556338,102708000000.0,10753900000.0,-49758200000.0,103908700000.0,1576550000.0,0.0,11350000.0,110.5336556340647,0.0,0.0,0.8142316426949281,0.0,0.0,0.0327372380628212,0.5069365643704878,2021-04-20,1.49,bmo,1191516778.0,2025-04-25,2021-03-31,0.1409395973154362,98.12803278688524,1040958.9836065574
2020-12-31,NTRS,USD,73124,2021-02-23,2021-02-23 16:51:30,2020,Q4,1524400000.0,0.0,1524400000.0,1.0,0,572200000.0,9100000.0,572200000.0,-1494400000.0,-922200000.0,208100000.0,352600000.0,18200000.0,127800000.0,501200000.0,0.3287850958,391600000.0,0.2568879559,-115500000.0,373400000.0,0.2449488323,132500000.0,240900000.0,0.1580293886,1.13,1.12,208225000,208962000,https://www.sec.gov/Archives/edgar/data/73124/000007312421000071/0000073124-21-000071-index.htm,https://www.sec.gov/Archives/edgar/data/73124/000007312421000071/ntrs-20201231.htm,7.320926881978629,1.1569215992316004,7.089926761916196,6.272061471965422,113.25153079601392,56.13302917517109,52.73670308560452,56.13302917517109,41.39368471605235,19394076500.0,23605576500.0,20.12668794105437,12.722432760430332,13.136948113527062,14.849982006125574,1.6592726487170932,1.6592726487170932,15.485159078981894,47.0981175179569,15.989688071530177,18.07471401225115,0.0124213184371011,0.0673401489367127,0.7358640691974025,0.0505929569851044,8.402833200319234,0.0,21.51648351648352,6.12826899128269,0.0083530659477392,0.6724782067247821,0.3753607976908947,0.0,0.0041599045668952,0.1153559574612206,0.1117160850170558,1.3325508607198748,0.0,38.22543737315105,0.0014860940146307,0.0014229456333171,-642.8113819185977,108968200000.0,10981100000.0,-49347400000.0,110190300000.0,1749250000.0,0.0,20750000.0,69.17082130674365,0.0,0.0,1.301126664390577,0.0,0.0,0.0206103539436872,0.8178652899507745,2021-01-21,1.52,bmo,1313800000.0,2025-04-25,2020-12-31,-0.0197368421052631,88.20453125,887766.40625
2020-09-30,NTRS,USD,73124,2020-10-27,2020-10-27 16:36:50,2020,Q3,1484600000.0,0.0,1484600000.0,1.0,0,559200000.0,23400000.0,559200000.0,0.0,461700000.0,647700000.0,355400000.0,26800000.0,123900000.0,513800000.0,0.3460864879,53500000.0,0.0360366429,-103600000.0,389900000.0,0.2626296646,95400000.0,294500000.0,0.1983699313,1.32,1.32,208106190,208688494,https://www.sec.gov/Archives/edgar/data/73124/000007312420000244/0000073124-20-000244-index.htm,https://www.sec.gov/Archives/edgar/data/73124/000007312420000244/ntrs-20200930.htm,7.133857959727195,1.415142913336696,-0.374328125463255,-0.9783466796446564,121.7147841686016,55.6403439993784,52.28628711140212,55.6403439993784,64.39693120132563,16226039634.3,24863139634.3,13.774227193803055,10.92957000828506,-208.29319171116816,-79.69567600343811,1.4013213146358523,1.4013213146358523,16.747366047622254,48.39069605741533,-319.16738940051346,-122.11758170088407,0.0181498385704334,-0.0125477322001366,1.1550638650672331,0.0879433463526255,16.810237446477228,11.10552678495628,1.9962686567164176,-0.2645161290322581,0.009275214617488,0.5110356536502547,0.3766671157214064,0.0,0.0045896292789416,-1.613607188703466,0.0846692711841573,1.0145278450363195,0.0,42.090715916845205,0.0002809416542588,0.0019453839243248,-544.976941819943,83323100000.0,10881100000.0,-48934500000.0,84531100000.0,2224100000.0,0.0,40750000.0,141.0622389869325,0.0,0.0,0.6380162447892045,0.0,0.0,0.0254337556459483,0.6040185541814014,2020-10-21,1.38,bmo,1355582608.0,2025-04-25,2020-09-30,0.0724637681159421,80.29796875,1086739.09375
2020-06-30,NTRS,USD,73124,2020-07-28,2020-07-28 16:48:23,2020,Q2,1440100000.0,0.0,1440100000.0,1.0,0,550700000.0,7900000.0,550700000.0,0.0,460300000.0,636500000.0,406300000.0,34200000.0,124800000.0,528000000.0,0.3666412055,56500000.0,0.0392333866,-77900000.0,403200000.0,0.2799805569,89900000.0,313300000.0,0.2175543365,1.47,1.46,208068635,208568357,https://www.sec.gov/Archives/edgar/data/73124/000007312420000212/0000073124-20-000212-index.htm,https://www.sec.gov/Archives/edgar/data/73124/000007312420000212/ntrs-20200630.htm,6.921273838317823,1.5057531376605608,15.301200971496735,14.666794925626345,112.64840565710443,54.704064358378666,51.38496727293857,54.704064358378666,64.44363899441163,16508165500.900002,25420465500.9,13.17281000710182,11.463207763974726,5.185213902346327,5.409498148867844,1.4503492735060006,1.4503492735060006,17.651875217623775,48.14482102443182,7.984566856456325,8.329935937641315,0.0189784867363317,0.1848600318329511,1.1750364604382282,0.0883196452025946,16.87935606060606,11.54798216086814,1.652046783625731,10.161825726141078,0.0100011112676934,0.5269709543568465,0.3824039997222415,0.0,0.0045604356781122,0.0414611929515972,0.0916603013679605,1.0576923076923077,0.0,43.05047470567907,0.0003065729104532,0.002078381449666,-552.680248995722,86800400000.0,10691600000.0,-45021200000.0,87992000000.0,2151500000.0,0.0,44756750000.0,132.57204360808277,0.0,0.0,0.678876160844765,0.0,0.0,0.027525434450282,0.6344060458703927,2020-07-22,1.37,bmo,1414008904.0,2025-04-25,2020-06-30,0.0656934306569342,79.30825396825396,1484010.603174603
2020-03-31,NTRS,USD,73124,2020-04-27,2020-04-27 16:40:52,2020,Q1,1526700000.0,0.0,1526700000.0,1.0,0,597700000.0,18800000.0,597700000.0,632500000.0,1248000000.0,1440800000.0,529200000.0,121100000.0,123800000.0,0.0,0.0,227000.0,0.0001486867,-43000000.0,461100000.0,0.3020239733,100500000.0,360600000.0,0.2361957163,1.56,1.55,208881131,209816822,https://www.sec.gov/Archives/edgar/data/73124/000007312420000179/0000073124-20-000179-index.htm,https://www.sec.gov/Archives/edgar/data/73124/000007312420000179/q12020form10-q.htm,7.30894165830613,1.726340710018465,-12.855637017783096,-13.489490345587988,103.55506931834834,52.08560461116998,48.78564162887456,52.08560461116998,70.01063202783979,15762170145.259998,24431770145.26,10.927738592110371,10.324340175057312,-5.8697985868469065,-5.593984506959576,1.448768821314926,1.448768821314926,16.002993479570314,0.0,-9.09833915959483,-8.670820224033786,0.0228775604296112,-0.1787634554146301,1.3330146970964274,0.0896844459066027,0.0,3.97648603526004e-05,0.0018744838976052,-7.44675540765391,0.0097004409031823,0.4240155296727676,0.3914980022270256,0.0,0.0042625898835687,-0.049305477972666,0.0867229973144691,1.0694668820678517,0.0,44.9793701827764,-1.215978818689201e-06,0.0022394747481522,-396.54838425783896,-146681467000.0,10190400000.0,-150823667000.0,-145501967000.0,1546500000.0,0.0,83548250000.0,128.61269404598153,0.0,0.0,0.6997754045010771,0.0,0.0,0.0331442962581688,0.633853327804894,2020-04-21,1.45,bmo,1546635483.0,2025-04-25,2020-03-31,0.0689655172413793,91.68854838709676,1706430.5322580645
2019-12-31,NTRS,USD,73124,2020-02-25,2020-02-25 17:06:15,2019,Q4,1548700000.0,0.0,1548700000.0,1.0,0,556100000.0,26100000.0,556100000.0,628500000.0,1227000000.0,1432700000.0,576100000.0,155300000.0,117300000.0,593700000.0,0.3833537806,631700000.0,0.4078904888,-62100000.0,476400000.0,0.3076128366,105300000.0,371100000.0,0.2396203267,1.71,1.7,210648000,211855000,https://www.sec.gov/Archives/edgar/data/73124/000007312420000101/0000073124-20-000101-index.htm,https://www.sec.gov/Archives/edgar/data/73124/000007312420000101/a201910-k.htm,7.352075500360791,1.7617067335080323,7.768409859101439,6.603907941209981,84.9787322927348,52.65181724962972,49.343929208917245,52.65181724962972,56.68935855075766,22379243520.0,29701243520.0,15.076289086499596,14.450341266868987,13.675900464434124,16.087444123355617,2.0177841060319177,2.0177841060319177,19.17817751662685,50.02735981135253,18.150356587631386,21.35090469412695,0.0165823299464235,0.0621602780610879,1.0626814534307096,0.0861385501840261,12.332828027623378,1.1182353008823824,4.067611075338055,4.409593101589868,0.0074175876343473,0.447318781999461,0.359075353522309,0.0,0.0050925100344665,0.1499022243950134,0.1583909085039065,2.0912190963341857,0.0,45.68406584414755,0.0326096843304465,0.0027260386273282,-324.40908529869733,14393800000.0,10394200000.0,10395000000.0,15573900000.0,1550550000.0,0.0,71503850000.0,52.95861044747208,0.0,0.0,1.6994403599253811,0.0,0.0,0.0334595618068704,1.1645019178914586,2020-01-22,1.74,bmo,1584366666.0,2025-04-25,2019-12-31,0.0344827586206896,102.35984375,998069.40625
2019-09-30,NTRS,USD,73124,2019-10-28,2019-10-28 16:37:48,2019,Q3,1544900000.0,0.0,1544900000.0,1.0,0,545600000.0,38700000.0,545600000.0,633700000.0,1232000000.0,1426000000.0,620800000.0,203100000.0,115300000.0,0.0,0.0,45100000.0,0.029192828,-53300000.0,508600000.0,0.3292122467,124000000.0,384600000.0,0.248948152,1.7,1.69,213176809,214206576,https://www.sec.gov/Archives/edgar/data/73124/000007312419000237/0000073124-19-000237-index.htm,https://www.sec.gov/Archives/edgar/data/73124/000007312419000237/q32019form10-q.htm,7.247035956899046,1.8041362088312336,2.707142501602977,2.15361137148835,86.94707499820021,50.71517887295142,47.49156368130081,50.71517887295142,58.65459783667181,19893659815.88,27146759815.88,12.931396136167448,12.876988682684962,34.471772337341875,43.33186629466346,1.8400802693367124,1.8400802693367124,17.571855664366623,0.0,47.03995809370993,59.13038513587453,0.0193327926364255,0.0230777043665704,1.137763266212204,0.0989153702521313,0.0,0.5063199938635516,0.2220580994583949,1.500520020800832,0.0067860816586517,0.3510140405616224,0.3531620169590265,0.0,0.0055260792017742,0.2044706290071045,0.0763803482426047,1.023417172593235,0.0,45.37272900317987,0.0022971754118687,0.0031099244270574,-284.64822362548824,-54062700000.0,10124100000.0,-58097600000.0,-52975000000.0,1794700000.0,0.0,67490950000.0,127.56942196905948,0.0,0.0,0.7054982190154352,0.0,0.0,0.0355738902814647,0.5535311301146271,2019-10-23,1.63,bmo,1606852071.0,2025-04-25,2019-09-30,0.0368098159509202,91.835625,1109878.21875
2019-06-30,NTRS,USD,73124,2019-07-30,2019-07-30 16:42:35,2019,Q2,1513100000.0,0.0,1513100000.0,1.0,0,544800000.0,21700000.0,544800000.0,645600000.0,1223000000.0,1409400000.0,640200000.0,222800000.0,112400000.0,619300000.0,0.4092921816,38900000.0,0.0257088097,-55200000.0,506900000.0,0.3350076003,117500000.0,389400000.0,0.2573524552,1.76,1.75,216139033,217169539,https://www.sec.gov/Archives/edgar/data/73124/000007312419000197/0000073124-19-000197-index.htm,https://www.sec.gov/Archives/edgar/data/73124/000007312419000197/q22019form10-q.htm,7.000586515995008,1.8016181279019603,0.3923400545610843,-0.280837751319078,83.53049307849915,49.99328372122402,46.83790733902284,49.99328372122402,57.70915057253911,19809142374.45,26705242374.45,12.717733933262712,13.091760210461969,233.59837705719343,-326.3450144060956,1.83324625185785,1.83324625185785,17.64935719678144,43.121657313822055,314.9203110194576,-439.9545695955519,0.0196575900480301,-0.003064241694698,1.1337189394289946,0.0968021562865218,11.135314064266106,0.4793341840067433,0.1745960502692998,0.2177709296353364,0.0074914904035122,0.3810991268618387,0.3600555151675368,0.0,0.0053891359129014,1.715801886792453,0.0961602009120349,1.2944839857651245,0.0,45.01719826992592,0.0020196221683957,0.0030936951065751,-286.0991795035929,-58186800000.0,10123500000.0,-62177600000.0,-57097300000.0,1778100000.0,0.0,66956800000.0,83.24895909060868,0.0,0.0,1.081094598456702,0.0,0.0,0.0360372032761093,0.6731778058801623,2019-07-24,1.68,bmo,1585728000.0,2025-04-25,2019-06-30,0.0416666666666667,92.1268253968254,1187380.0952380951
2019-03-31,NTRS,USD,73124,2019-04-29,2019-04-29 16:54:52,2019,Q1,1480900000.0,0.0,1480900000.0,1.0,0,567700000.0,17700000.0,567700000.0,673100000.0,1270000000.0,1458400000.0,662800000.0,240800000.0,113900000.0,0.0,0.0,29000000.0,0.0195826862,-55000000.0,452200000.0,0.3053548518,105100000.0,347100000.0,0.2343844959,1.49,1.48,218236802,219270215,https://www.sec.gov/Archives/edgar/data/73124/000007312419000166/0000073124-19-000166-index.htm,https://www.sec.gov/Archives/edgar/data/73124/000007312419000166/q12019form10-q.htm,6.7857482625684735,1.5904741859258,1.345785849629523,0.9288075986377404,91.10562388098045,48.6453242657029,45.51569629397337,48.6453242657029,55.48834976055047,20230551545.4,26988251545.4,14.57112614909248,13.660984229455062,68.88168725025537,99.80538502910706,1.905630220361335,1.905630220361335,18.224222800594237,0.0,91.89053982090569,133.14381620818946,0.017157218834151,0.0100194994459303,1.117989487763983,0.0973895005637182,0.0,0.5033642257829071,0.1204318936877076,0.8461538461538461,0.0062628050310773,0.3650244886199942,0.3833479640758997,0.0,0.005604360077263,0.3098399727613211,0.0614491187791208,0.7989464442493416,0.0,41.72296108245774,0.0015850410346572,0.0028641827795858,-263.93646475813,-53550100000.0,9933200000.0,-56977600000.0,-52455600000.0,1946700000.0,0.0,67702100000.0,131.06489297049092,0.0,0.0,0.6866827413521284,0.0,0.0,0.0326953147077108,0.4169782509917827,2019-04-23,1.47,bmo,1634779054.0,2025-04-25,2019-03-31,0.0068027210884353,90.14868852459016,1259526.426229508
2018-12-31,NTRS,USD,73124,2019-02-26,2019-02-26 16:37:47,2018,Q4,1507800000.0,0.0,1507800000.0,1.0,0,529400000.0,22100000.0,529400000.0,681200000.0,1249000000.0,1444500000.0,648600000.0,231400000.0,114000000.0,599900000.0,0.3978644383,717300000.0,0.4757262236,-67100000.0,485900000.0,0.3222575938,76000000.0,409900000.0,0.2718530309,1.81,1.8,220328000,221502000,https://www.sec.gov/Archives/edgar/data/73124/000007312419000088/0000073124-19-000088-index.htm,https://www.sec.gov/Archives/edgar/data/73124/000007312419000088/a201810-k.htm,6.843433426527723,1.8604081188046917,2.0837115573145493,1.2762790022148796,93.11844159616572,47.69389274173051,44.65614901419701,47.69389274173051,64.8891652445445,18417217520.0,27767117520.0,11.23275037814101,12.214628942830617,40.11591705510782,65.49508364153627,1.7526352997154633,1.7526352997154633,18.41565029844807,46.286243573928985,60.48163258549336,98.74508364153628,0.0222563478742037,0.0152683215960626,1.3385133656252677,0.1063855535596104,15.585764294049008,0.4718793875720714,3.099827139152982,1.1200292754330323,0.007552715270314,0.3393510612344474,0.3511075739487996,0.0,0.0050623050014181,0.3874972772816379,0.1179864703541583,1.5605263157894738,0.0,44.68139846365152,0.0435027998329566,0.0031160865784016,-291.99829345339674,-62478200000.0,9839000000.0,-65879500000.0,-61380700000.0,1716500000.0,0.0,71397550000.0,103.66892160764029,0.0,0.0,0.8681483187471212,0.0,0.0,0.0390072609270766,0.8074325550996696,2019-01-23,1.64,bmo,1513993333.0,2025-04-25,2018-12-31,0.0182926829268292,93.72063492063492,1471523.253968254
2018-09-30,NTRS,USD,73124,2018-10-29,2018-10-29 16:37:19,2018,Q3,1483300000.0,0.0,1483300000.0,1.0,0,518900000.0,38300000.0,518900000.0,605800000.0,1184000000.0,1370900000.0,599200000.0,191000000.0,113700000.0,0.0,0.0,20900000.0,0.0140902043,-58800000.0,481000000.0,0.32427695,106500000.0,374500000.0,0.2524775838,1.59,1.58,222442797,223860014,https://www.sec.gov/Archives/edgar/data/73124/000007312418000297/0000073124-18-000297-index.htm,https://www.sec.gov/Archives/edgar/data/73124/000007312418000297/q32018form10-q.htm,6.6682312037283005,1.6835789023098824,6.536062392705842,5.948945157347576,89.80556021330733,46.59400142320634,43.56985315195439,46.59400142320634,62.47583732729273,23058420337.02,31648320337.02,15.39280396329773,15.545351808144003,15.859701724341429,17.42493791054183,2.2247498998523807,2.2247498998523807,21.33642576486213,0.0,21.767879728330698,23.916209730990705,0.016241355414913,0.0573890136730424,1.3224275170051618,0.1035387166344988,0.0,0.4690586966049695,0.1094240837696335,3.8822429906542055,0.0043324737141516,0.2667556742323097,0.349828086024405,0.0,0.0050816409009015,0.0898273608913955,0.0880469224027506,1.148636763412489,0.0,42.01196555544508,0.0011847867212095,0.0028434586783573,-291.83817536694613,-62993000000.0,9691800000.0,-66363000000.0,-61903100000.0,1939950000.0,0.0,72226800000.0,102.91781837794107,0.0,0.0,0.874484141021106,0.0,0.0,0.0361329538327946,0.5871172353582661,2018-10-17,1.61,bmo,1629666455.0,2025-04-25,2018-09-30,-0.0186335403726708,107.06444444444443,1130256.111111111
2018-06-30,NTRS,USD,73124,2018-07-30,2018-07-30 16:37:05,2018,Q2,1504600000.0,0.0,1504600000.0,1.0,0,536900000.0,21900000.0,536900000.0,569700000.0,1153000000.0,1338600000.0,567700000.0,154400000.0,117300000.0,672900000.0,0.4472284993,31400000.0,0.020869334,-53400000.0,507200000.0,0.3370995613,116800000.0,390400000.0,0.2594709557,1.69,1.68,224207590,225611397,https://www.sec.gov/Archives/edgar/data/73124/000007312418000259/0000073124-18-000259-index.htm,https://www.sec.gov/Archives/edgar/data/73124/000007312418000259/q22018form10-q.htm,6.710745162552258,1.741243461026453,1.4821086119341456,0.983909599135337,86.48146122082665,46.1964735448965,43.19256096548739,46.1964735448965,67.69842180632689,23068718935.1,33194718935.1,14.77248907216957,15.332127432606672,69.42136303069515,104.57261529963736,2.2272262816772224,2.2272262816772224,22.062155347002523,49.33083509451627,99.89382767108034,150.47470052175882,0.0169233498010151,0.0095627330074384,1.4505387348420484,0.1112021506044874,15.048298409867735,0.4466688054753502,0.2033678756476684,0.8511782786885246,0.0048507244947069,0.2866290983606557,0.356839026983916,0.0,0.0049849673812156,0.3361420403250075,0.074239000398777,0.9522591645353794,0.0,42.54273637599,0.0017845919113283,0.0029040553377266,-300.3563572491012,-67264600000.0,9684100000.0,-70450200000.0,-66162300000.0,1480700000.0,0.0,70681950000.0,130.62142762195933,0.0,0.0,0.6890140587076979,0.0,0.0,0.037692129450838,0.4981990127988084,2018-07-18,1.63,bmo,1553254166.0,2025-04-25,2018-06-30,0.0306748466257669,105.9059375,1067843.0
2018-03-31,NTRS,USD,73124,2018-05-04,2018-05-04 16:42:40,2018,Q1,1479000000.0,0.0,1479000000.0,1.0,0,554800000.0,16100000.0,554800000.0,520200000.0,1114000000.0,1285400000.0,505900000.0,121900000.0,115900000.0,0.0,0.0,34800000.0,0.0235294118,-52900000.0,483700000.0,0.3270453009,102100000.0,381600000.0,0.2580121704,1.59,1.58,225681167,227047519,https://www.sec.gov/Archives/edgar/data/73124/000007312418000206/0000073124-18-000206-index.htm,https://www.sec.gov/Archives/edgar/data/73124/000007312418000206/q12018form10-q.htm,6.553493229676538,1.690881011794839,-2.117146088667647,-2.497328454527178,90.5932926162155,45.44287029497681,42.73285240500374,45.44287029497681,50.93867668630055,23274498752.71,28537098752.71,15.247968260423216,15.736645539357674,-48.71180149164922,-41.29612979544002,2.2694429143794608,2.2694429143794608,19.29486054949966,0.0,-59.7260333878401,-50.633603180819726,0.0163956269930654,-0.0242153442696322,1.1090526151565974,0.0877134806072543,0.0,0.4703986305140734,0.2854799015586546,-1.2520964360587,0.004335216885745,0.2644129979035639,0.3751183231913455,0.0,0.0047165082415506,-0.1795730431142737,0.0580121703853955,0.7402933563416738,0.0,41.57963379255186,0.002045140309662,0.0029567505497417,-283.96266224553864,-61565100000.0,9644000000.0,-64733700000.0,-60510900000.0,1326950000.0,0.0,74209150000.0,47.324543610547664,0.0,0.0,1.9017616047319017,0.0,0.0,0.0372089395062209,0.3801823658595313,2018-04-17,1.4,bmo,1372177215.0,2025-04-25,2018-03-31,0.1071428571428572,104.60524590163936,1213123.1147540985
2017-12-31,NTRS,USD,73124,2018-02-27,2018-02-27 17:02:44,2017,Q4,1424800000.0,0.0,1424800000.0,1.0,0,531200000.0,22900000.0,531200000.0,505500000.0,1097000000.0,1272600000.0,488100000.0,108100000.0,110500000.0,546100000.0,0.3832818641,543700000.0,0.3815974172,-26800000.0,435600000.0,0.3057271196,79000000.0,356600000.0,0.2502807412,1.52,1.51,226791000,228067000,https://www.sec.gov/Archives/edgar/data/73124/000007312418000141/0000073124-18-000141-index.htm,https://www.sec.gov/Archives/edgar/data/73124/000007312418000141/a201710-k.htm,6.282436251879484,1.572372801389826,3.751030684639161,3.217940747207781,72.56901728904586,45.04676111485905,42.37646114704728,45.04676111485905,55.13269926937136,22654152990.0,30510552990.0,15.882047805664609,15.899882783548568,26.630014094275303,31.04159083310496,2.217473521465908,2.217473521465908,21.413919841381247,55.86990109869987,35.86523214999412,41.80673196766237,0.0157410431613757,0.0322148438002581,1.2133180634678256,0.0894397523639787,14.386376121589452,0.4099397590361446,5.029602220166512,2.385586090858104,0.0049880478890506,0.3168816601233875,0.3728242560359349,0.0,0.0043697078804102,0.1421182555542494,0.0848540145985401,1.0941176470588236,0.0,39.92094430588356,0.03315049247652,0.0025843407503284,-311.31350009480093,-73854300000.0,9610600000.0,-77064600000.0,-72784100000.0,1692950000.0,0.0,76668550000.0,118.51347557551937,0.0,0.0,0.7594073126532352,0.0,0.0,0.0349053464106027,0.5330899374313796,2018-01-24,1.31,bmo,1468480451.0,2025-04-25,2017-12-31,0.015267175572519,95.27873015873016,1056258.2222222222
2017-09-30,NTRS,USD,73124,2017-10-26,2017-10-26 17:13:56,2017,Q3,1352200000.0,0.0,1352200000.0,1.0,0,486100000.0,36500000.0,486100000.0,479100000.0,1028000000.0,1200700000.0,453800000.0,99600000.0,104800000.0,0.0,0.0,40000000.0,0.0295814229,-61500000.0,416600000.0,0.3080905192,118200000.0,298400000.0,0.2206774146,1.21,1.2,228010866,229313645,https://www.sec.gov/Archives/edgar/data/73124/000007312417000310/0000073124-17-000310-index.htm,https://www.sec.gov/Archives/edgar/data/73124/000007312417000310/q32017form10-q.htm,5.930419123095651,1.3087095594821343,2.4433046098776714,1.8621919536062808,65.87756216846262,44.58208583796178,42.27298535851357,44.58208583796178,53.75182426612949,20961038911.38,27789538911.38,17.56119211744303,15.50143389393581,37.62527178492192,49.36655419543099,2.0620390067465477,2.0620390067465477,20.55135254502293,0.0,49.88249669965895,65.44874920249647,0.014235935597543,0.0202566295399356,1.1958839963798056,0.0925143188518738,0.0,0.4237764968547586,0.4016064257028112,1.8669571045576407,0.0044272614726943,0.3109919571045576,0.3594882413844106,0.0,0.0040068432163725,0.2378388081134446,0.097988463245082,1.2643129770992367,0.0,36.23206512400801,0.0021061944364168,0.0022800608525624,-299.6323210315775,-67877400000.0,9638700000.0,-71315400000.0,-66888400000.0,1729250000.0,0.0,70793600000.0,100.48291672829464,0.0,0.0,0.895674637345168,0.0,0.0,0.0293550544996655,0.5811126562713902,2017-10-18,1.12,bmo,1325678333.0,2025-04-25,2017-09-30,0.0982142857142855,90.3320634920635,1251929.507936508
2017-06-30,NTRS,USD,73124,2017-07-27,2017-07-27 16:26:45,2017,Q2,1328200000.0,0.0,1328200000.0,1.0,0,485300000.0,19800000.0,485300000.0,456800000.0,1006000000.0,1173000000.0,417200000.0,75700000.0,105100000.0,0.0,0.0,43000000.0,0.0323746424,-85300000.0,390800000.0,0.2942327963,122900000.0,267900000.0,0.201701551,1.12,1.12,229196531,230637823,https://www.sec.gov/Archives/edgar/data/73124/000007312417000251/0000073124-17-000251-index.htm,https://www.sec.gov/Archives/edgar/data/73124/000007312417000251/q22017form10-q.htm,5.795026627170024,1.1688658586198235,-2.0598042995685653,-2.6060603857917903,65.02759851980483,43.9269301157093,41.644609359292616,43.9269301157093,35.75970353582708,22280194778.51,24695694778.51,20.791521816452036,16.774728789722932,-47.19380380959543,-37.30151478069647,2.2129932536586576,2.2129932536586576,18.593355502567384,0.0,-52.31030455096378,-41.345546255667166,0.0120241318652383,-0.0268085627588909,0.8065535017232988,0.0646491361458914,0.0,0.4381320700852871,0.5680317040951123,-1.7622247107129525,0.0048473543913614,0.4031354983202687,0.365381719620539,0.0,0.0041646199177266,-0.2651980512603262,0.0942629122120162,1.1912464319695528,0.0,33.98904970634233,0.0021812846372689,0.0021417847086645,-284.21459834398627,-62980900000.0,9544800000.0,-66426700000.0,-61994500000.0,1881150000.0,0.0,67133550000.0,132.05240174672488,0.0,0.0,0.6815476190476191,0.0,0.0,0.0266093226988746,0.5462560862232247,2017-07-19,1.23,bmo,1499611607.0,2025-04-25,2017-06-30,-0.040650406504065,89.9252380952381,1022908.1587301588
2017-03-31,NTRS,USD,73124,2017-05-02,2017-05-02 17:01:46,2017,Q1,1285400000.0,0.0,1285400000.0,1.0,0,503600000.0,16100000.0,503600000.0,413200000.0,950000000.0,1103100000.0,410300000.0,56800000.0,101300000.0,0.0,0.0,39700000.0,0.0308853275,-49000000.0,390900000.0,0.3041076708,114800000.0,276100000.0,0.2147969504,1.1,1.09,229059540,230630876,https://www.sec.gov/Archives/edgar/data/73124/000007312417000190/0000073124-17-000190-index.htm,https://www.sec.gov/Archives/edgar/data/73124/000007312417000190/q12017form10-q.htm,5.611641409914645,1.2053634613952338,3.4257468604014485,3.014500072775838,62.09695522832186,43.559416909682085,41.292320765160014,43.559416909682085,35.06773828324286,19831974973.2,23158574973.2,17.957239200651937,15.428640869145791,25.273320980247227,28.72118026531499,1.987629912023813,1.987629912023813,18.016629044032985,0.0,29.51264811163502,33.538848621578566,0.0139219619010768,0.0348175106580715,0.7993625785501669,0.0656505502157813,0.0,0.4481538532490891,0.698943661971831,2.842086200651938,0.0046793120768559,0.3361101050344078,0.3917846584720709,0.0,0.0042744716175249,0.1200458774053778,0.0732845806752761,0.9299111549851924,0.0,34.37093124587666,0.0021448292708625,0.0022823953826339,-274.27159331586887,-59828400000.0,9458400000.0,-62924400000.0,-58849200000.0,1575550000.0,0.0,66626350000.0,126.9760385872102,0.0,0.0,0.708795147504825,0.0,0.0,0.0276717079086362,0.4112467876256103,2017-04-25,1.07,bmo,1290380733.0,2025-04-25,2017-03-31,0.0186915887850467,86.9417741935484,1169889.1935483871
2016-12-31,NTRS,USD,73124,2017-02-28,2017-02-27 21:25:26,2016,Q4,1273100000.0,0.0,1273100000.0,1.0,0,468000000.0,16400000.0,468000000.0,396000000.0,899000000.0,1059600000.0,371000000.0,46700000.0,96600000.0,486100000.0,0.3818238944,436200000.0,0.3426282303,-70200000.0,389500000.0,0.3059461158,123000000.0,266500000.0,0.2093315529,1.12,1.11,227638000,229480000,https://www.sec.gov/Archives/edgar/data/73124/000007312417000117/0000073124-17-000117-index.htm,https://www.sec.gov/Archives/edgar/data/73124/000007312417000117/a201610-k.htm,5.592651490524429,1.1707184213532011,3.683479911086901,2.95864486597141,74.00785457612525,42.92077772603871,40.639084862808495,42.92077772603871,39.27112345039053,20271163900.0,23825263900.0,19.01610121951219,15.922679993716129,24.175508527131782,30.098238901262064,2.0747527122738068,2.0747527122738068,18.71436957034011,49.013091750668586,28.414148956469887,35.37529903489235,0.0131467537490533,0.0332245352719978,0.9101879145173176,0.071759238712499,7.311458547623945,0.4486446094980869,9.340471092077088,3.1463414634146343,0.0045335334691857,0.3448405253283302,0.3676066294870788,0.0,0.0041911804458918,0.1967799642218247,0.1296049014217264,1.708074534161491,0.0,33.624147062941134,0.0232224520560343,0.0021595121852399,-275.79929537247733,-61241800000.0,9251000000.0,-64323300000.0,-60255800000.0,2363350000.0,0.0,65535400000.0,94.55973607729165,0.0,0.0,0.9517793062200955,0.0,0.0,0.0272762629984442,0.7248350451154904,2017-01-18,1.12,bmo,1286571171.0,2025-04-25,2016-12-31,-0.0089285714285714,79.47730158730158,1404997.7142857143
2016-09-30,NTRS,USD,73124,2016-10-26,2016-10-26 17:26:32,2016,Q3,1216700000.0,0.0,1216700000.0,1.0,0,455300000.0,19200000.0,455300000.0,390500000.0,886000000.0,1043600000.0,349200000.0,46100000.0,91800000.0,0.0,0.0,33100000.0,0.0272047341,-52200000.0,373700000.0,0.3071422701,116100000.0,257600000.0,0.2117202268,1.09,1.08,226540086,228055195,https://www.sec.gov/Archives/edgar/data/73124/000007312416000473/0000073124-16-000473-index.htm,https://www.sec.gov/Archives/edgar/data/73124/000007312416000473/q32016form10-q.htm,5.370793405631531,1.1371055981677345,5.203052672982564,4.661868098699318,79.2084982257842,42.28743870080459,39.97261659024885,42.28743870080459,34.88786527608187,15402460447.14,18352060447.14,14.948040030221271,12.65920970423276,13.067328792008144,14.584282214884954,1.6078060551514644,1.6078060551514644,15.0834720532095,0.0,15.569746710053447,17.377199552258308,0.016724600649621,0.0685669671819284,0.8202050147184701,0.0654319856768122,0.0,0.461968694679959,0.7180043383947939,4.575698757763975,0.0056938954851388,0.3404503105590062,0.3742089257828552,0.0,0.0043669067743681,0.1040128955629082,0.1007643626202021,1.3355119825708062,0.0,32.89253522874675,0.0017888350331849,0.0021545559323054,-256.0605322627096,-57746900000.0,9055400000.0,-60922100000.0,-56783700000.0,2993800000.0,0.0,64334300000.0,250.69367962521576,0.0,0.0,0.3590038653329792,0.0,0.0,0.0268899141944508,0.5411845742832463,2016-10-19,1.09,bmo,1213238738.0,2025-04-25,2016-09-30,0.018348623853211,67.9340625,1029795.59375
2016-06-30,NTRS,USD,73124,2016-07-27,2016-07-27 16:37:37,2016,Q2,1324500000.0,0.0,1324500000.0,1.0,0,444200000.0,18500000.0,444200000.0,463800000.0,967000000.0,1015300000.0,344700000.0,45000000.0,94600000.0,0.0,0.0,141200000.0,0.1066062665,-139900000.0,394700000.0,0.297999245,134000000.0,260700000.0,0.1968289921,1.11,1.1,227535701,229279540,https://www.sec.gov/Archives/edgar/data/73124/000007312416000415/0000073124-16-000415-index.htm,https://www.sec.gov/Archives/edgar/data/73124/000007312416000415/a2016q2form10-q.htm,5.821064537032807,1.1457542656130255,-0.9304034446884448,-1.4085701654352694,77.51970316078003,39.34107905115075,37.02144306576312,39.34107905115075,44.59300213288287,15076515548.26,19851915548.26,14.457724921614885,11.38279769593054,-71.21641732763345,-47.0406101349766,1.684244601269061,1.684244601269061,14.988233709520577,0.0,-93.77380986424184,-61.94045412873635,0.017291793927151,-0.0212582276703179,1.128470088811931,0.0831333491345539,0.0,0.4235155349925937,3.137777777777778,-0.8049429657794677,0.0058435252972075,0.3379363252780974,0.335371838429596,0.0,0.0043436897166972,-0.5139348134152102,0.0821442053605134,1.150105708245243,0.0,31.84638449769757,0.0076799987261632,0.0021548695754237,-266.5424578800493,-63047800000.0,8423700000.0,-66239900000.0,-62086000000.0,3135550000.0,0.0,63858300000.0,176.56851642129106,0.0,0.0,0.509717144506446,0.0,0.0,0.0291236105680612,0.4781667207468247,2016-07-20,1.06,bmo,1339600000.0,2025-04-25,2016-06-30,0.0,69.63140625,1379855.265625
2016-03-31,NTRS,USD,73124,2016-04-28,2016-04-28 16:33:36,2016,Q1,1188000000.0,0.0,1188000000.0,1.0,0,449400000.0,29600000.0,449400000.0,383800000.0,875000000.0,1024900000.0,352000000.0,44200000.0,90300000.0,0.0,0.0,38100000.0,0.0320707071,-47500000.0,359200000.0,0.3023569024,117400000.0,241800000.0,0.2035353535,1.03,1.03,228619089,229797945,https://www.sec.gov/Archives/edgar/data/73124/000007312416000378/0000073124-16-000378-index.htm,https://www.sec.gov/Archives/edgar/data/73124/000007312416000378/a2016q1form10-q.htm,5.1964164724670034,1.0576544638405063,-1.2925429862070703,-1.6293477575706723,74.36430647311344,38.63544395455097,36.34517150927847,38.63544395455097,35.01019987005547,14899106030.13,17643906030.13,15.404369344633997,12.541335042196971,-50.41998656558376,-39.99760008088591,1.686793092805226,1.686793092805226,14.85177275263468,0.0,-59.70864984815567,-47.36619068491275,0.0162291616363435,-0.0250015000394456,0.9011638438547231,0.0675711467349412,0.0,0.4367780235569924,0.8619909502262444,-1.2041564792176038,0.005953377324829,0.3668320926385442,0.3782828282828283,0.0,0.0044448670105298,-0.260575296108291,0.0648148148148148,0.8527131782945736,0.0,30.3218793880308,0.002135013854561,0.0020618169911456,-252.27530322282053,-59581000000.0,8309200000.0,-62761000000.0,-58619600000.0,3187000000.0,0.0,62971200000.0,278.22727272727275,0.0,0.0,0.3234765561182813,0.0,0.0,0.0273752377502037,0.3368047713636021,2016-04-19,0.95,bmo,1141599009.0,2025-04-25,2016-03-31,0.0631578947368421,62.66852459016394,1706023.7213114754
2015-12-31,NTRS,USD,73124,2016-02-29,2016-02-29 16:57:00,2015,Q4,1174600000.0,0.0,1174600000.0,1.0,0,434900000.0,23700000.0,434900000.0,369900000.0,848000000.0,1003100000.0,330700000.0,41300000.0,89500000.0,0.0,0.0,391700000.0,0.3334752256,-58300000.0,350400000.0,0.2983143198,111100000.0,239300000.0,0.203728929,1.0,0.99,230391000,232236000,https://www.sec.gov/Archives/edgar/data/73124/000007312416000324/0000073124-16-000324-index.htm,https://www.sec.gov/Archives/edgar/data/73124/000007312416000324/ntrs2015123110-k.htm,5.098289429708625,1.0386690452318017,5.8622081591728845,5.214613418058865,76.71350009331962,37.78750037978914,35.50268890711877,37.78750037978914,35.33341146138521,16608887190.0,18275387190.0,17.351532793564566,14.140036769964244,12.297413882718793,13.824610612618612,1.907773715526252,1.907773715526252,15.55881763153414,0.0,13.53130992892048,15.21174229232562,0.0144079490252712,0.0723347679020511,0.9303116277467004,0.069372400419359,0.0,0.419449527294907,9.484261501210652,5.643961554534058,0.0053826604381915,0.3735896364396155,0.3702537033883875,0.0,0.004508794890946,0.1104694209980749,0.1270219649242295,1.6670391061452514,0.0,29.716929622293893,0.0226285076068479,0.0020589692935661,-247.00552538944663,-60916000000.0,8179500000.0,-64031700000.0,-59942700000.0,2935000000.0,0.0,65869750000.0,206.98620807083265,0.0,0.0,0.4348115791811653,0.0,0.0,0.0274871064450545,0.6475947411140192,2016-01-20,0.91,bmo,1083819191.0,2025-04-25,2015-12-31,0.0879120879120878,71.88796875,1318975.53125
2015-09-30,NTRS,USD,73124,2015-10-28,2015-10-28 16:58:39,2015,Q3,1165300000.0,0.0,1165300000.0,1.0,0,431400000.0,20400000.0,431400000.0,371700000.0,839000000.0,997300000.0,305700000.0,36800000.0,82100000.0,0.0,0.0,38100000.0,0.0326954432,-44700000.0,353200000.0,0.3030979147,118600000.0,234600000.0,0.2013215481,0.97,0.96,232231720,234163190,https://www.sec.gov/Archives/edgar/data/73124/000007312415000217/0000073124-15-000217-index.htm,https://www.sec.gov/Archives/edgar/data/73124/000007312415000217/a2015q3form10-q.htm,5.017833050541071,1.0101979178382694,-4.492926289311383,-4.892957775104969,146.3546840199091,37.82644334718788,35.54553185068775,37.82644334718788,34.94053267141974,15828914035.2,21009914035.2,16.8679817084399,13.583552763408564,-15.17051373893042,-13.930224443544835,1.801914057168877,1.801914057168877,18.02961815429503,0.0,-20.13601115123634,-18.48975977752354,0.0148209788415239,-0.0717863523342865,0.9195173316637258,0.0673151926077043,0.0,0.3834120064419392,1.0353260869565215,-4.447570332480819,0.0056605272983825,0.381926683716965,0.3702050973998112,0.0,0.0044143432403962,-0.0890358443549932,0.0797219600102977,1.1315468940316686,0.0,29.3219094184284,0.0021171328088946,0.0019637468557868,-174.0158493422001,-66617400000.0,8254800000.0,-69786100000.0,-65660000000.0,3367950000.0,0.0,67711350000.0,244.7215309362396,0.0,0.0,0.3677649435081739,0.0,0.0,0.0267061301155444,0.4000314857935858,2015-10-21,0.96,bmo,1174100000.0,2025-04-25,2015-09-30,0.0,73.44171875,1244056.96875
2015-06-30,NTRS,USD,73124,2015-07-29,2015-07-29 16:21:28,2015,Q2,1265900000.0,0.0,1265900000.0,1.0,0,435100000.0,20800000.0,435100000.0,411000000.0,882000000.0,929300000.0,288800000.0,37600000.0,91600000.0,0.0,0.0,137400000.0,0.1085393791,-94000000.0,411400000.0,0.3249861758,142200000.0,269200000.0,0.212655028,1.11,1.1,233149020,235232835,https://www.sec.gov/Archives/edgar/data/73124/000119312515268306/0001193125-15-268306-index.htm,https://www.sec.gov/Archives/edgar/data/73124/000119312515268306/d938402d10q.htm,5.4295746128377465,1.1546263415561429,4.445225632944973,4.027038157827128,160.4488837225222,37.52664283126732,35.234975467621524,37.52664283126732,29.50216132154448,17826574069.199997,19094474069.2,16.55513936589896,14.082134504463223,17.20047671671169,18.98665892981148,2.037485749625684,2.037485749625684,15.083714408089104,0.0,18.423846072172903,20.33706898413036,0.0151010507658402,0.0526685607876945,0.7818682637468141,0.0570338052523325,0.0,0.4255207899534505,3.654255319148936,3.849925705794948,0.0046503607298965,0.3079494799405646,0.3437080338099376,0.0,0.0044546196565198,0.0940756464685449,0.0770203017615925,1.064410480349345,0.0,31.22351889635248,0.007564242247741,0.0022544439847716,-162.26671250859215,-62076500000.0,8215000000.0,-65213100000.0,-61105700000.0,3328600000.0,0.0,61561450000.0,253.6195592068884,0.0,0.0,0.3548622207271606,0.0,0.0,0.0307681757397734,0.4181874751178452,2015-07-22,0.96,bmo,1211881188.0,2025-04-25,2015-06-30,0.0520833333333333,74.52333333333334,1164028.603174603
2015-03-31,NTRS,USD,73124,2015-04-28,2015-04-28 16:24:22,2015,Q1,1139000000.0,0.0,1139000000.0,1.0,0,427200000.0,28300000.0,427200000.0,351900000.0,823000000.0,958100000.0,298800000.0,38200000.0,88400000.0,0.0,0.0,388200000.0,0.3408252853,-45100000.0,350000000.0,0.3072870939,119300000.0,230700000.0,0.2025460931,0.95,0.94,233381168,235288695,https://www.sec.gov/Archives/edgar/data/73124/000119312515152967/0001193125-15-152967-index.htm,https://www.sec.gov/Archives/edgar/data/73124/000119312515152967/d885258d10q.htm,4.880428055788975,0.9885116351804358,2.102997444935232,1.7006513567538577,144.11788358176355,36.88215323354625,34.62275927936054,36.88215323354625,30.463469100471723,16254998351.2,20637698351.2,17.614866006935415,14.271289158208956,33.119393543602285,40.95489632451499,1.88844722700869,1.88844722700869,18.11913814855136,0.0,42.04910014506928,51.99722436684304,0.0141925575761728,0.0244171049067316,0.8215298108648171,0.0661175106589872,0.0,0.42741696525202,10.162303664921463,2.1274382314694407,0.0053214400968311,0.3749458170784568,0.3750658472344161,0.0,0.004930249083701,0.191320293398533,0.0824407374890254,1.0622171945701355,0.0,28.64113904931217,0.0217196551347811,0.0021677298597036,-146.1490029049816,-54493300000.0,8080300000.0,-57666700000.0,-53523600000.0,2787500000.0,0.0,59189350000.0,244.153643546971,0.0,0.0,0.3686203437004434,0.0,0.0,0.0268018959988847,0.4023460881813737,2015-04-21,0.87,bmo,1066305319.0,2025-04-25,2015-03-31,0.0804597701149424,68.28901639344262,1217020.426229508
2014-12-31,NTRS,USD,73124,2015-02-26,2015-02-26 17:04:56,2014,Q4,1127100000.0,0.0,1127100000.0,1.0,0,418400000.0,21400000.0,418400000.0,369800000.0,824000000.0,967200000.0,303900000.0,40000000.0,85100000.0,0.0,0.0,385800000.0,0.3422943838,304600000.0,345800000.0,0.306805075,101800000.0,244000000.0,0.216484784,0.98,0.98,234429000,236369000,https://www.sec.gov/Archives/edgar/data/73124/000119312515065963/0001193125-15-065963-index.htm,https://www.sec.gov/Archives/edgar/data/73124/000119312515065963/d802907d10k.htm,4.807852270836799,1.0408268601580863,-1.4396683004235824,-1.9656271195116648,51.63482333670322,36.04033630651498,33.765873676038375,36.04033630651498,29.57185331166366,15800514600.000002,19579714600.0,16.189051844262295,14.018733564013845,-46.81633955555556,-34.28931119791667,1.8701268330788623,1.8701268330788623,17.371763463756544,0.0,-58.01396918518518,-42.49070008680555,0.0154425350171822,-0.0291636071144163,0.815786670454142,0.0626895808415911,0.0,0.3748176074994905,9.645,-1.3831967213114753,0.0049049035402935,0.3176229508196721,0.371218170526129,0.0,0.0048496314116411,-0.3653333333333333,0.1093957945169017,1.448883666274971,0.0,29.051925525365924,0.0230571640343688,0.0022300762338765,-241.53954928784407,-61355400000.0,7915700000.0,-64713000000.0,-60377900000.0,2488100000.0,0.0,63935300000.0,198.4375831780676,0.0,0.0,0.453543116977184,0.0,0.0,0.0288794991063925,0.5259588190880821,2015-01-21,0.81,bmo,989664893.0,2025-04-25,2014-12-31,0.1604938271604936,66.5328125,1088690.5
2014-09-30,NTRS,USD,73124,2014-10-31,2014-10-31 14:59:25,2014,Q3,1078900000.0,0.0,1078900000.0,1.0,0,418600000.0,19100000.0,418600000.0,364700000.0,819000000.0,961400000.0,293800000.0,44500000.0,81200000.0,0.0,0.0,34100000.0,0.0316062656,-50300000.0,304200000.0,0.2819538419,99700000.0,204500000.0,0.1895449068,0.85,0.84,235701076,237737129,https://www.sec.gov/Archives/edgar/data/73124/000119312514391869/0001193125-14-391869-index.htm,https://www.sec.gov/Archives/edgar/data/73124/000119312514391869/d768644d10q.htm,4.577408038646374,0.8676243802976954,-1.1306694246911286,-1.5303281856888935,126.1623430178995,36.243364455408766,33.960388029794146,36.243364455408766,28.972290308933506,16034744200.28,21190144200.28,19.60237677295844,14.862122717842247,-60.16789568585367,-44.45451677371777,1.877033245180624,1.877033245180624,19.640508110371677,0.0,-79.51273621118199,-58.74728084358192,0.0127535554946008,-0.0224949020386431,0.79417273429635,0.0610353051675292,0.0,0.3549809548761563,0.7662921348314606,-1.3031784841075795,0.0047085253782022,0.3691931540342298,0.387987765316526,0.0,0.0048410444276708,-0.3534709193245778,0.0873111502456205,1.1600985221674878,0.0,26.599372155642502,0.0019238398709955,0.0018487446616932,-161.11965055263474,-64010400000.0,8004500000.0,-67383500000.0,-63035700000.0,2506950000.0,0.0,63634200000.0,207.8033181944573,0.0,0.0,0.4331018425595118,0.0,0.0,0.0239388476576218,0.3996587609977648,2014-10-22,0.87,bmo,1141046428.0,2025-04-25,2014-09-30,-0.0344827586206896,67.2015625,1152624.109375
2014-06-30,NTRS,USD,73124,2014-07-28,2014-07-28 17:25:26,2014,Q2,1081700000.0,0.0,1081700000.0,1.0,0,440900000.0,19100000.0,440900000.0,383200000.0,858000000.0,1002600000.0,293800000.0,47200000.0,85900000.0,0.0,0.0,40500000.0,0.037441065,-81100000.0,270700000.0,0.2502542295,88800000.0,181900000.0,0.1681612277,0.76,0.75,236012703,237753679,https://www.sec.gov/Archives/edgar/data/73124/000119312514282591/0001193125-14-282591-index.htm,https://www.sec.gov/Archives/edgar/data/73124/000119312514282591/d721743d10q.htm,4.583227878204505,0.7707212268146431,4.243415660554509,3.804456237256009,137.76419483658046,34.076979322591804,31.76947640822537,34.076979322591804,23.364844052483058,15154375659.63,17796875659.629997,20.827893979700384,14.009776887889432,15.131678142416373,16.877576188473103,1.884263255617586,1.884263255617586,16.45269081966349,0.0,17.770220329136293,19.820554248390685,0.0120031338859156,0.0592502139426259,0.6797801705915998,0.0516938158795475,0.0,0.4020266830696135,0.8580508474576272,5.505772402418912,0.0049424668942005,0.4117647058823529,0.4075991494869187,0.0,0.0051493364296169,0.1034448327508736,0.0957751687159101,1.2060535506402794,0.0,24.30918868384991,0.0023728284478416,0.0017288146547217,-138.58703190226163,-56384100000.0,7498000000.0,-59810700000.0,-55397600000.0,2858850000.0,0.0,60652800000.0,209.9029305722474,0.0,0.0,0.4287696210559695,0.0,0.0,0.0226170641334891,0.4389594232984993,2014-07-16,0.84,bmo,1066896551.0,2025-04-25,2014-06-30,0.0357142857142857,61.63269841269842,1116483.825396825
2014-03-31,NTRS,USD,73124,2014-04-28,2014-04-28 16:35:21,2014,Q1,1037500000.0,0.0,1037500000.0,1.0,0,408700000.0,28400000.0,408700000.0,368600000.0,821000000.0,965400000.0,295400000.0,49700000.0,83500000.0,0.0,0.0,37700000.0,0.0363373494,-41000000.0,269500000.0,0.2597590361,88100000.0,181400000.0,0.1748433735,0.75,0.75,237208151,239050714,https://www.sec.gov/Archives/edgar/data/73124/000119312514163062/0001193125-14-163062-index.htm,https://www.sec.gov/Archives/edgar/data/73124/000119312514163062/d690643d10q.htm,4.373795738578983,0.7647292019067253,2.270158077325092,1.8974896018644825,135.01601806254962,33.50770184958779,31.22447508138116,33.50770184958779,27.224190959609984,15551366379.56,19473166379.56,21.432423345589857,14.989268799575903,28.87904620159703,34.55091397369474,1.956565099399872,1.956565099399872,18.76931699234699,0.0,36.16186885712164,43.26408882372807,0.0116645698887542,0.0289427944152605,0.8062227142911063,0.061715684669362,0.0,0.4073847125023128,0.7585513078470825,2.9685777287761854,0.0048227273520207,0.4134509371554575,0.3939277108433734,0.0,0.0052160882035121,0.1641597028783658,0.0852048192771084,1.058682634730539,0.0,24.011396400380068,0.0021228589755465,0.0017562033478231,-132.42599323663208,-54448900000.0,7406700000.0,-58454200000.0,-53457900000.0,2762600000.0,0.0,60384750000.0,277.14795180722894,0.0,0.0,0.3247362984756956,0.0,0.0,0.0228224903438471,0.3726684754606092,2014-04-15,0.78,bmo,1104064000.0,2025-04-25,2014-03-31,-0.0384615384615384,62.055573770491804,1196449.0
2013-12-31,NTRS,USD,73124,2014-02-26,2014-02-26 16:43:54,2013,Q4,1040200000.0,0.0,1040200000.0,1.0,0,401300000.0,24400000.0,401300000.0,407900000.0,852000000.0,1004100000.0,302400000.0,52500000.0,81000000.0,0.0,0.0,213700000.0,0.2054412613,-165900000.0,245700000.0,0.236204576,76000000.0,169700000.0,0.1631417035,0.7,0.7,238228000,239656000,https://www.sec.gov/Archives/edgar/data/73124/000119312514069870/0001193125-14-069870-index.htm,https://www.sec.gov/Archives/edgar/data/73124/000119312514069870/d619551d10k.htm,4.3664052924089525,0.712342797656027,-0.5104353812314254,-1.0867740148093423,57.79169535067246,33.21188105512366,30.942206625585573,33.21188105512366,31.383380626962406,14743930920.0,18975830920.0,21.72058179139658,14.174130859450106,-121.24943190789472,-56.94836199304751,1.863489752275025,1.863489752275025,18.24248309940396,0.0,-156.05124111842105,-73.29405531093086,0.0115098206116662,-0.0175597675684172,0.9383088978766432,0.0721135959855188,0.0,0.3721247199402539,4.070476190476191,-0.7165586328815556,0.0050393616467107,0.4378314672952269,0.3857911940011536,0.0,0.0052522018547353,-1.129111842105263,0.1319938473370505,1.6950617283950618,0.0,23.071855061743182,0.0124081149612241,0.0016571197559532,-206.45736437362527,-57169300000.0,7371300000.0,-61152600000.0,-56169800000.0,2471300000.0,0.0,57437900000.0,201.62180349932703,0.0,0.0,0.4463802943826975,0.0,0.0,0.021448432760364,0.5763386335779169,2014-01-22,0.76,bmo,1084064000.0,2025-04-25,2013-12-31,-0.0131578947368421,57.2865625,1214394.65625
2013-09-30,NTRS,USD,73124,2013-10-25,2013-10-25 14:30:28,2013,Q3,1042200000.0,0.0,1042200000.0,1.0,0,388100000.0,17900000.0,388100000.0,380100000.0,800000000.0,945900000.0,291100000.0,54100000.0,81200000.0,0.0,0.0,67200000.0,0.0644789868,-50000000.0,301500000.0,0.2892918826,95000000.0,206500000.0,0.1981385531,0.85,0.84,239930074,241330652,https://www.sec.gov/Archives/edgar/data/73124/000119312513411354/0001193125-13-411354-index.htm,https://www.sec.gov/Archives/edgar/data/73124/000119312513411354/d588416d10q.htm,4.343765592303364,0.8606674292944202,9.346889960947538,8.991786498594587,122.23102969576044,32.58074267088335,30.33967304990703,32.58074267088335,27.710156918469504,13047397424.12,17816497424.120003,15.79588065874092,12.519091752178086,5.817977982752163,6.047741459219432,1.669084113561295,1.669084113561295,17.09508484371522,0.0,7.944572114563455,8.258319006266804,0.0158269111676061,0.1653509837917356,0.8435864962709957,0.0687134975174404,0.0,0.3917712198857278,1.2421441774491682,10.86004842615012,0.0057099510023566,0.360774818401937,0.3723853387065822,0.0,0.0056028217298204,0.037991616873272,0.0817501439263097,1.0492610837438423,0.0,25.11825314146417,0.0041522730521689,0.0021638489476254,-124.05458183620615,-51629500000.0,7279400000.0,-54896900000.0,-50647500000.0,2543600000.0,0.0,53576600000.0,225.58721934369603,0.0,0.0,0.3989587719634039,0.0,0.0,0.0264164459965972,0.355103462352952,2013-10-16,0.77,bmo,1115790789.0,2025-04-25,2013-09-30,-0.0129870129870129,57.40625,1150355.53125
2013-06-30,NTRS,USD,73124,2013-08-02,2013-08-02 14:12:55,2013,Q2,1015500000.0,0.0,1015500000.0,1.0,0,391100000.0,20700000.0,391100000.0,365100000.0,790000000.0,926200000.0,275300000.0,55200000.0,80000000.0,0.0,0.0,36300000.0,0.035745938,0.0,285800000.0,0.2814377154,94700000.0,191100000.0,0.188183161,0.78,0.78,239738592,241040681,https://www.sec.gov/Archives/edgar/data/73124/000119312513316901/0001193125-13-316901-index.htm,https://www.sec.gov/Archives/edgar/data/73124/000119312513316901/d542185d10q.htm,4.23586370274503,0.7971182211664946,-6.649742899966643,-7.025568916330334,130.30275909854348,32.22092836851232,30.00851861180531,32.22092836851232,36.38004180820416,14087039665.92,18991439665.92,18.428884963265304,13.872023304697194,-8.836431856680466,-8.363735478192721,1.823659434264557,1.823659434264557,18.701565402186112,0.0,-11.912833813774933,-11.275568287074748,0.0135656606733576,-0.1195638004821363,1.1219351163814308,0.0891285120737175,0.0,0.406318793314309,0.657608695652174,-8.342229199372056,0.0050187975384949,0.36996336996337,0.3851304775972427,0.0,0.0054547698383314,-0.0565173754861372,0.0887247661250615,1.12625,0.0,24.03929085627185,0.002132674932605,0.0019761006601479,-124.89384687801954,-50970500000.0,7194200000.0,-54626900000.0,-49985600000.0,2222050000.0,0.0,52771650000.0,219.34121122599703,0.0,0.0,0.4103196088730858,0.0,0.0,0.0247391450690003,0.37582601636369,2013-07-17,0.83,bmo,1144655128.0,2025-04-25,2013-06-30,-0.0602409638554216,55.8859375,1458628.40625
2013-03-31,NTRS,USD,73124,2013-04-30,2013-04-30 14:43:37,2013,Q1,971400000.0,0.0,971400000.0,1.0,0,383600000.0,28600000.0,383600000.0,365700000.0,795000000.0,924900000.0,286700000.0,60600000.0,76300000.0,0.0,0.0,24800000.0,0.0255301627,0.0,242500000.0,0.2496396953,78500000.0,164000000.0,0.168828495,0.68,0.67,239167559,240189215,https://www.sec.gov/Archives/edgar/data/73124/000119312513186607/0001193125-13-186607-index.htm,https://www.sec.gov/Archives/edgar/data/73124/000119312513186607/d499979d10q.htm,4.06158763363053,0.6857117273166634,1.306615334063764,1.0043168103747715,125.63116889945763,31.82747707016569,29.61354804812805,31.82747707016569,30.03793670863196,13005931858.42,17254431858.42,19.826115637835365,13.388853055816348,41.618981946944,54.1462608593672,1.7085865737996084,1.7085865737996084,17.76243757300803,0.0,55.214181946944,71.8336047394671,0.0126096308811449,0.0184684959612867,0.9358127192233416,0.0764678477577589,0.0,0.4149044289615144,0.4092409240924092,1.9054878048780488,8.457679249548453e-05,0.0067073170731707,0.3948939674696314,0.0,0.0056839650997028,0.23136,0.0744286596664607,0.9475753604193972,0.0,22.159663157482413,0.0011381776871894,0.0017705363321612,-115.91873126906816,-47783000000.0,7082600000.0,-51660700000.0,-46796300000.0,2526650000.0,0.0,53817550000.0,182.4459542927733,0.0,0.0,0.4932967702620353,0.0,0.0,0.0215446460240932,0.3022985236889924,2013-04-16,0.72,bmo,1051605633.0,2025-04-25,2013-03-31,-0.0138888888888889,52.940000000000005,1289108.9
2012-12-31,NTRS,USD,73124,2013-02-26,2013-02-26 14:32:01,2012,Q4,964700000.0,0.0,964700000.0,1.0,0,380200000.0,22700000.0,380200000.0,278700000.0,814000000.0,1343200000.0,302100000.0,67900000.0,74000000.0,0.0,0.0,245700000.0,0.2546905774,-15400000.0,223200000.0,0.2313672644,55500000.0,167700000.0,0.1738364258,0.69,0.69,239456000,239916000,https://www.sec.gov/Archives/edgar/data/73124/000119312513076407/0001193125-13-076407-index.htm,https://www.sec.gov/Archives/edgar/data/73124/000119312513076407/d417421d10k.htm,4.028715087531738,0.7003374315114259,0.0968862755579313,-0.4677268475210477,55.370506481357744,31.433749832954696,29.18782573834024,31.433749832954696,25.13906521448617,12011112960.0,14184812960.0,17.905654382826473,12.45061984036488,517.7203862068966,-107.24208,1.595737074531686,1.595737074531686,14.703859189385302,0.0,611.414351724138,-126.65011571428572,0.0139620700062086,-0.0093246979170862,0.7907267171515876,0.0610667755617983,0.0,0.4052776903987977,3.618556701030928,0.1383422778771616,0.0120555023070901,0.8634466308884914,0.394112159220483,0.0,0.0055179461502629,5.827586206896552,0.1401471960194879,1.827027027027027,0.0,22.25579051545113,0.0158721018275169,0.0017301859150279,-195.62790241213412,-51046800000.0,6989200000.0,-55150600000.0,-50039100000.0,2081150000.0,0.0,27520650000.0,287.72571783974297,0.0,0.0,0.3127978989008138,0.0,0.0,0.0222797927461139,0.564613123078979,2013-01-16,0.75,bmo,1127826086.0,2025-04-25,2012-12-31,-0.08,47.82129032258064,1158322.5806451612
2012-09-30,NTRS,USD,73124,2012-10-26,2012-10-26 14:18:42,2012,Q3,972500000.0,0.0,972500000.0,1.0,0,377000000.0,0.0,377000000.0,407000000.0,784000000.0,784000000.0,323100000.0,77500000.0,70400000.0,0.0,0.0,46600000.0,0.0479177378,219500000.0,266100000.0,0.2736246787,87300000.0,178800000.0,0.1838560411,0.73,0.73,240237014,240697062,https://www.sec.gov/Archives/edgar/data/73124/000119312512437249/0001193125-12-437249-index.htm,https://www.sec.gov/Archives/edgar/data/73124/000119312512437249/d400162d10q.htm,4.048085612652511,0.7442649949020762,1.0485478311847485,0.7875555762610336,120.6100571995954,31.353203549224933,29.113748475078864,31.353203549224933,24.11035628339936,11262311216.32,-11997988783.68,15.747079441163311,11.580782741717224,44.70945302231044,59.52595780295983,1.495222009017286,1.495222009017286,-12.33726353077635,0.0,-47.62996738261215,-63.414317038477805,0.0158759597888668,0.0167993936915749,0.7587026366798545,0.0610332950631458,0.0,0.3984397926244742,0.6012903225806452,1.4088366890380313,0.0065173123518055,0.4105145413870246,0.3876606683804627,0.0,0.0057458681547539,0.2489082969432314,0.0644730077120822,0.890625,0.0,22.913741887650566,0.002642683686122,0.0019206290382353,-234.42120372008952,-49198000000.0,6994200000.0,-53514300000.0,-48206300000.0,901500000.0,0.0,0.0,99.78200514138815,0.0,0.0,0.9019662400296792,0.0,0.0,0.023738084490587,0.2609922549237146,2012-10-17,0.74,bmo,1036000000.0,2025-04-25,2012-09-30,0.0135135135135135,46.5831746031746,1152581.3015873015
2012-06-30,NTRS,USD,73124,2012-07-27,2012-07-27 14:01:40,2012,Q2,988500000.0,0.0,988500000.0,1.0,0,378700000.0,0.0,378700000.0,411300000.0,790000000.0,790000000.0,321500000.0,67400000.0,73400000.0,0.0,0.0,34000000.0,0.0343955488,232200000.0,266200000.0,0.2692969145,86600000.0,179600000.0,0.1816894284,0.73,0.73,240900839,241367982,https://www.sec.gov/Archives/edgar/data/73124/000119312512319119/0001193125-12-319119-index.htm,https://www.sec.gov/Archives/edgar/data/73124/000119312512319119/d354797d10q.htm,4.103348100003919,0.745534970926357,-0.9061819830357668,-1.1440391870117148,126.48440796837572,30.677767793079376,28.46440895957195,30.677767793079376,30.62172813769237,11086256610.78,-12074543389.22,15.43187167424833,11.215231776206371,-50.7845011945946,-40.22589481415095,1.5001091445245796,1.5001091445245796,-12.215016074071828,0.0,55.311696698213474,43.81184103490566,0.0162002383947491,-0.0248596085834792,0.989053218407913,0.0773842608031896,0.0,0.3949644014504451,0.5044510385756676,-1.215478841870824,0.00618784161403,0.3819599109131403,0.3831057157309054,0.0,0.0056449623580951,-0.2624828218048557,0.0579666160849772,0.7806539509536785,0.0,22.684914507073348,0.0020039612035683,0.0019122107861038,-232.67581894972147,-50223400000.0,6857100000.0,-54280000000.0,-49228200000.0,855050000.0,0.0,0.0,65.99089529590287,0.0,0.0,1.3638245033112584,0.0,0.0,0.0243021257594414,0.2378572039759479,2012-07-18,0.75,bmo,1067027027.0,2025-04-25,2012-06-30,-0.0133333333333333,44.91761904761905,1209257.5714285714
2012-03-31,NTRS,USD,73124,2012-04-30,2012-04-30 15:58:39,2012,Q1,965400000.0,0.0,965400000.0,1.0,0,389700000.0,0.0,389700000.0,423300000.0,813000000.0,813000000.0,341000000.0,84600000.0,71600000.0,0.0,0.0,38600000.0,0.0399834266,198200000.0,236800000.0,0.2452869277,75600000.0,161200000.0,0.1669774187,0.66,0.66,241090093,241556096,https://www.sec.gov/Archives/edgar/data/73124/000119312512195882/0001193125-12-195882-index.htm,https://www.sec.gov/Archives/edgar/data/73124/000119312512195882/d315121d10q.htm,4.004312197100526,0.6686297142869325,3.142393744068115,2.9047232562973875,105.27019042628184,29.96058407095143,27.735274879171413,29.96058407095143,31.6499940128191,11439724912.85,-6393975087.15,17.741508859879033,11.84972541210897,15.099953686444035,16.335463248393545,1.583747495964393,1.583747495964393,-6.623135578154133,0.0,-8.43977704217265,-9.13033712287591,0.0140912479301777,0.0612165069820313,1.044675490087496,0.0823749540141674,0.0,0.4477293131827023,0.4562647754137116,4.699751861042183,0.0059004915340384,0.4187344913151364,0.4036668738346799,0.0,0.0058567119665779,0.0756335797254487,0.0593536357986326,0.8002793296089385,0.0,21.23045164999257,0.0021002365213198,0.0017701097424116,-241.66287496516915,-44289900000.0,6686700000.0,-48475000000.0,-43272200000.0,881800000.0,0.0,0.0,91.85518955873214,0.0,0.0,0.9798031056531006,0.0,0.0,0.0223169786244323,0.2376704877707272,2012-04-17,0.65,bmo,1021664179.0,2025-04-25,2012-03-31,0.0307692307692307,43.94306451612903,1402689.0806451612
2011-12-31,NTRS,USD,73124,2012-02-24,2012-02-24 17:06:53,2011,Q4,968600000.0,13000000.0,955600000.0,0.986578567,0,411400000.0,0.0,411400000.0,306600000.0,867000000.0,880000000.0,354800000.0,83000000.0,68500000.0,0.0,0.0,87300000.0,0.0901300847,46300000.0,171400000.0,0.176956432,41200000.0,130200000.0,0.1344208135,0.53,0.53,241020000,241196000,https://www.sec.gov/Archives/edgar/data/73124/000119312512078391/0001193125-12-078391-index.htm,https://www.sec.gov/Archives/edgar/data/73124/000119312512078391/d238252d10k.htm,4.018753630404116,0.5402041324371422,5.772549995850967,5.3734129947722185,183.0943490166791,29.52991452991453,27.3226288274832,29.52991452991453,31.38951124388017,9558853200.0,-17418946800.0,18.354172811059907,9.868731364856494,6.870447207647524,7.380783877692842,1.3430448625180895,1.3430448625180895,-17.98363287218666,0.0,-12.519907137209804,-13.449885568681957,0.013620880797709,0.1354869640638481,1.0513115928793222,0.0746579900761995,0.0,0.3987286748185031,1.0518072289156626,10.685867895545314,0.0071347470845142,0.5238095238095238,0.4247367334296923,0.0,0.0053081257227581,0.0691439660748939,0.0993186041709684,1.4043795620437955,0.0,18.94529207588121,0.0056900136912228,0.0013060264796367,-200.78530827317235,-53254000000.0,6585300000.0,-57791400000.0,-52227500000.0,863250000.0,0.0,0.0,72.31777823663019,0.0,0.0,1.244507259411538,0.0,0.0,0.0182934539783344,0.3991370010787486,2012-01-18,0.68,bmo,1054101492.0,2025-04-25,2011-12-31,-0.0147058823529411,38.54809523809524,2201862.26984127
2011-09-30,NTRS,USD,73124,2011-10-28,2011-10-28 16:56:25,2011,Q3,971500000.0,0.0,971500000.0,1.0,0,377800000.0,0.0,377800000.0,431200000.0,809000000.0,809000000.0,347100000.0,90300000.0,65800000.0,0.0,0.0,42500000.0,0.0437467833,210300000.0,252800000.0,0.2602161606,82400000.0,170400000.0,0.1753988677,0.7,0.7,240991491,241193993,https://www.sec.gov/Archives/edgar/data/73124/000119312511286394/0001193125-11-286394-index.htm,https://www.sec.gov/Archives/edgar/data/73124/000119312511286394/d232645d10q.htm,4.031262663958538,0.7070789067818166,-2.9054967754027463,-3.6407924460702223,123.56867819868378,29.68071598843297,27.46445516617846,29.68071598843297,27.107596093506885,8429882355.179999,-14906717644.82,12.367785145510563,8.677182043417394,-12.039249293316194,-9.607798444472303,1.1785429978721618,1.1785429978721618,-15.344022279794132,0.0,21.289228284518707,16.989648558035103,0.0202138052253235,-0.104082116811613,0.9006822503075719,0.0670397572483147,0.0,0.3982534924227164,0.4706533776301218,-4.109154929577465,0.008113992238334,0.4014084507042254,0.3888831703551209,0.0,0.0055578564426805,-0.2530705512710654,0.1823983530622748,2.6930091185410334,0.0,21.730133106036472,0.0024482234214212,0.0017830963719639,-242.5614686951748,-50785600000.0,6618700000.0,-55334000000.0,-49759400000.0,1263050000.0,0.0,0.0,87.84148224395265,0.0,0.0,1.0245728749209029,0.0,0.0,0.0238228386086567,0.7352956706674759,2011-10-19,0.69,bmo,1033153521.0,2025-04-25,2011-09-30,0.0289855072463768,39.66203125,2677808.140625
2011-06-30,NTRS,USD,73124,2011-07-29,2011-07-29 14:37:44,2011,Q2,944800000.0,0.0,944800000.0,1.0,0,387400000.0,0.0,387400000.0,441600000.0,829000000.0,829000000.0,359700000.0,113600000.0,67300000.0,0.0,0.0,42200000.0,0.0446655377,187300000.0,229500000.0,0.2429085521,77500000.0,152000000.0,0.1608806097,0.62,0.62,241484195,241912058,https://www.sec.gov/Archives/edgar/data/73124/000119312511202586/0001193125-11-202586-index.htm,https://www.sec.gov/Archives/edgar/data/73124/000119312511202586/d10q.htm,3.912471373126511,0.6294407797578636,2.0303606204952667,1.948367676816282,152.74995533351571,29.092587198097995,27.291641177593423,29.092587198097995,39.654355018969255,11098613602.2,-16325786397.8,18.25429868782895,11.747050806731584,22.636372837446466,23.588976837832096,1.579783870270732,1.579783870270732,-17.279621504868754,0.0,-33.297545171935546,-34.69880212072263,0.0136954042593094,0.0423926822631915,1.3468699291143564,0.0971505662829844,0.0,0.3512130574176625,0.3714788732394366,3.225657894736842,0.0061719420510703,0.4506578947368421,0.4100338696020322,0.0,0.0044651703366485,0.0403834387109932,0.0209568162574089,0.2942050520059435,0.0,20.29830947026747,0.0024046058638846,0.0015676017961416,-216.5888123651322,-55649700000.0,6590500000.0,-60247600000.0,-54719100000.0,1440950000.0,0.0,0.0,150.3080016934801,0.0,0.0,0.5987705177767919,0.0,0.0,0.0216357787456941,0.0819929436789848,2011-07-20,0.69,bmo,1196704838.0,2025-04-25,2011-06-30,-0.1014492753623187,48.682857142857145,1563792.492063492
2011-03-31,NTRS,USD,73124,2011-04-29,2011-04-29 15:23:14,2011,Q1,897900000.0,0.0,897900000.0,1.0,0,348800000.0,0.0,348800000.0,432200000.0,781000000.0,781000000.0,347100000.0,112700000.0,63500000.0,0.0,0.0,35700000.0,0.0397594387,194300000.0,230000000.0,0.2561532465,79000000.0,151000000.0,0.1681701749,0.62,0.61,242126162,242969629,https://www.sec.gov/Archives/edgar/data/73124/000119312511118294/0001193125-11-118294-index.htm,https://www.sec.gov/Archives/edgar/data/73124/000119312511118294/d10q.htm,3.708397277614304,0.6236418185986857,0.3010827058002926,-0.0206503913443273,146.88540761654662,28.61400826235374,26.93802250084813,28.61400826235374,50.04126732905467,12287902721.5,-11273297278.5,20.34420980380795,13.685157279763894,168.55833637174212,-2457.5805443,1.7736068129528593,1.7736068129528593,-12.555181288005343,0.0,-154.6405662345679,2254.6594557,0.0122885087408608,-0.0004069042629424,1.7325712306226726,0.1295177342920525,0.0,0.3255253254364859,0.3167701863354037,0.4827814569536424,0.0055827264875698,0.4543046357615894,0.3884619668114489,0.0,0.0043785444846308,1.0685871056241427,0.0867579908675799,1.226771653543307,0.0,20.037716271520875,0.0017021799283156,0.0016364412712656,-203.23371746998572,-54662800000.0,6522400000.0,-59368800000.0,-53762300000.0,1534500000.0,0.0,0.0,130.70497828265954,0.0,0.0,0.6885736196319019,0.0,0.0,0.0217949828238214,0.32173309714462,2011-04-19,0.65,bmo,1118991525.0,2025-04-25,2011-03-31,-0.0923076923076923,52.435967741935485,1642096.1290322582
2010-12-31,NTRS,USD,73124,2011-02-25,2011-02-25 17:06:19,2010,Q4,926700000.0,30600000.0,896100000.0,0.9669796051,0,337500000.0,0.0,337500000.0,304200000.0,794000000.0,824600000.0,344600000.0,112300000.0,67000000.0,0.0,0.0,120600000.0,0.1301392036,-120600000.00000006,214400000.0,0.2313585842,57300000.0,157100000.0,0.169526276,0.64,0.64,242214000,242743000,https://www.sec.gov/Archives/edgar/data/73124/000119312511047592/0001193125-11-047592-index.htm,https://www.sec.gov/Archives/edgar/data/73124/000119312511047592/d10k.htm,3.825955559959375,0.6485999983485677,-0.5334126020791532,-0.9454449371217188,159.9626776321765,28.199443467347056,26.54429554030733,28.199443467347056,41.3204851907817,13421077740.0,-5936822260.0,21.35753936982813,14.482656458400776,-103.87831068111454,-58.60732637554585,1.9649323953559872,1.9649323953559872,-6.406412280133808,0.0,45.9506366873065,25.924988034934497,0.0117054682972129,-0.0170627131767139,1.4488529054360717,0.1180300534684097,0.0,0.3342009651652984,1.0739091718610865,-0.8224061107574793,0.0051113629865614,0.4366645448758752,0.3641955325348009,0.0,0.004781504677144,-0.7724458204334366,0.1076939678428833,1.48955223880597,0.0,20.28616713903629,0.0073155361104672,0.0018827223374039,-152.5289619922878,-48012100000.0,6429400000.0,-52913700000.0,-47106700000.0,1234600000.0,0.0,0.0,171.4146973130463,0.0,0.0,0.525042492917847,0.0,0.0,0.0230004538600061,0.4120323350425656,2011-01-19,0.71,bmo,1197372881.0,2025-04-25,2010-12-31,-0.1690140845070422,51.3834375,1672735.015625
2010-09-30,NTRS,USD,73124,2010-10-27,2010-10-27 16:10:18,2010,Q3,899000000.0,62900000.0,836100000.0,0.9300333704,0,333300000.0,0.0,333300000.0,415700000.0,749000000.0,336200000.0,339700000.0,96700000.0,63800000.0,0.0,0.0,27700000.0,0.0308120133,209700000.0,237400000.0,0.2640711902,81800000.0,155600000.0,0.1730812013,0.64,0.64,242124461,242158427,https://www.sec.gov/Archives/edgar/data/73124/000119312510237984/0001193125-10-237984-index.htm,https://www.sec.gov/Archives/edgar/data/73124/000119312510237984/d10q.htm,3.712966448276368,0.6426446933835405,0.6277763071612992,0.3167792286794187,107.09409488370528,27.955457172912407,26.304653291515223,27.955457172912407,50.50542993258331,11680083998.64,20322483998.64,18.766201797300777,12.99230700627364,76.84265788578948,152.28271184667537,1.725602257248807,1.725602257248807,22.605655170901,0.0,133.70055262263156,264.9606779483703,0.0133218220021463,0.0065667335961736,1.7923530367722014,0.1502897548913945,0.0,0.3484073775680497,0.2864529472595656,0.9768637532133676,0.0059160533441408,0.4440874035989717,0.3707452725250278,0.0,0.0049514762757762,0.4953947368421053,0.0837597330367074,1.1802507836990597,0.0,20.10527516782268,0.0016188025494311,0.0019371617592317,-196.165434107048,-45290900000.0,6369000000.0,-49737600000.0,-44358800000.0,782950000.0,0.0,0.0,70.49833147942158,0.0,0.0,1.2766259585345072,0.0,0.0,0.0229881661175705,0.3109970784818804,2010-10-21,0.71,bmo,1109596875.0,2025-04-25,2010-09-30,-0.0985915492957745,48.186875,2044741.0625
2010-06-30,NTRS,USD,73124,2010-07-30,2010-07-30 14:38:37,2010,Q2,973800000.0,63800000.0,910000000.0,0.9344834668,0,337000000.0,0.0,337000000.0,413000000.0,750000000.0,342000000.0,327500000.0,85100000.0,59500000.0,0.0,0.0,37400000.0,0.0384062436,262400000.0,299800000.0,0.3078660916,100200000.0,199600000.0,0.2049702198,0.82,0.82,242045799,242597066,https://www.sec.gov/Archives/edgar/data/73124/000119312510172080/0001193125-10-172080-index.htm,https://www.sec.gov/Archives/edgar/data/73124/000119312510172080/d10q.htm,4.023205542187493,0.8246373241123677,3.0266999180597223,2.7969913247699045,109.8486324069603,27.34854323995105,25.72488357874784,27.34854323995105,50.26941202974566,11303538813.3,19861738813.300003,14.15773899461423,11.607659491990145,15.42934590950041,16.696512279615956,1.7075863818508672,1.7075863818508672,20.39611708081742,0.0,27.11130059145509,29.33787121610045,0.017658186811828,0.0598927478537452,1.8252462384434105,0.1509377393068487,0.0,0.3411712264702443,0.4394829612220917,3.6703406813627257,0.0059981215723544,0.3396793587174349,0.3460669542000411,0.0,0.0049094990686942,0.0758940758940758,0.0570959129184637,0.934453781512605,0.0,22.52629938770911,0.0018271523438222,0.0025057779775258,-190.8507612644002,-45079700000.0,6226600000.0,-50085000000.0,-44157200000.0,916150000.0,0.0,0.0,79.63955637707949,0.0,0.0,1.130091679238714,0.0,0.0,0.030152879328056,0.2297085932898178,2010-07-21,0.74,bmo,995584615.0,2025-04-25,2010-06-30,0.0540540540540541,52.85793650793651,2223204.333333333
2010-03-31,NTRS,USD,73124,2010-04-30,2010-04-30 14:22:02,2010,Q1,907600000.0,67000000.0,840600000.0,0.9261789335,0,337800000.0,0.0,337800000.0,406200000.0,744000000.0,341700000.0,324000000.0,83900000.0,59200000.0,0.0,0.0,39000000.0,0.0429704716,199200000.0,238200000.0,0.2624504187,81000000.0,157200000.0,0.1732040546,0.65,0.64,241724178,242513391,https://www.sec.gov/Archives/edgar/data/73124/000119312510101428/0001193125-10-101428-index.htm,https://www.sec.gov/Archives/edgar/data/73124/000119312510101428/d10q.htm,3.754692672902584,0.6503279949099672,0.1439657393312141,-0.1886447618822805,105.4251180450803,26.67130798972041,25.04135105591299,26.67130798972041,41.10511444163439,13357678076.28,20558178076.28,21.24312671164122,14.71758271956809,383.8413240310345,-292.9315367605263,2.071889388450621,2.071889388450621,22.651143759673865,0.0,590.7522435712643,-450.83723851491226,0.0117685123943171,-0.0034137669540767,1.5281599478835446,0.1290930389184288,0.0,0.313528827796869,0.464839094159714,0.2213740458015267,0.0050682461138376,0.4306615776081425,0.372190392243279,0.0,0.0051625684957533,2.310344827586207,0.0885852798589687,1.358108108108108,0.0,19.75511859109112,0.0021653712090057,0.0020704751819568,-180.61805137258548,-44946700000.0,6053100000.0,-49343200000.0,-44012200000.0,882700000.0,0.0,0.0,96.24724548259144,0.0,0.0,0.935091695858232,0.0,0.0,0.0243830559476353,0.3326105012134946,2010-04-20,0.71,bmo,1089184375.0,2025-04-25,2010-03-31,-0.0985915492957745,53.00983606557377,1806207.6393442624
2009-12-31,NTRS,USD,73124,2010-02-26,2010-02-26 15:13:15,2009,Q4,950200000.0,9800000.0,940400000.0,0.9896863818,0,324700000.0,0.0,324700000.0,274300000.0,751000000.0,760800000.0,334100000.0,90100000.0,66600000.0,0.0,0.0,113200000.0,0.1191328141,-104800000.0,279100000.0,0.2937276363,78800000.0,200300000.0,0.2107977268,0.82,0.82,241554000,242023000,https://www.sec.gov/Archives/edgar/data/73124/000119312510042685/0001193125-10-042685-index.htm,https://www.sec.gov/Archives/edgar/data/73124/000119312510042685/d10k.htm,3.9336959851627378,0.8292141715724021,1.333863235549815,1.0415890442716742,156.79972180133635,26.13121703635626,24.468648832145192,26.13121703635626,60.11947639037234,12657429600.0,-3530570400.0,15.798089865202195,13.320805725110503,39.28438733705772,50.30774880763117,2.005264428637062,2.005264428637062,-3.715607661544938,0.0,-10.957698324022346,-14.032473767885532,0.015824697930771,0.019877653516635,2.2864023066808192,0.1756968158604359,0.0,1.1498039711647907,1.2563817980022198,1.6085871193210184,0.0053407367954074,0.3374937593609585,0.3417175331509156,0.0,0.0048891242550963,0.2191185599006828,0.0743001473374026,1.06006006006006,0.0,22.080272834751565,0.0073998775529259,0.0024504556526249,-154.65568775511895,10660500000.0,5910500000.0,5994100000.0,11605600000.0,790950000.0,0.0,0.0,75.28099347505788,0.0,0.0,1.195520885757423,0.0,0.0,0.0317327038545016,0.2922741912781407,2010-01-20,0.66,bmo,875143902.0,2025-04-25,2009-12-31,0.2424242424242423,51.7896875,2494168.109375
2009-09-30,NTRS,USD,73124,2009-10-30,2009-10-30 14:25:10,2009,Q3,927600000.0,54200000.0,873400000.0,0.9415696421,0,343200000.0,0.0,343200000.0,410800000.0,754000000.0,337800000.0,343100000.0,94900000.0,62800000.0,0.0,0.0,35100000.0,0.037839586,223400000.0,258500000.0,0.2786761535,70600000.0,187900000.0,0.2025657611,0.77,0.77,241415698,242631248,https://www.sec.gov/Archives/edgar/data/73124/000119312509218667/0001193125-09-218667-index.htm,https://www.sec.gov/Archives/edgar/data/73124/000119312509218667/d10q.htm,3.842335058095518,0.778325525459409,1.4468818842095348,1.1946199124134835,111.70110404336673,25.77835679931633,24.115664591123647,25.77835679931633,54.55817541740802,14040736995.679998,24231136995.68,18.681129584459818,15.136628930228545,40.19678498620097,48.68494103911234,2.2561562186749797,2.2561562186749797,26.122398658559725,0.0,69.3705611098769,84.01919901414702,0.0133824884019843,0.0205402323317311,2.10118425915511,0.1678568448617805,0.0,1.1578125700285342,0.3698630136986301,1.8589675359233635,0.0048145620860784,0.359765832889835,0.3699870633893919,0.0,0.0051526607318215,0.1743486973947896,0.065653298835705,0.9697452229299364,0.0,21.24709261944868,0.002147834325918,0.0024245130006283,-182.7614167824331,10563500000.0,5821900000.0,5822300000.0,11507600000.0,974950000.0,0.0,0.0,76.36804657179819,0.0,0.0,1.1785033667894804,0.0,0.0,0.0301929844294827,0.2522619717960511,2009-10-21,0.84,bmo,1110436363.0,2025-04-25,2009-09-30,-0.0833333333333332,58.53359375,2068334.6875
2009-06-30,NTRS,USD,73124,2009-08-03,2009-08-03 16:44:49,2009,Q2,1045100000.0,50800000.0,994300000.0,0.9513922113,0,349800000.0,0.0,349800000.0,317200000.0,667000000.0,338900000.0,364600000.0,104500000.0,59000000.0,0.0,0.0,28200000.0,0.0269830638,444300000.0,472500000.0,0.4521098459,158300000.0,314200000.0,0.300641087,0.95,0.95,235455068,236346486,https://www.sec.gov/Archives/edgar/data/73124/000119312509162276/0001193125-09-162276-index.htm,https://www.sec.gov/Archives/edgar/data/73124/000119312509162276/d10qa.htm,4.438638797955285,1.3344371929169945,-0.4399990235079586,-0.7661759057995727,91.6106847188356,26.0291700325601,24.30782250140396,26.0291700325601,51.61281981834428,12639228050.24,22155928050.24,10.056674132908975,12.093797770777917,-122.00027075521234,-70.06223974634146,2.0623016382332304,2.0623016382332304,21.199816333594868,0.0,-213.86030936525097,-122.8155656886918,0.0248591131318367,-0.0142730235804689,1.965832884624798,0.1605432459371152,0.0,1.1671102215689646,0.2698564593301435,-0.3297262889879058,0.0070653049098441,0.2842138765117759,0.334704812936561,0.0,0.0054007451509223,-0.7413127413127413,0.073485790833413,1.3016949152542372,0.0,27.95570752681274,0.0015065560627177,0.004209544760912,-197.3803341536059,10687200000.0,5723400000.0,5723700000.0,11640600000.0,932550000.0,0.0,0.0,100.13587216534305,0.0,0.0,0.8987788097695218,0.0,0.0,0.051266989736812,0.3261768822916141,2009-07-22,0.55,bmo,698760000.0,2025-04-25,2009-06-30,0.7272727272727271,55.67761904761905,4137093.4285714286
2009-03-31,NTRS,USD,73124,2009-04-24,2009-04-24 17:15:46,2009,Q1,893600000.0,70200000.0,823400000.0,0.9214413608,0,324100000.0,0.0,324100000.0,440900000.0,765000000.0,328500000.0,393800000.0,116700000.0,55300000.0,0.0,0.0,37100000.0,0.0415174575,208000000.0,245100000.0,0.2742837959,83300000.0,161800000.0,0.1810653536,0.62,0.61,223357446,224401185,https://www.sec.gov/Archives/edgar/data/73124/000119312509087113/0001193125-09-087113-index.htm,https://www.sec.gov/Archives/edgar/data/73124/000119312509087113/d10q.htm,4.000762078914531,0.7243994005912836,2.0003810394572654,1.526253125226011,91.5080305851993,29.211920698627612,27.47748109548137,29.211920698627612,30.3961212020664,13361242419.72,-405257580.2800007,20.64468853479605,14.952151320188005,29.90430264037601,39.194022938457024,2.0477941391512253,2.0477941391512253,-0.4535111686213078,0.0,-0.9070223372426156,-1.1887872698151971,0.0121096523000883,0.0255140943702108,1.0226523824850184,0.0850383485036564,0.0,1.1572195049651697,0.3179091688089117,2.761433868974042,0.0061670911590066,0.5092707045735476,0.3626902417188898,0.0,0.0049372583305082,0.237018800358102,0.118509400179051,1.91500904159132,0.0,21.820281883940776,0.0018557835352065,0.0020723079208783,-228.21793458365383,10607600000.0,6137300000.0,6137700000.0,11530200000.0,705800000.0,0.0,0.0,70.73299015219338,0.0,0.0,1.2723907162181405,0.0,0.0,0.02479807500728,0.4741279142312542,2009-04-21,0.96,bmo,1589980327.0,2025-04-25,2009-03-31,-0.3645833333333333,56.03540983606557,4124446.0
2008-12-31,NTRS,USD,73124,2009-02-27,2009-02-27 13:16:37,2008,Q4,1179700000.0,42200000.0,1137500000.0,0.9642281936,0,361600000.0,0.0,361600000.0,401600000.0,851000000.0,893200000.0,583800000.0,235500000.0,61400000.0,0.0,0.0,165700000.0,0.1404594388,410800000.0,522300000.0,0.4427396796,180000000.0,342300000.0,0.2901585149,1.48,1.47,222941000,224706000,https://www.sec.gov/Archives/edgar/data/73124/000119312509040606/0001193125-09-040606-index.htm,https://www.sec.gov/Archives/edgar/data/73124/000119312509040606/d10k.htm,5.2915345315576765,1.535383801095357,-0.2866229181711753,-0.6723752024078119,168.07227024190257,28.65960052211123,26.91295006302116,28.65960052211123,39.9545171143935,11624143740.0,-8645856260.0,8.489733961437336,9.853474391794524,-181.911482629108,-77.54598892595064,1.819285651234858,1.819285651234858,-7.32886010002543,0.0,135.30291486697965,57.67749339559707,0.02944733028568,-0.0128955735022595,1.3572479419037782,0.1056870143418448,0.0,1.1507101532917612,0.7036093418259023,-0.1866783523225241,0.0053595345509724,0.1820040899795501,0.3065186064253624,0.0,0.0047456784345842,-1.34585289514867,0.0728998898024921,1.4006514657980456,0.0,31.46551197293724,0.0092426687543432,0.0041915551735032,-168.93269968287575,10706600000.0,6000000000.0,6083400000.0,11602600000.0,783150000.0,0.0,0.0,54.112910061880136,0.0,0.0,1.663189059636261,0.0,0.0,0.0535731054559113,0.3857522842366366,2009-01-21,0.92,bmo,908748201.0,2025-04-25,2008-12-31,0.5108695652173911,50.87,2695991.578125
2008-09-30,NTRS,USD,73124,2008-10-31,2008-10-31 15:53:17,2008,Q3,926200000.0,632300000.0,293900000.0,0.3173180739,0,282700000.0,0.0,282700000.0,1284300000.0,1567000000.0,862600000.0,640900000.0,387500000.0,56300000.0,0.0,0.0,36200000.0,0.039084431,-289000000.0,-252800000.0,-0.2729432088,-104500000.0,-148300000.0,-0.1601166055,-0.67,-0.67,221899198,221899198,https://www.sec.gov/Archives/edgar/data/73124/000119312508221552/0001193125-08-221552-index.htm,https://www.sec.gov/Archives/edgar/data/73124/000119312508221552/d10q.htm,4.173967316456908,-0.6683214781154819,1.5651250799022716,1.2384001496030643,130.62147254808914,21.79367948864781,19.94599367592126,21.79367948864781,23.61973385771317,16021122095.6,-8109977904.4,-27.00796037693864,17.29769174649104,46.13049840368558,58.301026548762735,3.3128871165425973,3.3128871165425973,-8.756184306197365,0.0,-23.35150562741146,-29.51229222852984,-0.0092565301678044,0.0171523566427017,1.0036600496277917,0.0612500630962596,0.0,1.1290063873055882,0.0934193548387096,-2.341874578556979,0.0038636494766493,-0.4173971679028995,0.3052256532066508,0.0,0.0051738932916056,0.2087532392744025,0.0782768300583027,1.3110307414104885,0.0,,0.0022548308383354,-0.001881168023949,-201.80537110368465,9008000000.0,4426000000.0,4426000000.0,9910900000.0,896200000.0,0.0,0.0,83.27575037788814,0.0,0.0,1.0807467911318551,0.0,0.0,-0.0306658395368072,0.3267249302992073,2008-10-22,0.39,bmo,478825233.0,2025-04-25,2008-09-30,1.7435897435897436,76.61765625,3427241.75
2008-06-30,NTRS,USD,73124,2008-07-31,2008-07-31 14:22:14,2008,Q2,1081400000.0,71800000.0,1009600000.0,0.9336045866,0,368700000.0,0.0,368700000.0,637300000.0,1006000000.0,377800000.0,588900000.0,352800000.0,69700000.0,0.0,0.0,34800000.0,0.0321805068,393300000.0,428100000.0,0.3958757167,212500000.0,215600000.0,0.1993711855,0.97,0.96,220603902,223868529,https://www.sec.gov/Archives/edgar/data/73124/000119312508162414/0001193125-08-162414-index.htm,https://www.sec.gov/Archives/edgar/data/73124/000119312508162414/d10q.htm,4.901998514967337,0.9773172552496374,1.3635298255059876,1.044859124930619,120.29252320296672,22.502321831097984,20.573978786649025,22.502321831097984,21.10842082929249,15126809560.14,-7106390439.860001,17.540363590143784,13.988172332291471,50.28859561216756,65.62607184442516,3.047241103148606,3.047241103148606,-6.571472572461625,0.0,-23.62496821761968,-30.83032728789588,0.0142528402398955,0.0152378463603707,0.8669849519550372,0.0575321260471961,0.0,1.1248850644244148,0.0986394557823129,1.3951762523191094,0.0040722400685415,0.2857142857142857,0.3409469206584057,0.0,0.0056866412055572,0.2337101063829787,0.0650083225448492,1.331439393939394,0.0,22.244503066960952,0.0020184498955945,0.0028985702089901,-193.12555042657405,8257900000.0,4538700000.0,4539100000.0,9176300000.0,744050000.0,0.0,0.0,77.84908452006658,0.0,0.0,1.156082959161856,0.0,0.0,0.0434318406156201,0.3186707005753688,2008-07-16,1.05,bmo,1115488888.0,2025-04-25,2008-06-30,0.2857142857142857,72.71625,2038950.453125
2008-03-31,NTRS,USD,73124,2008-05-05,2008-05-05 17:19:56,2008,Q1,1133400000.0,78400000.0,1055000000.0,0.9308275984,0,343500000.0,0.0,343500000.0,635500000.0,979000000.0,364600000.0,677100000.0,423600000.0,33000000.0,0.0,0.0,31800000.0,0.0280571731,546300000.0,578100000.0,0.5100582319,192900000.0,385200000.0,0.339862361,1.73,1.71,220320307,223529011,https://www.sec.gov/Archives/edgar/data/73124/000119312508102516/0001193125-08-102516-index.htm,https://www.sec.gov/Archives/edgar/data/73124/000119312508102516/d10q.htm,5.144328343732745,1.7483635768535852,1.2304812193276402,0.8710045960493329,131.6519588909251,21.59764601272093,19.66909023960283,21.59764601272093,27.999688653302396,14644690806.29,-8615609193.710001,9.504602029004412,12.92102594520028,54.01951606894134,76.31417825059927,3.0776502198827336,3.0776502198827336,-7.601560961452268,0.0,-31.78018883699742,-44.89634806519021,0.0263030476433516,0.0131037249292813,1.207401647612643,0.0741517521227976,0.0,1.1150772748321371,0.075070821529745,0.7037902388369678,0.0042267877703101,0.1606957424714434,0.303070407623081,0.0,0.0054839746361333,0.2921431206196975,0.0698782424563261,1.5559921414538311,0.0,29.148106229640582,0.002017346615684,0.0049990007189632,-196.54009922925533,7952300000.0,4333500000.0,4334400000.0,8870000000.0,1142100000.0,0.0,-584200000.0,43.88830068819481,0.0,0.0,2.0506603944273567,0.0,0.0,0.0809515803631472,0.3594766232783072,2008-04-15,0.96,bmo,1294695145.0,2025-04-25,2008-03-31,0.0729166666666667,70.46377049180327,2334738.229508197
2007-12-31,NTRS,USD,73124,2008-02-28,2008-02-28 15:51:22,2007,Q4,956000000.0,-2100000.0,958100000.0,1.0021966527,0,345100000.0,77000000.0,422100000.0,864900000.0,1287000000.0,1284900000.0,715000000.0,482900000.0,281900000.0,0.0,0.0,84200000.0,0.0880753138,-214400000.0,167700000.0,0.17541841,42700000.0,125000000.0,0.1307531381,0.57,0.57,220320307,220320307,https://www.sec.gov/Archives/edgar/data/73124/000119312508041690/0001193125-08-041690-index.htm,https://www.sec.gov/Archives/edgar/data/73124/000119312508041690/d10k.htm,4.339137018359366,0.5673557816892476,1.2640686816036435,0.9263785203422034,135.40104589632764,20.466111641719888,18.53347090697364,20.466111641719888,28.160363810676788,16872129110.06,-2609570889.9400005,33.744258220119995,17.648670617217572,60.582151203087975,82.665992699951,3.74179528288572,3.74179528288572,-2.7296766631171554,0.0,-9.370092962082587,-12.785746643508087,0.0074086678204393,0.0120968728172134,1.268856312789692,0.0846220744492036,0.0,1.1306661735783086,0.174363222199213,2.228,0.0032598138409933,0.44,0.3609832635983264,0.0,0.0062977731500106,0.267145421903052,0.0778242677824267,0.2639233770840724,0.0,16.16354702081559,0.0077270791815424,0.0018605232684482,-147.76701904287015,7773200000.0,4083300000.0,4160100000.0,8690900000.0,865750000.0,0.0,-584200000.0,163.0073221757322,0.0,50074.28571428572,0.5521224371931851,0.0,0.0017973296816158,0.0277217183029872,0.3376901612614401,2008-01-16,0.93,bmo,1394328865.0,2025-04-25,2007-12-31,0.0430107526881719,74.77375,1821019.296875
2007-09-30,NTRS,USD,73124,2007-10-30,2007-10-30 12:48:34,2007,Q3,873700000.0,57900000.0,815800000.0,0.9337301133,0,316600000.0,0.0,316600000.0,763400000.0,1080000000.0,317400000.0,702100000.0,492500000.0,-35000000.0,0.0,0.0,22800000.0,0.0260959139,278300000.0,301100000.0,0.3446263019,92800000.0,208300000.0,0.238411354,0.95,0.93,219914891,224186476,https://www.sec.gov/Archives/edgar/data/73124/000119312507229329/0001193125-07-229329-index.htm,https://www.sec.gov/Archives/edgar/data/73124/000119312507229329/d10q.htm,3.972900589073798,0.9471846087948632,1.0676857712195578,0.8189531831202826,94.216903210979,19.82312330091371,19.82312330091371,19.82312330091371,25.48167599983032,14883839822.88,-724560177.1199989,17.863465942006723,17.03541241030102,63.38943706507667,82.64208674558579,3.414194573308254,3.414194573308254,-0.8293008780130467,0.0,-3.0858610609880706,-4.023099262187667,0.0139950444561888,0.0121003720910207,1.1724778639262283,0.0810045816963528,0.0,0.0697153044135919,0.0462944162436548,1.1272203552568412,0.0036952829817109,0.2640422467594815,0.3623669451756895,0.0,0.0,0.2329642248722316,0.0626073022776696,-1.562857142857143,0.0,20.5539178503646,-0.0004208885239942,0.0033011668983135,-172.88415453412838,-51661500000.0,4359400000.0,-54868000000.0,-51182800000.0,0.0,0.0,0.0,0.0,0.0,0.0,0.0,0.0,0.0,0.0477818048355278,0.2487325880992751,2007-10-17,0.87,bmo,1292277419.0,2025-04-25,2007-09-30,0.0689655172413793,63.62555555555555,1442619.126984127
2007-06-30,NTRS,USD,73124,2007-07-31,2007-07-31 15:21:46,2007,Q2,869000000.0,53800000.0,815200000.0,0.9380897583,0,310100000.0,0.0,310100000.0,731900000.0,1042000000.0,305200000.0,664300000.0,469100000.0,-22000000.0,0.0,0.0,28700000.0,0.0330264672,281000000.0,309700000.0,0.3563866513,102800000.0,206900000.0,0.2380897583,0.94,0.92,219632587,224187331,https://www.sec.gov/Archives/edgar/data/73124/000119312507166587/0001193125-07-166587-index.htm,https://www.sec.gov/Archives/edgar/data/73124/000119312507166587/d10q.htm,3.956607768773402,0.9420277875249904,1.1660382618905272,0.878284969616098,83.03321583149226,19.2466885617479,19.2466885617479,19.2466885617479,21.50728206830255,14109197388.88,126997388.87999916,17.048329372740454,16.236130482025317,55.0925317800859,73.14254737625713,3.337717020457986,3.337717020457986,0.1461419895051774,0.0,0.4958898433424411,0.6583586774494513,0.0146641934546231,0.0136719329018695,1.0064818319454958,0.0713742897548553,0.0,0.0672566033408508,0.0611809848646344,1.2377960367327212,0.0038910788818695,0.2653455775737071,0.3568469505178366,0.0,0.0,0.2467786021085513,0.0727272727272727,-2.872727272727273,0.0,20.197663168486425,-0.0005368966046044,0.0034709116133783,-169.12654222845356,-48803000000.0,4227200000.0,-51863500000.0,-48316900000.0,0.0,0.0,0.0,0.0,0.0,0.0,0.0,0.0,0.0,0.0489449280847842,0.2877532922744292,2007-07-18,0.88,bmo,1292739130.0,2025-04-25,2007-06-30,0.0454545454545455,63.73095238095238,1080840.0476190476
2007-03-31,NTRS,USD,73124,2007-04-30,2007-04-30 16:30:58,2007,Q1,808200000.0,51600000.0,756600000.0,0.9361544172,0,301300000.0,0.0,301300000.0,676700000.0,978000000.0,296300000.0,636300000.0,441600000.0,-13500000.0,0.0,0.0,27100000.0,0.0335313041,255200000.0,282300000.0,0.349294729,95600000.0,186700000.0,0.2310071764,0.85,0.84,218800423,223191390,https://www.sec.gov/Archives/edgar/data/73124/000119312507096010/0001193125-07-096010-index.htm,https://www.sec.gov/Archives/edgar/data/73124/000119312507096010/d10q.htm,3.6937771368019705,0.8532890267766987,0.5086827460109618,0.2289757913310798,87.70412660491063,18.479854584193376,18.479854584193376,18.479854584193376,19.416324437361805,13158657439.22,-2224342560.7800007,17.6200554890466,16.28143706906706,118.22693116999102,262.6478530782435,3.2543546122619578,3.2543546122619578,-2.7522179668151456,0.0,-19.98510836280324,-44.39805510538923,0.0141883775652926,0.0038073793038091,0.941460157293367,0.0639433316983692,0.0,0.0493721680362491,0.0613677536231884,0.5961435457953936,0.0041493594807979,0.292447777182646,0.3728037614451868,0.0,0.0,0.5498652291105122,0.0757238307349666,-4.533333333333333,0.0,18.835997066660124,-0.0004968802929122,0.0031361073969804,-165.9014160132588,-49512500000.0,4043400000.0,-52917500000.0,-49029500000.0,0.0,0.0,0.0,0.0,0.0,0.0,0.0,0.0,0.0,0.0461740119701241,0.2797069546798819,2007-04-17,0.79,bmo,1185564285.0,2025-04-25,2007-03-31,0.0632911392405062,60.72754098360656,1088902.3278688523
2006-12-31,NTRS,USD,73124,2007-02-28,2007-02-28 17:06:55,2006,Q4,758700000.0,0.0,758700000.0,1.0,0,277000000.0,65200000.0,342200000.0,635800000.0,978000000.0,978000000.0,622600000.0,433300000.0,149900000.0,0.0,0.0,76700000.0,0.1010939765,-103800000.0,242100000.0,0.3190984579,71300000.0,170800000.0,0.2251219191,0.78,0.78,218014690,218800423,https://www.sec.gov/Archives/edgar/data/73124/000119312507042778/0001193125-07-042778-index.htm,https://www.sec.gov/Archives/edgar/data/73124/000119312507042778/d10k.htm,3.480040725696053,0.7834334466177486,0.102286685360514,-0.2123710104121882,132.70711253448104,18.09006539880409,18.09006539880409,18.09006539880409,29.53745915011507,13231311536.1,-1213988463.8999996,19.366673794057377,17.43945108224595,593.3323558789237,-285.7734673023758,3.3548800771064173,3.3548800771064173,-1.600090238434163,0.0,-54.43894456950671,26.220053215982716,0.0129087732182855,-0.0034992751756827,1.5229341514744288,0.0989306926779131,0.0,0.0891287357177416,0.1770136164320332,0.1305620608899297,0.0037864727063003,0.2933255269320843,0.3650981942796889,0.0,0.0,3.0762331838565022,0.0904178199551865,0.457638425617078,0.0,17.857159668066622,-0.0379675546888757,0.002813273114794,-127.68038704180896,-48948400000.0,3943900000.0,-51978700000.0,-48461200000.0,0.0,0.0,0.0,0.0,0.0,0.0,0.0,0.0,0.0,0.043307386089911,0.3146576957727023,2007-01-17,0.77,bmo,1192000000.0,2025-04-25,2006-12-31,0.0,58.65539682539683,994981.380952381
2006-09-30,NTRS,USD,73124,2006-10-30,2006-10-30 16:14:58,2006,Q3,733500000.0,154600000.0,578900000.0,0.7892297205,0,268200000.0,0.0,268200000.0,598800000.0,867000000.0,370100000.0,566300000.0,383900000.0,15300000.0,0.0,0.0,28300000.0,0.0385821404,222200000.0,250500000.0,0.3415132924,86800000.0,163700000.0,0.2231765508,0.75,0.74,217618046,221774307,https://www.sec.gov/Archives/edgar/data/73124/000119312506218059/0001193125-06-218059-index.htm,https://www.sec.gov/Archives/edgar/data/73124/000119312506218059/d10q.htm,3.3705844413289143,0.7522354097417087,0.8386253040797913,0.5408558810421448,80.11927466713858,18.08673532524963,18.08673532524963,18.08673532524963,35.85272519173341,12715422427.78,2698322427.7800007,19.4187880693036,17.3352725668439,69.67354754947945,108.03247602192016,3.2305443160010165,3.2305443160010165,3.678694516400819,0.0,14.785328371397265,22.925424195242147,0.0128741298946039,0.0092564758008239,1.8847306910569104,0.1343873016563135,0.0,0.0798484405661559,0.073717113831727,1.1148442272449604,0.0039400971760516,0.3060476481368356,0.3656441717791411,0.0,0.0,0.3550684931506849,0.0883435582822085,4.235294117647059,0.0,17.496381399057274,-0.0005873693397809,0.0029655313590901,-155.45356013351943,-44077100000.0,3936000000.0,-47440000000.0,-43605500000.0,0.0,0.0,0.0,0.0,0.0,0.0,0.0,0.0,0.0,0.0415904471544715,0.2977694230376464,2006-10-18,0.76,bmo,1147600000.0,2025-04-25,2006-09-30,-0.0263157894736842,56.40904761904762,847447.4126984127
2006-06-30,NTRS,USD,73124,2006-07-31,2006-07-31 16:42:56,2006,Q2,776200000.0,156200000.0,620000000.0,0.7987632054,0,78000000.0,0.0,78000000.0,775000000.0,853000000.0,377300000.0,540800000.0,357900000.0,16100000.0,0.0,0.0,23200000.0,0.0298892038,258000000.0,281200000.0,0.3622777635,113300000.0,167900000.0,0.2163102293,0.77,0.76,217785721,221589312,https://www.sec.gov/Archives/edgar/data/73124/000119312506157078/0001193125-06-157078-index.htm,https://www.sec.gov/Archives/edgar/data/73124/000119312506157078/d10q.htm,3.5640536782482632,0.7709412684590098,0.2231551259506127,-0.0394883556208903,75.32495668069993,17.48691320309287,17.48691320309287,17.48691320309287,29.359133237206127,12043550371.3,1674950371.2999992,17.932624138326382,15.51604015885081,247.8096784218107,-1400.412833872093,3.1623648701029303,3.1623648701029303,2.1578850441896407,0.0,34.463999409465,-194.7616710813953,0.013941071762369,-0.0007140751468515,1.584943808423485,0.1131926512257645,0.0,0.094113453728506,0.0648225761385861,0.289458010720667,0.0041682060897613,0.2989874925550923,0.1004895645452203,0.0,0.0,1.176954732510288,0.0736923473331615,3.5527950310559007,0.0,17.41640372005837,-0.0004475775804509,0.0031485638310839,-152.04302581435078,-41935300000.0,3808400000.0,-45160800000.0,-41472100000.0,0.0,0.0,0.0,0.0,0.0,0.0,0.0,0.0,0.0,0.0440867555928999,0.262643481571503,2006-07-19,0.77,bmo,1149022368.0,2025-04-25,2006-06-30,-0.0129870129870129,55.83698412698413,1114048.111111111
2006-03-31,NTRS,USD,73124,2006-05-01,2006-05-01 13:56:33,2006,Q1,727700000.0,146600000.0,581100000.0,0.7985433558,0,272000000.0,0.0,272000000.0,507000000.0,779000000.0,363300000.0,477100000.0,301800000.0,18300000.0,0.0,0.0,21400000.0,0.029407723,229000000.0,250400000.0,0.3440978425,87400000.0,163000000.0,0.2239934039,0.75,0.74,217645991,221475369,https://www.sec.gov/Archives/edgar/data/73124/000119312506094740/0001193125-06-094740-index.htm,https://www.sec.gov/Archives/edgar/data/73124/000119312506094740/d10q.htm,3.3435028904345865,0.7489225932950908,0.6202733134652593,0.4001911526135117,67.65435895394002,17.015705104349934,17.015705104349934,17.015705104349934,23.07600510776236,11426414527.5,1422314527.5,17.525175655674847,15.702094994503229,84.64010761111112,131.18730800803675,3.085384923988767,3.085384923988767,1.954534186477944,0.0,10.535663166666666,16.329673105625716,0.0142651922532398,0.0076226886212097,1.2746665226548577,0.0940452236278513,0.0,0.0650418149055121,0.0709078860172299,0.8282208588957055,0.0043845774962411,0.307361963190184,0.3737804040126425,0.0,0.0,0.3548148148148148,0.0658238285007558,2.6174863387978142,0.0,16.93303088208431,-0.0004847216061027,0.0032473353919713,-145.956743122367,-40470600000.0,3703400000.0,-43676200000.0,-40009200000.0,0.0,0.0,0.0,0.0,0.0,0.0,0.0,0.0,0.0,0.0440136091159475,0.2200821608517475,2006-04-18,0.67,bmo,932114864.0,2025-04-25,2006-03-31,0.1044776119402984,52.43693548387097,1119135.7096774194
2005-12-31,NTRS,USD,73124,2006-03-13,2006-03-13 13:22:24,2005,Q4,675600000.0,0.0,675600000.0,1.0,0,247600000.0,60800000.0,308400000.0,419600000.0,728000000.0,728000000.0,442000000.0,271500000.0,-66600000.0,0.0,0.0,71800000.0,0.1062759029,-135200000.0,218900000.0,0.3240082889,71300000.0,147600000.0,0.2184724689,0.68,0.68,217645991,217645991,https://www.sec.gov/Archives/edgar/data/73124/000119312506052049/0001193125-06-052049-index.htm,https://www.sec.gov/Archives/edgar/data/73124/000119312506052049/d10k.htm,3.1041233376083643,0.6781654893886835,1.1146541173827549,0.9823291438434996,65.18291439606622,16.544297386116337,16.544297386116337,16.544297386116337,29.54798280663024,11278415253.62,3251115253.620001,19.103006865887533,16.693924294878627,46.48975784674361,52.75217611608981,3.132197082209509,3.132197082209509,4.812189540586147,0.0,13.40113459859852,15.206338885032745,0.0130869449901328,0.0189565639491219,1.710592090646523,0.1153166410178642,0.0,0.0612840718253455,0.2644567219152854,1.6436314363143631,0.0040608542042553,0.3102981029810298,0.3664890467732386,0.0,0.0,0.1187139323990107,0.0426287744227353,-0.4324324324324324,0.0,15.8885134453343,-0.0337022898881968,0.0027633308246183,-163.6887490383409,-43599600000.0,3600800000.0,-46966600000.0,-43128100000.0,0.0,0.0,0.0,0.0,0.0,0.0,0.0,0.0,0.0,0.0409908909131304,0.1323249735392553,2006-01-18,0.68,bmo,685535294.0,2025-04-25,2005-12-31,-0.0147058823529411,52.18380952380952,1144165.761904762
2005-09-30,NTRS,USD,73124,2005-11-02,2005-11-02 15:01:36,2005,Q3,670100000.0,141100000.0,529000000.0,0.7894344128,0,246500000.0,0.0,246500000.0,439500000.0,686000000.0,339700000.0,410300000.0,241900000.0,4200000.0,0.0,0.0,27400000.0,0.0408894195,198600000.0,226000000.0,0.3372630951,78300000.0,147700000.0,0.2204148635,0.68,0.67,218012767,221672924,https://www.sec.gov/Archives/edgar/data/73124/000119312505214243/0001193125-05-214243-index.htm,https://www.sec.gov/Archives/edgar/data/73124/000119312505214243/d10q.htm,3.0736732037348986,0.6774832595010365,0.4398824955054123,-0.0178888606097091,61.32668367995164,16.187125408118874,16.187125408118874,16.187125408118874,24.1334490286984,11020545371.849998,2670045371.8499985,18.65359744727488,16.4461205370094,114.91705288686131,-2825.780864576923,3.1228521881127795,3.1228521881127795,3.98454763744217,0.0,27.84197468039623,-684.6270184230765,0.0134022405440363,-0.0003538844828824,1.4223576083876452,0.1036499997935053,0.0,0.0598661803425203,0.1132699462587846,0.6492890995260664,0.0041558741835942,0.3100880162491536,0.3678555439486644,0.0,0.0,1.040667361835245,0.1489329950753619,23.761904761904763,0.0,15.70816335150292,-0.0006435483820697,0.0030499262814026,-144.61721867875747,-38920600000.0,3529000000.0,-42420000000.0,-38445500000.0,0.0,0.0,0.0,0.0,0.0,0.0,0.0,0.0,0.0,0.0418532162085576,0.4577713561151215,2005-10-19,0.65,bmo,884776119.0,2025-04-25,2005-09-30,0.0307692307692307,49.491875,982496.1875
2005-06-30,NTRS,USD,73124,2005-08-01,2005-08-01 13:55:35,2005,Q2,672700000.0,142400000.0,530300000.0,0.7883157425,0,245900000.0,0.0,245900000.0,425100000.0,671000000.0,339400000.0,394800000.0,229700000.0,-63300000.0,0.0,0.0,21100000.0,0.0313661365,210000000.0,231100000.0,0.3435409544,81100000.0,150000000.0,0.2229820128,0.69,0.68,218114436,221335272,https://www.sec.gov/Archives/edgar/data/73124/000119312505153606/0001193125-05-153606-index.htm,https://www.sec.gov/Archives/edgar/data/73124/000119312505153606/d10q.htm,3.0841608301433108,0.6877123896558593,0.0563924159517804,0.1077416077127513,54.82259780365936,15.800421389806589,15.800421389806589,15.800421389806589,22.76419704746182,9943837137.240002,2721737137.2400017,16.573061895400002,14.781978797740452,808.4420436780489,423.1420058400001,2.8853660845660567,2.8853660845660567,4.045989500877065,0.0,221.27944205203264,115.81860158468092,0.0150847201065115,0.0023632728166868,1.3740823491860836,0.1023767932963792,0.0,0.0469153515064562,0.0918589464518937,0.082,0.0046159243525925,0.306,0.3655418462910658,0.0,0.0,0.0,0.0,0.0,0.0,15.636120839580144,-0.000452889218575,0.0032428505953873,-141.44730887963783,-39193700000.0,3446300000.0,-40880000000.0,-38717200000.0,0.0,0.0,0.0,0.0,0.0,0.0,0.0,0.0,0.0,0.0435249397904999,0.0,2005-07-20,0.63,bmo,836047058.0,2025-04-25,2005-06-30,0.0793650793650794,45.44140625,1124041.03125
2005-03-31,NTRS,USD,73124,2005-05-02,2005-05-02 15:36:00,2005,Q1,606800000.0,120800000.0,486000000.0,0.8009228741,0,224600000.0,0.0,224600000.0,356400000.0,581000000.0,299000000.0,343500000.0,186100000.0,41500000.0,0.0,0.0,20100000.0,0.033124588,191700000.0,211800000.0,0.3490441661,72700000.0,139100000.0,0.2292353329,0.64,0.63,218453518,221657839,https://www.sec.gov/Archives/edgar/data/73124/000119312505092174/0001193125-05-092174-index.htm,https://www.sec.gov/Archives/edgar/data/73124/000119312505092174/d10q.htm,2.7777076128387184,0.6367487293109191,1.0615530577081391,0.842742207520778,67.23627128769792,15.387255058991542,15.387255058991542,15.387255058991542,21.277295245938777,9489620821.92,-736379178.0799999,17.055393281667865,15.638795026235991,40.92117646364812,51.54601206909288,2.8231156131135835,2.8231156131135835,-1.2135451187870796,0.0,-3.17541689555843,-3.999886898859315,0.0146581199196804,0.0194001428987287,1.327423097518891,0.0934229177179013,0.0,0.0533531657726452,0.1080064481461579,1.6671459381739755,0.0048474012674716,0.3306973400431344,0.3701384311140409,0.0,0.0,0.2061233290211298,0.0787738958470665,1.151807228915663,0.0,14.8475870057699,-0.000426228026712,0.0029123997881129,-136.0101694494112,-40413300000.0,3361400000.0,-42122200000.0,-39932600000.0,0.0,0.0,0.0,0.0,0.0,0.0,0.0,0.0,0.0,0.0413815672041411,0.2188108501873611,2005-04-19,0.6,bmo,755142857.0,2025-04-25,2005-03-31,0.05,43.9744262295082,1221570.4098360655
2004-12-31,NTRS,USD,73124,2005-03-14,2005-03-14 16:12:42,2004,Q4,589000000.0,0.0,589000000.0,1.0,0,214500000.0,45700000.0,260200000.0,608700000.0,480500000.0,480500000.0,327200000.0,176600000.0,46700000.0,0.0,0.0,63900000.0,0.1084889643,-95100000.00000006,199000000.0,0.337860781,66900000.0,132600000.0,0.2251273345,0.61,0.61,218453518,218453518,https://www.sec.gov/Archives/edgar/data/73124/000119312505049470/0001193125-05-049470-index.htm,https://www.sec.gov/Archives/edgar/data/73124/000119312505049470/d10k.htm,2.6962257481245966,0.6069941157917172,0.2673337583879057,0.4797359225865156,63.53800170890359,15.086046817520238,15.086046817520238,15.086046817520238,22.15070759354857,10612471904.44,1394671904.4400003,20.008431192383107,18.01777912468591,181.7204093226027,101.26404488969466,3.220194169328802,3.220194169328802,2.3678640143293728,0.0,23.881368226712336,13.307938019465654,0.0124947327252309,0.0098751733755972,1.4147044544240803,0.1029734940929882,0.0,0.0492163086538224,0.3618346545866364,0.4404223227752639,0.003919916149092,0.3137254901960784,0.364176570458404,0.0,0.0,0.0,0.0,0.0,0.0,14.35394325953136,-0.0122890286528391,0.0029286586699118,-128.63606069278316,-38640800000.0,3295600000.0,-39980900000.0,-38175700000.0,0.0,0.0,0.0,0.0,0.0,0.0,0.0,0.0,0.0,0.0402354654691103,0.0,2005-01-19,0.58,bmo,568689655.0,2025-04-25,2004-12-31,0.0344827586206896,44.88078125,1256200.578125
2004-09-30,NTRS,USD,73124,2004-11-01,2004-11-01 10:11:39,2004,Q3,546400000.0,130700000.0,415700000.0,0.760797952,0,195200000.0,0.0,195200000.0,0.0,161700000.0,292400000.0,279300000.0,140300000.0,80800000.0,0.0,0.0,19600000.0,0.0358711567,149000000.0,168600000.0,0.3085651537,53900000.0,114700000.0,0.2099194729,0.52,0.52,219234285,222477214,https://www.sec.gov/Archives/edgar/data/73124/000119312504182279/0001193125-04-182279-index.htm,https://www.sec.gov/Archives/edgar/data/73124/000119312504182279/d10q.htm,2.492310908396467,0.5231845922274428,1.1257363327090926,0.7982328129015039,61.22400061650941,14.712571074364575,14.712571074364575,14.712571074364575,24.332872935453505,8944758828.0,716658828.0,19.49598698343505,16.370349245973646,36.242945008103725,51.11290758857143,2.773138684855061,2.773138684855061,1.3116010761347,0.0,2.903804003241491,4.095193302857143,0.0128231517702804,0.019564529727978,1.6103859866687336,0.1263512527365604,0.0,0.0625965105096854,0.1397006414825374,2.151700087183958,0.0046731276721684,0.3644289450741064,0.3572474377745241,0.0,0.0,0.2909238249594814,0.1314055636896046,0.7638297872340426,0.0,13.160216039585778,-0.0004982994598886,0.0027900754074434,-111.5797193855879,-34116800000.0,3225500000.0,-35606300000.0,-33647000000.0,0.0,0.0,0.0,0.0,0.0,0.0,0.0,0.0,0.0,0.0355603782359324,0.3275035198075885,2004-10-20,0.56,bmo,674652631.0,2025-04-25,2004-09-30,0.0178571428571426,41.20796875,970894.515625
2004-06-30,NTRS,USD,73124,2004-07-30,2004-07-30 13:46:06,2004,Q2,571600000.0,116100000.0,455500000.0,0.7968859342,0,209700000.0,0.0,209700000.0,0.0,166800000.0,282900000.0,257300000.0,124300000.0,22500000.0,0.0,0.0,19200000.0,0.033589923,175200000.0,194400000.0,0.3400979706,63600000.0,130800000.0,0.2288313506,0.6,0.59,219826748,223350239,https://www.sec.gov/Archives/edgar/data/73124/000119312504128057/0001193125-04-128057-index.htm,https://www.sec.gov/Archives/edgar/data/73124/000119312504128057/d10q.htm,2.6002295225692915,0.5950140335060591,0.4289741847065854,0.3825740077818009,60.18466870100812,14.457294341633077,14.457294341633077,14.457294341633077,24.683984316594632,9294274905.44,1365974905.4400003,17.764286898776756,16.26010305360392,98.56070949565218,110.5145648684899,2.9244752856864165,2.9244752856864165,2.389739162771169,0.0,14.485417873170736,16.24226998145066,0.0140731796004271,0.0090485810733633,1.6682609106069664,0.1225042918901183,0.0,0.0510942477532309,0.1544650040225261,0.7209480122324159,0.0044973922576288,0.3195718654434251,0.3668649405178446,0.0,0.0,0.1081654294803817,0.0178446466060181,1.096774193548387,0.0,13.912282089775458,-0.0004751429277059,0.0030222300268257,-122.23717197508648,-36638200000.0,3178100000.0,-38128400000.0,-36158000000.0,0.0,0.0,0.0,0.0,0.0,0.0,0.0,0.0,0.0,0.0411566659324753,0.0464001769247844,2004-07-21,0.58,bmo,684105084.0,2025-04-25,2004-06-30,0.0172413793103448,43.07806451612903,1222129.661290323
2004-03-31,NTRS,USD,73124,2004-05-03,2004-05-03 13:26:35,2004,Q1,565000000.0,122900000.0,442100000.0,0.7824778761,0,203800000.0,0.0,203800000.0,0.0,165400000.0,288300000.0,254400000.0,115900000.0,26400000.0,0.0,0.0,19700000.0,0.0348672566,172800000.0,192500000.0,0.3407079646,65300000.0,127500000.0,0.2256637168,0.58,0.57,220102831,224384348,https://www.sec.gov/Archives/edgar/data/73124/000119312504076444/0001193125-04-076444-index.htm,https://www.sec.gov/Archives/edgar/data/73124/000119312504076444/d10q.htm,2.5669819758020287,0.5792746936544401,1.1562777218435687,1.094034088094033,50.0484248655575,14.167923174054948,14.167923174054948,14.167923174054948,17.465018430408104,10254590896.29,2966990896.290001,20.10704097311765,18.14971840051328,40.29308800113949,42.58551036665283,3.288414217640457,3.288414217640457,5.251311320867258,0.0,11.658117470687626,12.321390765323924,0.0124334555409839,0.0234821654452464,1.1955489994869164,0.0927899967395822,0.0,0.0398481866741636,0.1699741156169111,1.996078431372549,0.0040762230714755,0.3278431372549019,0.3607079646017699,0.0,0.0,0.0538310412573673,0.0242477876106194,0.5189393939393939,0.0,13.588972938317754,-0.0005232012061539,0.0031733073827307,-118.3296910887984,-34152600000.0,3118400000.0,-35643100000.0,-33661200000.0,0.0,0.0,0.0,0.0,0.0,0.0,0.0,0.0,0.0,0.0408863519753719,0.0622436337495359,2004-04-20,0.55,bmo,657008771.0,2025-04-25,2004-03-31,0.0363636363636361,48.093870967741935,1039159.6451612904
2003-12-31,NTRS,USD,73124,2004-03-12,2004-03-12 12:31:08,2003,Q4,530300000.0,0.0,530300000.0,1.0,0,190200000.0,0.0,190200000.0,606900000.0,476600000.0,476600000.0,256400000.0,120200000.0,85100000.0,0.0,0.0,75000000.0,0.1414293796,-84200000.0,197900000.0,0.3731849896,67400000.0,129700000.0,0.2445785404,0.59,0.59,219879208,220102831,https://www.sec.gov/Archives/edgar/data/73124/000119312504040148/0001193125-04-040148-index.htm,https://www.sec.gov/Archives/edgar/data/73124/000119312504040148/d10k.htm,2.4117787435363147,0.5898693249795588,-0.2687839406807396,-0.3383676004508802,47.32780372758119,13.895356581419012,13.895356581419012,13.895356581419012,24.69719647161909,10176009746.24,5079809746.24,19.61451377455667,19.189156602376013,-172.1829060277496,-136.77432454623656,3.330609022433149,3.330609022433149,9.579124545049972,0.0,-85.95278758443315,-68.27701271827956,0.0127456638932488,-0.0073113137521797,1.7380289987889896,0.1281103589367482,0.0,0.0398628874918708,0.6239600665557404,-0.4556669236700077,0.0036753109453161,0.2883577486507324,0.3586649066566094,0.0,0.0,-0.2588832487309644,0.0288515934376767,0.1797884841363102,0.0,13.580132681907706,-0.0147254202232474,0.0031290560721058,-127.29034388735838,-35432900000.0,3055300000.0,-36923800000.0,-34934600000.0,0.0,0.0,0.0,0.0,0.0,0.0,0.0,0.0,0.0,0.0424508231597551,0.0695836597701407,2004-01-21,0.54,bmo,491018518.0,2025-04-25,2003-12-31,0.0740740740740739,45.66015625,909437.96875
2003-09-30,NTRS,USD,73124,2003-10-31,2003-10-31 13:28:44,2003,Q3,525700000.0,105800000.0,419900000.0,0.7987445311,0,190800000.0,0.0,190800000.0,0.0,157900000.0,263700000.0,254500000.0,120200000.0,31400000.0,0.0,0.0,20700000.0,0.03937607,152600000.0,173300000.0,0.3296556972,58500000.0,113800000.0,0.2164732737,0.52,0.51,220263066,224652577,https://www.sec.gov/Archives/edgar/data/73124/000119312503070742/0001193125-03-070742-index.htm,https://www.sec.gov/Archives/edgar/data/73124/000119312503070742/d10q.htm,2.3866915572672545,0.5166549347860253,1.98853129557363,1.9095348468453623,44.3805680976038,13.621439374679367,13.621439374679367,13.621439374679367,22.341012904996067,9328140845.1,4353440845.1,20.492400802065028,17.74422835286285,21.297125217123288,22.178176046362346,3.1090693747625235,3.1090693747625235,8.281226640859806,0.0,9.939362660045663,10.35054884712316,0.0121996442688553,0.0450893706456992,1.6000733260007332,0.1178253591922285,0.0,0.0394181576836923,0.1722129783693843,3.8488576449912126,0.0040200936738319,0.3295254833040422,0.3629446452349248,0.0,0.0,0.0397260273972602,0.0330987255088453,0.554140127388535,0.0,12.583546285363171,-0.0005488826626732,0.0027930355731613,-126.97771127911204,-34735600000.0,3000300000.0,-36318500000.0,-34231700000.0,0.0,0.0,0.0,0.0,0.0,0.0,0.0,0.0,0.0,0.0379295403792954,0.0789964487282675,2003-10-15,0.49,bmo,620570588.0,2025-04-25,2003-09-30,0.0408163265306122,42.795,1105190.140625
2003-06-30,NTRS,USD,73124,2003-08-01,2003-08-01 13:34:37,2003,Q2,538100000.0,132900000.0,405200000.0,0.7530198848,0,211700000.0,0.0,211700000.0,0.0,177400000.0,310300000.0,270200000.0,133200000.0,12500000.0,0.0,0.0,35100000.0,0.0652295112,83000000.0,118100000.0,0.2194759338,36700000.0,66600000.0,0.1237688162,0.3,0.3,220297456,223846394,https://www.sec.gov/Archives/edgar/data/73124/000119312503027739/0001193125-03-027739-index.htm,https://www.sec.gov/Archives/edgar/data/73124/000119312503027739/d10q.htm,2.4426065092644555,0.3023185161066953,0.5156664178636725,0.4207946913376975,47.40590377040033,13.373281986515542,13.373281986515542,13.373281986515542,22.781016590586503,9164374169.6,3606374169.6,34.40080393993994,17.030987120609552,80.67230783098591,98.86056277885652,3.1106799394453684,3.1106799394453684,6.702051978442669,0.0,31.74625149295775,38.903712724919096,0.0072672720217955,0.01011525700331,1.6582600726384034,0.1250390315067441,0.0,0.0677465114932545,0.2635135135135135,1.7057057057057057,0.0041355797241148,0.5690690690690691,0.3934212971566623,0.0,0.0,0.1839788732394366,0.0388403642445642,1.672,0.0,9.537677506966514,-0.0010187408648301,0.0017045890814158,-116.57647104195338,-32201900000.0,2946100000.0,-33784800000.0,-31693000000.0,0.0,0.0,0.0,0.0,0.0,0.0,0.0,0.0,0.0,0.022606157292692,0.0948717265259749,2003-07-16,0.44,bmo,671300000.0,2025-04-25,2003-06-30,0.0,36.476349206349205,1218846.0952380951
2003-03-31,NTRS,USD,73124,2003-05-05,2003-05-05 12:03:44,2003,Q1,513800000.0,112800000.0,401000000.0,0.7804593227,0,204400000.0,0.0,204400000.0,0.0,168400000.0,281200000.0,274600000.0,133900000.0,57300000.0,0.0,0.0,17500000.0,0.0340599455,121300000.0,138800000.0,0.2701440249,44100000.0,94700000.0,0.1843129622,0.43,0.42,220373864,223435626,https://www.sec.gov/Archives/edgar/data/73124/000095013103002578/0000950131-03-002578-index.htm,https://www.sec.gov/Archives/edgar/data/73124/000095013103002578/d10q.htm,2.331492449576507,0.4297242798265769,0.0857633462378279,-0.0426547859595546,35.83092775466332,13.731664658745558,13.731664658745558,13.731664658745558,19.93385204699229,6710384158.8,3073184158.8,17.71484730411827,13.060303929155314,355.04678088888886,-713.8706551914894,2.217502448299792,2.217502448299792,5.981284855585831,0.0,162.60233644444446,-326.93448497872345,0.0141124558235329,-0.0014008139888195,1.407422094444995,0.1168459548363909,0.0,0.0426992125984252,0.1306945481702763,0.1995776135163674,0.0056479627847085,0.4002111932418162,0.3978201634877384,0.0,0.0,1.4973544973544974,0.0550797975866095,0.493891797556719,0.0,11.52252873251955,-0.0005381603819708,0.0025981009445893,-115.8367854365888,-30394300000.0,3026100000.0,-32067900000.0,-29872700000.0,0.0,0.0,0.0,0.0,0.0,0.0,0.0,0.0,0.0,0.0312944053402068,0.1284181321973825,2003-04-15,0.44,bmo,660209523.0,2025-04-25,2003-03-31,-0.0454545454545455,33.004262295081965,1490695.8524590165
2002-12-31,NTRS,USD,73124,2003-03-10,2003-03-10 17:07:05,2002,Q4,510300000.0,297500000.0,212800000.0,0.4170096022,0,193800000.0,0.0,193800000.0,325700000.0,464400000.0,761900000.0,304100000.0,152700000.0,12000000.0,0.0,0.0,58000000.0,0.1136586322,-122000000.0,141900000.0,0.2780717225,45600000.0,96300000.0,0.188712522,0.44,0.44,220062622,220373864,https://www.sec.gov/Archives/edgar/data/73124/000095013103001244/0000950131-03-001244-index.htm,https://www.sec.gov/Archives/edgar/data/73124/000095013103001244/d10k.htm,2.3188853943583387,0.43760271110466,1.1637596501962972,1.0360687241107216,50.1661749717769,13.631574379769043,13.631574379769043,13.631574379769043,32.19492676952654,7713194901.099999,3605694901.1,20.02387045976116,15.115020382324122,30.117902776649743,33.82980219780701,2.5712363827921862,2.5712363827921862,7.065833629433666,0.0,14.07924600195236,15.814451320614031,0.0124850987476365,0.0295597353526596,2.310887392492833,0.1755956451915234,0.0,0.0737212093501743,0.3798297314996726,2.659397715472482,0.0049525521511912,0.3966770508826583,0.3797766019988242,0.0,0.0,0.1097227645450995,0.0550656476582402,2.341666666666667,0.0,11.585219586493151,-0.0300011602124477,0.0024393209416842,-115.59755022822549,-32414200000.0,2999800000.0,-33898600000.0,-31899200000.0,381250000.0,0.0,0.0,0.0,0.0,0.0,0.0,0.0,0.0,0.0321021401426761,0.1276909260855757,2003-01-22,0.47,bmo,553729787.0,2025-04-25,2002-12-31,-0.0851063829787233,36.35046875,1746235.265625
2002-09-30,NTRS,USD,73124,2002-11-04,2002-11-04 12:40:51,2002,Q3,520400000.0,0.0,520400000.0,1.0,0,204000000.0,0.0,204000000.0,-423000000.0,-219000000.0,-219000000.0,308100000.0,158200000.0,30500000.0,0.0,0.0,301400000.0,0.5791698693,-158200000.0,143200000.0,0.2751729439,46800000.0,96400000.0,0.1852421214,0.44,0.43,220431828,225098182,https://www.sec.gov/Archives/edgar/data/73124/000095013102004122/0000950131-02-004122-index.htm,https://www.sec.gov/Archives/edgar/data/73124/000095013102004122/d10q.txt,2.360820598012733,0.4373234159270321,0.5620785397651378,0.4209918360791346,42.15226124241913,13.36059328056745,13.36059328056745,13.36059328056745,35.511205759269934,8314688552.16,6692588552.16,21.562988983817423,15.977495296233666,67.1080593394673,89.59793698448276,2.8232279216868696,2.8232279216868696,12.8604699311299,0.0,54.016049654237285,72.11841112241379,0.0115939399768566,0.0111609712640279,2.6041900105259583,0.1933325771038933,0.0,0.2852983740529496,1.9051833122629585,1.2852697095435686,0.0045822522107701,0.3952282157676348,0.3920061491160646,0.0,0.0,0.2510088781275222,0.059761721752498,1.019672131147541,0.0,11.465829955832415,-0.0133509087379421,0.0024300172672388,-121.86001106881898,-25186800000.0,2945100000.0,-26671200000.0,-24680000000.0,767050000.0,0.0,0.0,131.86971560338202,0.0,0.0,0.6824918032786885,0.0,0.0,0.0327323350650232,0.1410867036860031,2002-10-16,0.43,bmo,520400000.0,2025-04-25,2002-09-30,0.0,39.98765625,1542689.90625
2002-06-30,NTRS,USD,73124,2002-08-13,2002-08-13 09:47:16,2002,Q2,551700000.0,0.0,551700000.0,1.0,0,200900000.0,0.0,200900000.0,-402000000.0,-201100000.0,-201100000.0,311100000.0,159800000.0,34200000.0,0.0,0.0,350600000.0,0.6354903027,-159800000.0,190800000.0,0.3458401305,64000000.0,126800000.0,0.2298350553,0.57,0.56,220864358,226552122,https://www.sec.gov/Archives/edgar/data/73124/000095013102003104/0000950131-02-003104-index.htm,https://www.sec.gov/Archives/edgar/data/73124/000095013102003104/d10q.txt,2.4979132214714337,0.5741080233506938,1.092072990790121,0.97752304606794,43.32478126688056,13.19044877308814,13.19044877308814,13.19044877308814,32.7064994343723,9492750106.84,6987750106.84,18.71598995828076,17.20636234700018,39.35634372653399,43.96827284316814,3.258418325211959,3.258418325211959,12.665851199637483,0.0,28.97077158723052,32.36567904974525,0.0133575621998765,0.0227436725469506,2.424707376514605,0.1868687403112054,0.0,0.3095587354807807,2.1939924906132666,1.9022082018927444,0.0040241236280385,0.3012618296529968,0.3641471814391879,0.0,0.0,0.1048922056384742,0.045858256298713,0.7397660818713451,0.0,13.053225870454012,-0.0161146376498155,0.0033543731184559,-112.01671570747509,-23063500000.0,2913300000.0,-24547600000.0,-22566200000.0,486200000.0,0.0,0.0,125.87275693311582,0.0,0.0,0.7150077760497667,0.0,0.0,0.0435245254522363,0.114549944722181,2002-07-15,0.57,bmo,712907142.0,2025-04-25,2002-06-30,-0.0175438596491226,51.60015625,1225103.125
2002-03-31,NTRS,USD,73124,2002-05-14,2002-05-14 10:22:37,2002,Q1,540900000.0,0.0,540900000.0,1.0,0,198200000.0,0.0,198200000.0,-380200000.0,-182000000.0,-182000000.0,315000000.0,165800000.0,-19000000.0,0.0,0.0,358900000.0,0.6635237567,-165800000.0,193100000.0,0.3569975966,65500000.0,127600000.0,0.2359031244,0.58,0.56,220854363,227373197,https://www.sec.gov/Archives/edgar/data/73124/000095013102001946/0000950131-02-001946-index.htm,https://www.sec.gov/Archives/edgar/data/73124/000095013102001946/d10q.txt,2.4491252636018785,0.5777563017851723,0.3509099795325302,0.2336381283081104,40.11919836965141,12.821571471513108,12.821571471513108,12.821571471513108,25.05814204811521,13156294403.91,9664194403.91,25.77643887913401,24.32296987226844,169.75863746980644,254.9669458122093,4.646076351276618,4.646076351276618,17.86687817324829,0.0,124.69928263109678,187.290589223062,0.009698779617008,0.0039220770238057,1.8958222975597696,0.1414165893955997,0.0,0.2693288550707406,2.1646562123039805,0.6073667711598746,0.0029111540699953,0.3001567398119122,0.3664263264928822,0.0,0.0,0.3341935483870967,0.0478831577001294,-1.363157894736842,0.0,12.910237550883906,-0.021148207438891,0.0033612914102672,-118.26254933437744,-24582700000.0,2831700000.0,-26068600000.0,-24089000000.0,386100000.0,0.0,0.0,33.41098169717138,0.0,0.0,2.693725099601594,0.0,0.0,0.045061270614825,0.1172718512244197,2002-04-15,0.57,bmo,707207142.0,2025-04-25,2002-03-31,-0.0175438596491226,57.97866666666666,1045395.0
2001-12-31,NTRS,USD,73124,2002-03-12,2002-03-12 00:00:00,2001,Q4,538200000.0,0.0,538200000.0,1.0,0,192600000.0,0.0,192600000.0,-387000000.0,-194400000.0,-194400000.0,342300000.0,190500000.0,12000000.0,0.0,0.0,343800000.0,0.6387959866,-190500000.0,153300000.0,0.2848383501,50900000.0,102400000.0,0.1902638424,0.46,0.46,220854363,220854363,https://www.sec.gov/Archives/edgar/data/73124/000095013102000853/0000950131-02-000853-index.htm,https://www.sec.gov/Archives/edgar/data/73124/000095013102000853/d10k.txt,2.4369000127020355,0.4636539600533044,0.7403068600460476,0.5899815526850153,43.3462118201396,12.558049396560936,12.558049396560936,12.558049396560936,45.556265510588986,13299849739.86,13597449739.86,32.47033627895508,24.71172378272018,81.34464672697247,102.0709880265541,4.795330715651704,4.795330715651704,25.264678074804905,0.0,83.16483021321102,104.35494811864928,0.0076993351055015,0.0097971031664731,3.5589688119704346,0.2488572905242723,0.0,0.2864654223025442,1.8047244094488188,1.5966796875,0.0026541653244551,0.3447265625,0.3578595317725752,0.0,0.0,0.2030581039755351,0.061687105165366,2.7666666666666666,0.0,11.445883976275532,-0.0135858569106769,0.0025816536197355,-121.75104731800114,-25268400000.0,2773500000.0,-26746400000.0,-24779700000.0,640650000.0,0.0,0.0,95.55183946488296,0.0,0.0,0.9418970948547428,0.0,0.0,0.0369208581215071,0.1503253073610323,2002-01-14,0.54,bmo,627900000.0,2025-04-25,2001-12-31,-0.1666666666666667,55.48671875,1125467.1875
2001-09-30,NTRS,USD,73124,2001-11-09,2001-11-09 00:00:00,2001,Q3,538800000.0,0.0,538800000.0,1.0,0,204200000.0,0.0,204200000.0,-305700000.0,-101500000.0,-101500000.0,396100000.0,247100000.0,62200000.0,0.0,0.0,437300000.0,0.8116184113,-247100000.0,190200000.0,0.3530066815,63600000.0,126600000.0,0.2349665924,0.57,0.55,221453555,228778525,https://www.sec.gov/Archives/edgar/data/73124/000095013101504034/0000950131-01-504034-index.htm,https://www.sec.gov/Archives/edgar/data/73124/000095013101504034/d10q.txt,2.4330158077615867,0.571677433672266,0.4235651127840327,0.3183511775189159,35.33969007632323,12.308675740156891,12.308675740156891,12.308675740156891,38.316838038567504,11411501689.15,11823701689.15,22.5345609975316,21.17947603776912,121.6578005239872,161.8652721865248,4.186477984133099,4.186477984133099,21.9445094453415,0.0,126.05225681396588,167.71208069716312,0.0110940701275425,0.0061779774406931,3.022342064714946,0.2345463552402318,0.0,0.2760583422269655,1.7697288547146903,0.740916271721959,0.0031108964417674,0.2804107424960506,0.3789903489235338,0.0,0.0,0.2484008528784648,0.0432442464736451,0.3745980707395498,0.0,12.582659638499797,-0.0175714907593245,0.0036043320312944,-108.55583239564612,-22385000000.0,2725800000.0,-23862600000.0,-21900400000.0,627400000.0,0.0,0.0,118.58017817371936,0.0,0.0,0.7589801380476123,0.0,0.0,0.0464450803433854,0.1052139352651168,2001-10-15,0.57,bmo,814478181.0,2025-04-25,2001-09-30,-0.0350877192982454,59.38474576271186,1153371.186440678
2001-06-30,NTRS,USD,73124,2001-08-10,2001-08-10 00:00:00,2001,Q2,560700000.0,0.0,560700000.0,1.0,0,207000000.0,0.0,207000000.0,-267000000.0,-60000000.0,-60000000.0,449700000.0,303300000.0,-20700000.0,0.0,0.0,500700000.0,0.8929909042,-303300000.0,197400000.0,0.3520599251,66100000.0,131300000.0,0.2341715713,0.59,0.57,221701482,229484490,https://www.sec.gov/Archives/edgar/data/73124/000094018001500113/0000940180-01-500113-index.htm,https://www.sec.gov/Archives/edgar/data/73124/000094018001500113/d10q.txt,2.52907646327777,0.592237809217712,1.593133238504919,1.4415780946380865,26.3687908049257,12.003077182857984,12.003077182857984,12.003077182857984,30.24562551187637,13856342625.0,14412542625.0,26.382982911271892,24.712578250401283,39.23086813420159,43.35526478410513,5.206998092893916,5.206998092893916,25.704552568218297,0.0,40.80561332106456,45.09556515957447,0.0094758049474833,0.0230652495142093,2.405847206042614,0.1769355346867935,0.0,0.1997343500953214,1.6508407517309591,2.69002284843869,0.0025620036225107,0.2703731911652703,0.3691813804173354,0.0,0.0,0.0951302378255945,0.0599250936329588,-1.6231884057971016,0.0,12.646944810093688,-0.0215387786908001,0.0036286957146568,-122.99432892379131,-25606100000.0,2661100000.0,-27131800000.0,-25125700000.0,501450000.0,0.0,0.0,87.46388443017656,0.0,0.0,1.02899614608185,0.0,0.0,0.0493404982901807,0.1515551438668326,2001-07-16,0.56,bmo,848842105.0,2025-04-25,2001-06-30,0.0178571428571426,64.70571428571428,887706.3492063492
2001-03-31,NTRS,USD,73124,2001-05-11,2001-05-11 00:00:00,2001,Q1,537600000.0,0.0,537600000.0,1.0,0,204200000.0,0.0,204200000.0,-205500000.0,-1300000.0,-1300000.0,493400000.0,345300000.0,-29700000.0,0.0,0.0,536300000.0,0.9975818452,-345300000.0,191000000.0,0.3552827381,63800000.0,127200000.0,0.2366071429,0.57,0.55,221567912,229821275,https://www.sec.gov/Archives/edgar/data/73124/000095013101501349/0000950131-01-501349-index.htm,https://www.sec.gov/Archives/edgar/data/73124/000095013101501349/d10q.txt,2.4263441179154137,0.5740903493282006,0.5190282246284832,0.3466205882736305,23.05252576465133,11.61088704938466,11.61088704938466,11.61088704938466,29.62929036403069,13847994500.0,14959894500.0,27.216970322327043,25.75891834077381,120.41734347826088,180.31242838541667,5.382878994013838,5.382878994013838,27.827184709821427,0.0,130.08603913043478,194.79029296875,0.0091854455892512,0.005545929412378,2.4176319676591773,0.1628261313478786,0.0,0.1633847057096726,1.553142195192586,0.9040880503144654,0.0025996544120522,0.2830188679245283,0.3798363095238095,0.0,0.0,0.3321739130434782,0.0710565476190476,-1.286195286195286,0.0,12.246559090181584,-0.0234348579691992,0.0033300347140411,-136.18397956469437,-28499300000.0,2572600000.0,-30059500000.0,-28032900000.0,536600000.0,0.0,0.0,76.67410714285715,0.0,0.0,1.1737991266375545,0.0,0.0,0.0494441421130373,0.1724076363548526,2001-04-16,0.55,bmo,882900000.0,2025-04-25,2001-03-31,0.0,70.18629032258065,1436922.5806451612
2000-12-31,NTRS,USD,73124,2001-03-16,2001-03-16 00:00:00,2000,Q4,535400000.0,0.0,535400000.0,1.0,0,199800000.0,0.0,199800000.0,-148600000.0,51200000.0,51200000.0,544100000.0,398500000.0,-99100000.0,0.0,0.0,586600000.0,1.0956294359,-398500000.0,188100000.0,0.3513261113,62600000.0,125500000.0,0.2344041838,0.57,0.57,220889189,221567912,https://www.sec.gov/Archives/edgar/data/73124/000095013101500146/0000950131-01-500146-index.htm,https://www.sec.gov/Archives/edgar/data/73124/000095013101500146/d10k.txt,2.4238397651955705,0.5681581817931343,0.8148882288666468,0.5586511524563568,34.419520640279046,11.14676553953032,11.14676553953032,11.14676553953032,27.85650138812362,18015722254.84,16167522254.84,35.88789293792829,33.649089007919315,100.08734586022224,145.99450773776337,7.316920743578913,7.316920743578913,30.19709050212925,0.0,89.81956808244445,131.01719817536463,0.0069661375894204,0.0068495727373265,2.33721874746162,0.159753819162019,0.0,0.2555856192075636,1.4720200752823087,1.4342629482071714,0.001726269952438,0.247808764940239,0.3731789316398954,0.0,0.0,0.3144444444444444,0.1057153530070975,-0.5711402623612513,0.0,11.937141028772889,-0.0267314970912522,0.0034839529957831,-115.42348503076808,-23935900000.0,2462200000.0,-25342000000.0,-23487800000.0,307600000.0,0.0,0.0,103.41426970489354,0.0,0.0,0.8702860858257477,0.0,0.0,0.0509706766306555,0.25623707641029,2001-01-16,0.54,bmo,535400000.0,2025-04-25,2000-12-31,0.0,83.16222222222223,924153.9682539684
2000-09-30,NTRS,USD,73124,2000-11-13,2000-11-13 00:00:00,2000,Q3,534700000.0,97700000.0,437000000.0,0.8172807182,0,207300000.0,0.0,207300000.0,0.0,179800000.0,277500000.0,531300000.0,388500000.0,27200000.0,0.0,0.0,23500000.0,0.0439498784,161300000.0,184800000.0,0.3456143632,61500000.0,123300000.0,0.2305965962,0.55,0.53,220749384,230936938,https://www.sec.gov/Archives/edgar/data/73124/000095013100006298/0000950131-00-006298-index.htm,https://www.sec.gov/Archives/edgar/data/73124/000095013100006298/0000950131-00-006298-0001.htm,2.422203814620837,0.558551955007947,0.2201591647476579,0.0738393906458194,18.652373680009905,10.693121571745811,10.693121571745811,10.693121571745811,41.40441904925089,19620205249.92,24254205249.92,39.78143805742092,36.69385683545913,403.7079269530864,1203.6935736147238,8.311885299690744,8.311885299690744,45.3603988216196,0.0,499.05772119176953,1487.988052142331,0.0062843379276321,0.0008307762223877,3.707477229400551,0.2515254198317511,0.0,0.0438908047829309,0.0604890604890604,0.3941605839416058,8.154858624664612e-05,0.0129764801297648,0.3876940340377782,0.0,0.0,0.6646090534979424,0.0604077052552833,1.1875,0.0,11.592451814793804,-0.0012033571852677,0.0035437449883168,-128.27079961409993,-29665200000.0,2360500000.0,-31071400000.0,-29255400000.0,0.0,0.0,0.0,0.0,0.0,0.0,0.0,0.0,0.0,0.0522346960389747,0.1463197741018385,2000-10-16,0.52,bmo,905781132.0,2025-04-25,2000-09-30,0.0192307692307692,79.17476190476191,749019.0476190476
2000-06-30,NTRS,USD,73124,2000-08-10,2000-08-10 00:00:00,2000,Q2,533700000.0,100200000.0,433500000.0,0.8122540753,0,197300000.0,0.0,197300000.0,0.0,170000000.0,270200000.0,499900000.0,359100000.0,-12200000.0,0.0,0.0,18700000.0,0.0350384111,166800000.0,185500000.0,0.3475735432,62500000.0,123000000.0,0.2304665542,0.55,0.53,221010593,230503264,https://www.sec.gov/Archives/edgar/data/73124/000095013100004795/0000950131-00-004795-index.htm,https://www.sec.gov/Archives/edgar/data/73124/000095013100004795/0000950131-00-004795-0001.htm,2.414816379412185,0.5565344100949948,0.7262095351239567,0.6054008461033359,25.83586570440992,10.428911884780112,10.428911884780112,10.428911884780112,33.50382395471877,14378949180.58,15714549180.58,29.225506464593497,26.94200708371745,89.58846841482867,107.46598789671152,6.238426474285219,6.238426474285219,29.44453659467866,0.0,97.90996374193146,117.44805067698056,0.008554171689133,0.0093052696911056,3.056792051715909,0.1912066022400069,0.0,0.0583215137157859,0.0520746310219994,1.304878048780488,0.0042770858445665,0.5,0.3696833427018924,0.0,0.0,0.1663551401869158,0.0500281056773468,-2.1885245901639343,0.0,11.427645745467329,-0.0008875014971113,0.0033380282836835,-130.46071506626834,-31204400000.0,2304900000.0,-32610600000.0,-30809900000.0,0.0,0.0,0.0,0.0,0.0,0.0,0.0,0.0,0.0,0.0533645711310685,0.1208086890206208,2000-07-17,0.5,bmo,842264150.0,2025-04-25,2000-06-30,0.06,66.6688888888889,897320.6349206349
2000-03-31,NTRS,USD,73124,2000-05-10,2000-05-10 00:00:00,2000,Q1,501800000.0,93400000.0,408400000.0,0.8138700678,0,194000000.0,0.0,194000000.0,0.0,164800000.0,258200000.0,435800000.0,296400000.0,-4700000.0,0.0,0.0,15700000.0,0.0312873655,156000000.0,171700000.0,0.3421681945,58400000.0,113300000.0,0.2257871662,0.51,0.49,221199338,230120655,https://www.sec.gov/Archives/edgar/data/73124/000095013100003186/0000950131-00-003186-index.htm,https://www.sec.gov/Archives/edgar/data/73124/000095013100003186/0000950131-00-003186-d1.html,2.2685420514233186,0.5122076812002032,-0.0813745654157428,-0.1785719629956577,24.271320378002216,10.17905397167147,10.17905397167147,10.17905397167147,25.889770067937544,14944227275.28,15005827275.28,32.97490572656664,29.78124207907533,-830.2348486266666,-378.3348677286076,6.637159031479837,6.637159031479837,29.90400015001993,0.0,-833.6570708488889,-379.8943613994937,0.0075815228123179,-0.0026431610863774,2.4117960561378573,0.1634707429995725,0.0,0.0538765983357012,0.0529689608636977,-0.1588702559576346,0.0021145288691019,0.2789055604589585,0.3866082104424073,0.0,0.0,-1.1944444444444444,0.0428457552809884,-4.574468085106383,0.0,10.830986414539312,-0.0007144819552949,0.0034106576277717,-115.72819444875554,-27969300000.0,2251600000.0,-29375100000.0,-27584400000.0,0.0,0.0,0.0,0.0,0.0,0.0,0.0,0.0,0.0,0.0503197726061467,0.097197397579915,2000-04-17,0.47,bmo,765620408.0,2025-04-25,2000-03-31,0.0425531914893617,57.36873015873016,1298026.984126984
1999-12-31,NTRS,USD,73124,2000-03-14,2000-03-14 00:00:00,1999,Q4,478700000.0,0.0,478700000.0,1.0,0,185500000.0,0.0,185500000.0,-217000000.0,-31500000.0,-31500000.0,424100000.0,285800000.0,174200000.0,0.0,0.0,447200000.0,0.934196783,-285800000.0,161400000.0,0.3371631502,55400000.0,106000000.0,0.2214330478,0.48,0.48,221199338,221199338,https://www.sec.gov/Archives/edgar/data/73124/000095013100001756/0000950131-00-001756-index.htm,https://www.sec.gov/Archives/edgar/data/73124/000095013100001756/0000950131-00-001756-d1.html,2.164111359139782,0.4792057741149297,1.93897506148956,1.7581426938990206,19.590022462002125,9.831403744978658,9.831403744978658,9.831403744978658,12.412333711414634,11723564914.0,9850064914.0,27.64991725,24.49042179653227,27.334028710655165,30.145448480329133,5.390888358854094,5.390888358854094,20.57669712554836,0.0,22.96587762648636,25.328014692723062,0.0090416183795269,0.033172503658472,1.1310985423276774,0.0856828362628099,0.0,0.0708846138527104,1.5647305808257523,4.046226415094339,0.0023627625388009,0.2613207547169811,0.387507833716315,0.0,0.0,0.0932618325950104,0.083559640693545,0.2296211251435132,0.0,10.295798776714737,-0.958238577212846,0.0036923248409861,-100.3628681745874,-23327300000.0,2174700000.0,-24753800000.0,-22946900000.0,0.0,0.0,0.0,0.0,0.0,0.0,0.0,0.0,0.0,0.0487423552673932,0.1808323675905395,2000-01-18,0.45,bmo,468062222.0,2025-04-25,1999-12-31,0.0222222222222222,48.01796875,936376.5625
1999-09-30,NTRS,USD,73124,1999-11-12,1999-11-12 00:00:00,1999,Q3,434700000.0,71700000.0,363000000.0,0.8350586611,0,169400000.0,0.0,169400000.0,0.0,144700000.0,216400000.0,404300000.0,276000000.0,-26500000.0,0.0,0.0,16300000.0,0.0374971245,141800000.0,158100000.0,0.3636991028,53900000.0,104200000.0,0.2397055441,0.47,0.45,217266000,217266000,https://www.sec.gov/Archives/edgar/data/73124/000095013199006270/0000950131-99-006270-index.htm,https://www.sec.gov/Archives/edgar/data/73124/000095013199006270/0000950131-99-006270-d1.html,2.000773245698821,0.479596439387663,0.02577485662736,-0.0727219169129086,28.465567553137628,9.771432253550946,9.771432253550946,9.771432253550946,38.67149024697836,9070855500.0,11012255500.0,21.76308901151631,20.86693236714976,1619.795625,-574.1047784810127,4.272659208666981,4.272659208666981,25.333000920174836,0.0,1966.4741964285715,-696.9781962025316,0.0114873398655727,-0.0017418423212672,3.827602449364107,0.2412356872070274,0.0,0.0586164768036982,0.0590579710144927,0.0537428023032629,0.0030647605399512,0.2667946257197697,0.3896940418679549,0.0,0.0,3.821428571428571,0.0492293535771796,-0.8075471698113208,0.0,10.268531668243424,-0.0009092172637514,0.0030933741824972,-116.80290519455414,-28509800000.0,2123000000.0,-29786700000.0,-28152900000.0,196300000.0,0.0,0.0,0.0,0.0,0.0,0.0,0.0,0.0,0.0490814884597268,0.0984967735402686,1999-10-18,0.44,bmo,434700000.0,2025-04-25,1999-09-30,0.0,43.65875,785856.25
1999-06-30,NTRS,USD,73124,1999-08-12,1999-08-12 00:00:00,1999,Q2,428900000.0,0.0,428900000.0,1.0,0,164500000.0,0.0,164500000.0,-197800000.0,-33300000.0,-33300000.0,370000000.0,243400000.0,-102600000.0,0.0,0.0,395600000.0,0.9223595244,-243400000.0,152200000.0,0.354861273,52500000.0,99700000.0,0.2324551177,0.44,0.43,221949172,230294202,https://www.sec.gov/Archives/edgar/data/73124/000095013199004841/0000950131-99-004841-index.htm,https://www.sec.gov/Archives/edgar/data/73124/000095013199004841/0000950131-99-004841.txt,1.9324244201280465,0.4492019461104365,0.7681938998177474,0.6861931433562636,18.16677198507413,9.355295094320065,9.355295094320065,9.355295094320065,31.21885942426493,10764534842.0,13418034842.0,26.992314047141424,25.09800615994404,63.13510171260997,70.67980854891661,5.184229841071085,5.184229841071085,31.284762979715552,0.0,78.6981515659824,88.10265818778726,0.0092618957960914,0.0141483122341497,3.219803506068195,0.2214449434927196,0.0,0.1651747050918321,1.6253081347576006,1.7101303911735206,0.0025918444604909,0.279839518555667,0.3835392865469806,0.0,0.0,0.1067448680351906,0.0424341338307297,-0.177734375,0.0,9.723907504863195,-0.0342055692851205,0.0033023305112815,-107.17701618639065,-22363300000.0,2076400000.0,-23689700000.0,-22013300000.0,373400000.0,0.0,0.0,82.38283982280251,0.0,0.0,1.0924605196128374,0.0,0.0,0.0480157965709882,0.0820007564614838,1999-07-19,0.42,bmo,656665116.0,2025-04-25,1999-06-30,0.0238095238095238,46.19968253968254,752720.6349206349
1999-03-31,NTRS,USD,73124,1999-05-14,1999-05-14 00:00:00,1999,Q1,411700000.0,0.0,411700000.0,1.0,0,161700000.0,0.0,161700000.0,-184000000.0,-22300000.0,-22300000.0,370200000.0,244600000.0,-10800000.0,0.0,0.0,389400000.0,0.9458343454,-244600000.0,144800000.0,0.351712412,49700000.0,95100000.0,0.2309934418,0.42,0.41,221643090,230140766,https://www.sec.gov/Archives/edgar/data/73124/000095013199003114/0000950131-99-003114-index.htm,https://www.sec.gov/Archives/edgar/data/73124/0000950131-99-003114.txt,1.8574907974798585,0.4290681924710579,-0.4263611376289691,-0.5179498264529699,17.80204381738226,9.163380640470226,9.163380640470226,9.163380640470226,14.60275616984044,9843169626.9,8889469626.9,25.875840238958983,23.908597587806653,-104.16052515238094,-85.74189570470384,4.846464611964549,4.846464611964549,21.592104996113672,0.0,-94.06846166031744,-77.43440441550523,0.0096615220101566,-0.0116629098503258,1.4731659281142295,0.1085844105884317,0.0,0.179177431452621,1.5919869174161898,-0.9936908517350158,0.002844612158616,0.2944269190325972,0.3927617196988098,0.0,0.0,-0.2148148148148148,0.0493077483604566,-1.8454545454545457,0.0,9.405508560808608,-0.024602262774064,0.0034513293606149,-96.15571593050792,-19698100000.0,2031000000.0,-21223700000.0,-19351900000.0,177100000.0,0.0,0.0,77.43016759776538,0.0,0.0,1.1623376623376624,0.0,0.0,0.0468242245199409,0.0915886888240007,1999-04-19,0.41,bmo,391617073.0,2025-04-25,1999-03-31,0.048780487804878,43.99032786885245,772911.475409836
1998-12-31,NTRS,USD,73124,1999-03-16,1999-03-16 00:00:00,1998,Q4,411000000.0,0.0,411000000.0,1.0,0,166900000.0,0.0,166900000.0,-181100000.0,-14200000.0,-14200000.0,382600000.0,256200000.0,-13100000.0,0.0,0.0,396800000.0,0.9654501217,-256200000.0,140600000.0,0.3420924574,49000000.0,91600000.0,0.2228710462,0.41,0.41,220210970,223286000,https://www.sec.gov/Archives/edgar/data/73124/000095013199001510/0000950131-99-001510-index.htm,https://www.sec.gov/Archives/edgar/data/73124/0000950131-99-001510.txt,1.866392033058117,0.4159647450805925,1.04899406237573,0.9272925867407968,25.668566829345515,8.811096013972419,8.811096013972419,8.811096013972419,12.08704543647394,9614410950.2,6367410950.199999,26.24020455840611,23.392727372749388,41.620826624242426,47.08330533888344,4.955115678091016,4.955115678091016,15.492484063746955,0.0,27.56454956796536,31.18222796376101,0.0095273647521894,0.0212389506811909,1.2397567386486623,0.0863114459992823,0.0,0.2306766242246163,1.5487900078064012,2.521834061135371,0.0025586590928369,0.2685589519650655,0.4060827250608272,0.0,0.0,0.116017316017316,0.0652068126520681,-2.045801526717557,0.0,9.081016981317946,-0.0233514890952034,0.0032866881951919,-92.08078961733833,-18851500000.0,1940300000.0,-20277200000.0,-18511300000.0,169350000.0,0.0,0.0,0.0,0.0,0.0,0.0,0.0,0.0,0.0472091944544658,0.1217014756349331,1999-01-19,0.4,bmo,411000000.0,2025-04-25,1998-12-31,0.0,38.68015625,793028.125
1998-09-30,NTRS,USD,73124,1998-11-16,1998-11-16 00:00:00,1998,Q3,382700000.0,0.0,382700000.0,1.0,0,149300000.0,0.0,149300000.0,-119200000.0,30100000.0,30100000.0,392900000.0,274900000.0,5000000.0,0.0,0.0,412800000.0,1.0786516854,-274900000.0,137900000.0,0.3603344656,47700000.0,90200000.0,0.2356937549,0.41,0.39,217073171,228205128,https://www.sec.gov/Archives/edgar/data/73124/000095013198006109/0000950131-98-006109-index.htm,https://www.sec.gov/Archives/edgar/data/73124/0000950131-98-006109.txt,1.7629999978210111,0.4155280893740664,-0.0304044943444438,-0.0451460673599318,16.441460653836398,8.654685382561626,8.654685382561626,8.654685382561626,29.19844940211427,7408707326.23,9903007326.23,20.53411121460643,19.3590471027698,-1122.5314130651516,-755.9905434928572,3.9435286773992657,3.9435286773992657,25.87668493919519,0.0,-1500.4556554893938,-1010.5109516561224,0.0121748634448891,-0.0013227678687351,3.2273912812050884,0.2159387153297149,0.0,0.157759386354461,1.5016369588941434,-0.073170731707317,0.0033339149344652,0.2738359201773836,0.3901228116017768,0.0,0.0,-0.4848484848484848,0.0083616409720407,0.64,0.0,8.995329889774116,-0.0286569285883681,0.0032123879937889,-103.08540155798434,-20862300000.0,1878700000.0,-22292400000.0,-20527900000.0,169350000.0,0.0,0.0,79.65246929709956,0.0,0.0,1.1299084735754354,0.0,0.0,0.0480119231383403,0.0147415730154879,1998-10-19,0.39,bmo,657600000.0,2025-04-25,1998-09-30,0.0,35.94921875,923140.625
1998-06-30,NTRS,USD,73124,1998-08-12,1998-08-12 00:00:00,1998,Q2,384900000.0,0.0,384900000.0,1.0,0,148000000.0,0.0,148000000.0,-147600000.0,400000.0,400000.0,370300000.0,251100000.0,-51100000.0,0.0,0.0,385300000.0,1.001039231,-251100000.0,134200000.0,0.3486619901,47000000.0,87200000.0,0.2265523513,0.39,0.38,223589744,229473684,https://www.sec.gov/Archives/edgar/data/73124/000095013198004756/0000950131-98-004756-index.htm,https://www.sec.gov/Archives/edgar/data/73124/0000950131-98-004756.txt,1.721456418859713,0.3899999992844036,0.6453784391827918,0.5120986229135805,14.28196098296888,8.234277507827013,8.234277507827013,8.234277507827013,38.12607791169527,8525476938.72,13605676938.72,24.442307737155964,22.1498491522993,59.08161426694387,74.45831387528385,4.630643060518169,4.630643060518169,35.348602075136405,0.0,94.28743547276508,118.82687282724892,0.0102281667790297,0.0134303336720057,4.493780891858128,0.2778486751519629,0.0,0.1199316457597836,1.5344484269215453,1.654816513761468,0.002908928166513,0.2844036697247706,0.3845154585606651,0.0,0.0,0.2065142065142065,0.0774227071966744,-0.5831702544031311,0.0,8.500340287223954,-0.0327913747871152,0.0029284346979212,-110.66071080612714,-23432700000.0,1841100000.0,-24742600000.0,-23103200000.0,0.0,0.0,0.0,0.0,0.0,0.0,0.0,0.0,0.0,0.0473629895171364,0.1332798162692113,1998-07-20,0.37,bmo,603384615.0,2025-04-25,1998-06-30,0.0540540540540541,36.19396825396825,796692.0634920635
1998-03-31,NTRS,USD,73124,1998-05-14,1998-05-14 00:00:00,1998,Q1,370200000.0,0.0,370200000.0,1.0,0,145200000.0,0.0,145200000.0,-141700000.0,3500000.0,3500000.0,357300000.0,243700000.0,-49200000.0,0.0,0.0,373700000.0,1.009454349,-243700000.0,130000000.0,0.3511615343,45100000.0,84900000.0,0.2293354943,0.38,0.37,223421053,229459459,https://www.sec.gov/Archives/edgar/data/73124/000095013198003295/0000950131-98-003295-index.htm,https://www.sec.gov/Archives/edgar/data/73124/0000950131-98-003295.txt,1.6569611280097225,0.3799999993733804,0.2783981149708394,0.1678445226914224,13.588244971703718,8.058775016157497,8.058775016157497,8.058775016157497,15.122120116406398,8351478961.14,8450478961.14,24.592105303710248,22.559370505510536,134.2681505006431,222.7061056304,4.638422083387948,4.638422083387948,22.826793520097247,0.0,135.85979037202574,225.3461056304,0.0101658640816848,0.0044902226509208,1.7411274645931685,0.1292646319036113,0.0,0.1439702186181059,1.5334427574887155,0.7326266195524146,0.0029216382048658,0.287396937573616,0.3922204213938411,0.0,0.0,0.3971061093247588,0.0667206915180983,-0.5020325203252033,0.0,8.300754560552097,-0.0239824344713106,0.003500771076786,-86.90049455634782,-18051100000.0,1800500000.0,-19415400000.0,-17723300000.0,0.0,0.0,0.0,0.0,0.0,0.0,0.0,0.0,0.0,0.0471535684532074,0.1105535922794169,1998-04-20,0.36,bmo,597308108.0,2025-04-25,1998-03-31,0.0277777777777778,35.50229508196721,1389485.2786885246
1997-12-31,NTRS,USD,73124,1998-03-17,1998-03-17 00:00:00,1997,Q4,360600000.0,0.0,360600000.0,1.0,0,140200000.0,0.0,140200000.0,-128300000.0,11900000.0,11900000.0,361800000.0,248500000.0,-36800000.0,0.0,0.0,372500000.0,1.0330005546,-248500000.0,124000000.0,0.3438713256,42700000.0,81300000.0,0.2254575707,0.37,0.37,221804222,221804222,https://www.sec.gov/Archives/edgar/data/73124/000095013198001754/0000950131-98-001754-index.htm,https://www.sec.gov/Archives/edgar/data/73124/0000950131-98-001754.txt,1.625758052522553,0.3665394610928551,0.2732139156485488,0.1871019389342372,18.289101818810284,7.840247513412978,7.840247513412978,7.840247513412978,20.271931523467572,7736531263.360001,7927831263.360001,23.79007153554736,21.45460694220743,127.66553239867989,186.42244008096387,4.448839139367453,4.448839139367453,21.985111656572386,0.0,130.82229807524757,191.0320786351807,0.0105085854671116,0.005364161093298,2.442725704427832,0.1677990472202691,0.0,0.1836895489947473,1.498993963782696,0.7453874538745388,0.0027660975276284,0.2632226322263222,0.3887964503605102,0.0,0.0,0.3151815181518151,0.0529672767609539,-0.5190217391304348,0.0,8.041119462737901,-0.0239485999784904,0.0032114839188794,-88.00463680984396,-18027400000.0,1739000000.0,-19519800000.0,-17711000000.0,0.0,0.0,0.0,0.0,0.0,0.0,0.0,0.0,0.0,0.0467510063254744,0.0861119767143116,1998-01-20,0.35,bmo,360600000.0,2025-04-25,1997-12-31,0.0,31.300625,757581.25
1997-09-30,NTRS,USD,73124,1997-11-13,1997-11-13 00:00:00,1997,Q3,364300000.0,0.0,364300000.0,1.0,0,136500000.0,0.0,136500000.0,-146600000.0,-10100000.0,-10100000.0,339200000.0,229600000.0,-8200000.0,0.0,0.0,354200000.0,0.972275597,-229600000.0,124600000.0,0.3420258029,43600000.0,81000000.0,0.2223442218,0.36,0.35,221388889,227714286,https://www.sec.gov/Archives/edgar/data/73124/000095013197006770/0000950131-97-006770-index.htm,https://www.sec.gov/Archives/edgar/data/73124/0000950131-97-006770.txt,1.6455207018090234,0.3658720198916577,0.211844416455787,0.1522208280289983,20.75939773111197,7.667503132914678,7.667503132914678,7.667503132914678,32.80652445028531,6544255558.84,8981755558.84,20.198319626049383,17.963918635300576,139.53636586012792,194.1915596094956,3.855231551599411,3.855231551599411,24.65483271710129,0.0,191.50864731002133,266.520936464095,0.0123772672493794,0.0051495543988159,4.143387334315169,0.2612781954887218,0.0,0.1923534089482275,1.5426829268292683,0.5790123456790124,0.0025518563341313,0.2061728395061728,0.3746911885808399,0.0,0.0,0.2814498933901919,0.0362338731814438,-1.6097560975609757,0.0,7.944797626259269,-0.0302069380883797,0.0030090047252518,-93.16547046767104,-19297100000.0,1697500000.0,-20625800000.0,-18984700000.0,0.0,0.0,0.0,0.0,0.0,0.0,0.0,0.0,0.0,0.0477172312223858,0.0596235884267886,1997-10-20,0.34,bmo,576931428.0,2025-04-25,1997-09-30,0.0294117647058822,27.04234375,616112.5
1997-06-30,NTRS,USD,73124,1997-08-13,1997-08-13 00:00:00,1997,Q2,332400000.0,0.0,332400000.0,1.0,0,128100000.0,0.0,128100000.0,-123000000.0,5100000.0,5100000.0,331800000.0,222600000.0,-30100000.0,0.0,0.0,337500000.0,1.0153429603,-222600000.0,114900000.0,0.34566787,39500000.0,75400000.0,0.2268351384,0.34,0.33,218235294,224848485,https://www.sec.gov/Archives/edgar/data/73124/000095013197005026/0000950131-97-005026-index.htm,https://www.sec.gov/Archives/edgar/data/73124/0000950131-97-005026.txt,1.5231266854572112,0.3454986524773578,0.4206469004963056,0.3624528303840716,17.471967664405373,7.555606473075799,7.555606473075799,7.555606473075799,29.29040432845844,5279111761.860001,7635711761.860001,17.50368621306366,15.881804337725631,57.50666407254902,66.73971886042985,3.201596071235369,3.201596071235369,22.97145536058965,0.0,83.17768803769064,96.5323863699115,0.0142827057659097,0.0149835812477913,3.741645945782037,0.2368277609304825,0.0,0.1636270008153456,1.5161725067385443,1.217506631299735,0.0049061283731706,0.3435013262599469,0.3853790613718411,0.0,0.0,0.1383442265795207,0.0382069795427196,-0.4219269102990033,0.0,7.663887182081951,-0.0301807224864688,0.0028943226747533,-94.34358495651944,-19490000000.0,1648900000.0,-20589100000.0,-19178000000.0,0.0,0.0,0.0,0.0,0.0,0.0,0.0,0.0,0.0,0.0457274546667475,0.058194070112234,1997-07-14,0.31,bmo,521363636.0,2025-04-25,1997-06-30,0.0645161290322581,22.81125,758375.0
1997-03-31,NTRS,USD,73124,1997-05-14,1997-05-14 00:00:00,1997,Q1,314800000.0,0.0,314800000.0,1.0,0,122500000.0,0.0,122500000.0,-135000000.0,-12500000.0,-12500000.0,300000000.0,193900000.0,-14600000.0,0.0,0.0,302300000.0,0.960292249,-193900000.0,108400000.0,0.3443456163,36700000.0,71700000.0,0.2277636595,0.32,0.31,220312500,227419355,https://www.sec.gov/Archives/edgar/data/73124/000095013197003422/0000950131-97-003422-index.htm,https://www.sec.gov/Archives/edgar/data/73124/0000950131-97-003422.txt,1.4288794326241134,0.3254468085106383,0.0081702127659574,-0.0485673758865248,14.994609929078017,7.23154609929078,7.23154609929078,7.23154609929078,13.905248226950354,4130859375.0,3696959375.0,14.403275366108788,13.1221708227446,2294.921875,-386.0616238317757,2.592806537157921,2.592806537157921,11.743835371664549,0.0,2053.8663194444443,-345.5102219626168,0.0173571631205673,-0.0025902600472813,1.8011549083605325,0.1235203471104262,0.0,0.1583804775146227,1.559051057246003,0.0251046025104602,0.0051563120567375,0.2970711297071129,0.389135959339263,0.0,0.0,6.944444444444445,0.039707750952986,-0.8561643835616438,0.0,7.276907376678924,-0.0221498171413869,0.0030862868998527,-83.22314893617022,-17554500000.0,1593200000.0,-18335100000.0,-17262800000.0,0.0,0.0,0.0,0.0,0.0,0.0,0.0,0.0,0.0,0.0450037660055234,0.0567375886524822,1997-04-14,0.3,bmo,492870967.0,2025-04-25,1997-03-31,0.0333333333333333,20.60377049180328,787059.0163934426
1996-12-31,NTRS,USD,73124,1997-03-14,1997-03-14 00:00:00,1996,Q4,301300000.0,0.0,301300000.0,1.0,0,113900000.0,0.0,113900000.0,-124300000.0,-10400000.0,-10400000.0,290600000.0,190000000.0,-23600000.0,0.0,0.0,290900000.0,0.9654829074,-190000000.0,100900000.0,0.3348821772,33500000.0,67400000.0,0.2236973116,0.31,0.31,220312500,220312500,https://www.sec.gov/Archives/edgar/data/73124/000095013197001800/0000950131-97-001800-index.htm,https://www.sec.gov/Archives/edgar/data/73124/0000950131-97-001800.txt,1.3676028368794326,0.3059290780141844,0.6395460992907801,0.5769078014184397,15.217021276595744,7.00868085106383,7.00868085106383,7.00868085106383,19.126921985815603,3994265625.0,4665665625.0,14.815525315281898,13.256772734815796,28.348230127750178,31.4261654209284,2.5867920633378665,2.5867920633378665,15.485116578161302,0.0,33.11331174591909,36.70862018095987,0.0168741907343731,0.0318206178388549,2.605984068389353,0.1862201098651907,0.0,0.1734261031503802,1.5310526315789474,2.0905044510385755,0.0046817116725931,0.2774480712166172,0.3780285429804182,0.0,0.0,0.0979418026969481,0.0458015267175572,-0.5847457627118644,0.0,6.945760116386586,-0.0269186613014763,0.0031191717997251,-75.85452482269504,-15978500000.0,1544100000.0,-16711700000.0,-15687000000.0,0.0,0.0,0.0,0.0,0.0,0.0,0.0,0.0,0.0,0.0436500226669257,0.0626382978723404,1997-01-21,0.29,bmo,301300000.0,2025-04-25,1996-12-31,0.0,17.43859375,682337.5
1996-09-30,NTRS,USD,73124,1996-11-13,1996-11-13 00:00:00,1996,Q3,293100000.0,0.0,293100000.0,1.0,0,110900000.0,0.0,110900000.0,-113600000.0,-2700000.0,-2700000.0,289900000.0,191100000.0,26300000.0,0.0,0.0,290400000.0,0.9907881269,-191100000.0,99300000.0,0.3387922211,32800000.0,66500000.0,0.2268850222,0.29,0.29,225172414,225172414,https://www.sec.gov/Archives/edgar/data/73124/000095013196005714/0000950131-96-005714-index.htm,https://www.sec.gov/Archives/edgar/data/73124/0000950131-96-005714.txt,1.3016692177932596,0.2953292493457924,1.0329862165087416,0.9814701369236108,10.573675334848078,6.736171509890195,6.736171509890195,6.736171509890195,22.017350668896768,3701834486.16,6087534486.16,13.916671000601506,12.629936834390994,15.915023586242478,16.750382290316743,2.440555436550633,2.440555436550633,20.769479652541797,0.0,26.171687386758386,27.54540491475113,0.0179640662619095,0.059700129983188,3.1425369198312234,0.223154385981339,0.0,0.1239664688118296,1.5196232339089482,3.497744360902256,0.0050515494601159,0.281203007518797,0.3783691572842033,0.0,0.0,0.0498710232158211,0.0395769361992494,0.4410646387832699,0.0,6.6903841966144695,-0.0297384154060994,0.0031132813048628,-77.55124035753332,-16825100000.0,1516800000.0,-17462400000.0,-16536300000.0,0.0,0.0,0.0,0.0,0.0,0.0,0.0,0.0,0.0,0.043842299578059,0.0515160795851307,1996-10-15,0.28,bmo,,2025-04-25,1996-09-30,0.0,15.5709375,661818.75
1996-06-30,NTRS,USD,73124,1996-08-12,1996-08-12 00:00:00,1996,Q2,290700000.0,0.0,290700000.0,1.0,0,108400000.0,0.0,108400000.0,-113400000.0,-5000000.0,-5000000.0,286100000.0,190600000.0,-26900000.0,0.0,0.0,285700000.0,0.9828001376,-190600000.0,95100000.0,0.3271413829,31700000.0,63400000.0,0.2180942552,0.28,0.27,222142857,230370370,https://www.sec.gov/Archives/edgar/data/73124/000095013196003798/0000950131-96-003798-index.htm,https://www.sec.gov/Archives/edgar/data/73124/0000950131-96-003798.txt,1.308617364185606,0.2854019294439884,-0.6338263669670909,-0.7000000004501608,14.127395507477424,6.724051451269487,6.724051451269487,6.724051451269487,17.77729904680212,3227735712.21,3847935712.21,12.727664480323345,11.103322023426212,-22.924259319673293,-20.757142843794213,2.160899586402892,2.160899586402892,13.236792955658755,0.0,-27.32908886512784,-24.745567281093248,0.0196422525426007,-0.0481761872298803,2.5162348530494745,0.172795064180367,0.0,0.159134932305664,1.4989506820566632,-2.220820189274448,0.0058554979977153,0.2981072555205047,0.3728930168558652,0.0,0.0,-0.104403409090909,0.0505675954592363,-0.5464684014869888,0.0,6.571056863408019,-0.0301968555951909,0.0029147817131928,-77.06392287914079,-16582700000.0,1493700000.0,-17119200000.0,-16293500000.0,0.0,0.0,0.0,0.0,0.0,0.0,0.0,0.0,0.0,0.042444935395327,0.0661736334830698,1996-07-15,0.27,bmo,,2025-04-25,1996-06-30,0.0,13.794920634920636,660761.9047619047
1996-03-31,NTRS,USD,73124,1996-05-14,1996-05-14 00:00:00,1996,Q1,281100000.0,0.0,281100000.0,1.0,0,108100000.0,0.0,108100000.0,-105600000.0,2500000.0,2500000.0,284900000.0,191500000.0,-6900000.0,0.0,0.0,283600000.0,1.0088936322,-191500000.0,92100000.0,0.3276414088,30600000.0,61500000.0,0.2187833511,0.27,0.26,222962963,231538462,https://www.sec.gov/Archives/edgar/data/73124/000095013196002204/0000950131-96-002204-index.htm,https://www.sec.gov/Archives/edgar/data/73124/0000950131-96-002204.txt,1.2607475080962214,0.2758305647382341,0.5171262457612747,0.442225913547803,13.251528237001407,6.5867441849523685,6.5867441849523685,6.5867441849523685,8.484368769354756,3052362963.47,1797962963.4699998,12.407979526300812,10.85863736559943,26.47322604917606,30.957028027079105,2.0784168347201413,2.0784168347201413,6.396168493311988,0.0,15.59378112289679,18.234918493610547,0.0201483246704334,0.0323028424797518,1.1577012120386765,0.0837466813124024,0.0,0.1624120492524186,1.4809399477806788,1.87479674796748,0.0060281166493654,0.2991869918699187,0.3845606545713269,0.0,0.0,0.1448395490026019,0.0594094628246175,-2.420289855072464,0.0,6.393635177834129,-0.0251396663746865,0.0030293029647763,-71.21586377554554,-15237400000.0,1468600000.0,-15878500000.0,-14949500000.0,0.0,0.0,0.0,0.0,0.0,0.0,0.0,0.0,0.0,0.041876617186436,0.0749003322134717,1996-04-15,0.25,bmo,,2025-04-25,1996-03-31,0.04,13.312063492063492,746279.3650793651
1995-12-31,NTRS,USD,73124,1996-03-12,1996-03-12 00:00:00,1995,Q4,266300000.0,0.0,266300000.0,1.0,0,105500000.0,0.0,105500000.0,-90600000.0,14900000.0,14900000.0,285900000.0,194200000.0,142600000.0,0.0,0.0,281200000.0,1.0559519339,-194200000.0,87000000.0,0.3266992114,27500000.0,59500000.0,0.2234322193,0.27,0.27,222962963,222962963,https://www.sec.gov/Archives/edgar/data/73124/000095013196001047/0000950131-96-001047-index.htm,https://www.sec.gov/Archives/edgar/data/73124/000095013196001047/,1.1943687705657196,0.2668604650719501,0.6570598005553057,0.6180398670069701,12.901245845033015,6.514983387622096,6.514983387622096,6.514983387622096,7.034352158299941,3121481482.0,1619181482.0,13.115468411764706,11.721672857679309,21.307040832764507,22.65226039187228,2.14889266281151,2.14889266281151,6.080290957566654,0.0,11.052433324232082,11.75022846153846,0.0190614617908535,0.0441457047862121,0.946027812198816,0.0689392229161963,0.0,0.1586684317943626,1.4479917610710609,2.46218487394958,0.0052218794485867,0.2739495798319328,0.3961697333834021,0.0,0.0,0.0593856655290102,0.0326699211415696,0.0610098176718092,0.0,6.2544631006209785,-0.0244644374161984,0.00298492487521,-69.9865116162813,-15252500000.0,1452600000.0,-15604400000.0,-14971000000.0,0.0,0.0,0.0,0.0,0.0,0.0,0.0,0.0,0.0,0.0409610353848272,0.0390199335483355,1996-01-16,0.25,bmo,,2025-04-25,1995-12-31,0.0,12.411746031746032,897053.9682539683
1995-09-30,NTRS,USD,73124,1995-11-13,1995-11-13 00:00:00,1995,Q3,262800000.0,0.0,262800000.0,1.0,0,104400000.0,0.0,104400000.0,-85500000.0,18900000.0,18900000.0,285800000.0,196400000.0,-33100000.0,0.0,0.0,281700000.0,1.0719178082,-196400000.0,85300000.0,0.3245814307,27200000.0,58100000.0,0.2210806697,0.25,0.25,224000000,224000000,https://www.sec.gov/Archives/edgar/data/73124/000095013195003147/0000950131-95-003147-index.htm,https://www.sec.gov/Archives/edgar/data/73124/0000950131-95-003147.txt,1.1732142857142858,0.259375,-0.0598214285714285,-0.1174107142857142,13.665625,6.297321428571428,6.297321428571428,6.297321428571428,16.096875,2576000000.0,2924200000.0,11.08433734939759,9.802130898021309,-192.2388059701493,-97.9467680608365,1.826173259605841,1.826173259605841,11.127092846270928,0.0,-218.22388059701493,-111.18631178707224,0.0225543478260869,-0.0102096273291925,2.416914788033461,0.1689470111052196,0.0,0.1671727376986511,1.4343177189409368,-0.2306368330464716,0.0065217391304347,0.2891566265060241,0.3972602739726027,0.0,0.0,-0.9626865671641792,0.0490867579908675,-0.3897280966767371,0.0,6.062241687243555,-0.0324279667295917,0.002879131007894,-70.125,-15249900000.0,1410600000.0,-15708000000.0,-14969900000.0,0.0,0.0,0.0,0.0,0.0,0.0,0.0,0.0,0.0,0.0411881468878491,0.0575892857142857,1995-10-16,0.23,bmo,,2025-04-25,1995-09-30,0.0869565217391303,10.65079365079365,662146.0317460317
1995-06-30,NTRS,USD,73124,1995-08-11,1995-08-11 00:00:00,1995,Q2,256500000.0,0.0,256500000.0,1.0,0,105200000.0,0.0,105200000.0,-101500000.0,3700000.0,3700000.0,271100000.0,183100000.0,-32500000.0,0.0,0.0,260200000.0,1.0144249513,-183100000.0,77100000.0,0.3005847953,24000000.0,53100000.0,0.2070175439,0.23,0.23,220434783,220434783,https://www.sec.gov/Archives/edgar/data/73124/000095013195002182/0000950131-95-002182-index.htm,https://www.sec.gov/Archives/edgar/data/73124/0000950131-95-002182.txt,1.1636094653900424,0.2408875735368859,-0.0326627218355099,-0.0685009860716945,12.46309662481896,6.307080856654097,6.307080856654097,6.307080856654097,19.52686387066237,2217573916.98,3591573916.98,10.440555164689266,8.645512346900585,-307.99637735833335,-146.8591998,1.5950326670358916,1.5950326670358916,14.002237493099416,0.0,-498.82971069166666,-237.8525772834437,0.0239450868326924,-0.0068092431482797,2.9643242465654893,0.2135266901886421,0.0,0.1583184463781478,1.4210813762971055,-0.135593220338983,0.0073954693795886,0.3088512241054614,0.4101364522417154,0.0,0.0,-1.0972222222222223,0.0307992202729044,-0.243076923076923,0.0,5.846724859471143,-0.0369286976426697,0.0027511385361456,-68.78905313232713,-14605700000.0,1390300000.0,-15163500000.0,-14327500000.0,0.0,0.0,0.0,0.0,0.0,0.0,0.0,0.0,0.0,0.0381931957131554,0.0358382642361845,1995-07-17,0.22,bmo,,2025-04-25,1995-06-30,0.0,9.58031746031746,547015.873015873
1995-03-31,NTRS,USD,73124,1995-05-12,1995-05-12 00:00:00,1995,Q1,250100000.0,0.0,250100000.0,1.0,0,104000000.0,0.0,104000000.0,-110100000.0,-6100000.0,-6100000.0,261200000.0,172700000.0,-34800000.0,0.0,0.0,244000000.0,0.9756097561,-172700000.0,71300000.0,0.2850859656,22000000.0,49300000.0,0.1971211515,0.22,0.22,214545455,214545455,https://www.sec.gov/Archives/edgar/data/73124/000095013195001266/0000950131-95-001266-index.htm,https://www.sec.gov/Archives/edgar/data/73124/0000950131-95-001266.txt,1.1657203365133044,0.229788135106381,0.0741101693345123,0.016779660981399,13.743008445459727,6.283516935840007,6.283516935840007,6.283516935840007,7.307542357399274,1883709094.9,330309094.89999986,9.55227735750507,7.531823650139944,118.47227011949686,523.2525263611111,1.3973066500259623,1.3973066500259623,1.3207080963614548,0.0,20.77415691194968,91.75252636111108,0.026171769374303,0.0019111231186103,1.034863882501298,0.074460533408767,0.0,0.1760193421288281,1.4128546612623043,0.3225152129817444,0.0086531407870413,0.3306288032454361,0.4158336665333866,0.0,0.0,0.7735849056603774,0.0491803278688524,-0.3534482758620689,0.0,5.6997584921127,-0.0240269564026949,0.0026312839918659,-67.30275409469756,-13802500000.0,1348100000.0,-14439500000.0,-13521700000.0,0.0,0.0,0.0,0.0,0.0,0.0,0.0,0.0,0.0,0.0365699873896595,0.0573305083531133,1995-04-17,0.21,bmo,,2025-04-25,1995-03-31,0.0,8.6615873015873,755396.8253968254
1994-12-31,NTRS,USD,73124,1995-03-14,1995-03-14 00:00:00,1994,Q4,239200000.0,0.0,239200000.0,1.0,0,99600000.0,0.0,99600000.0,-131200000.0,-31600000.0,-31600000.0,243000000.0,154300000.0,16900000.0,0.0,0.0,207600000.0,0.8678929766,-154300000.0,53300000.0,0.222826087,13200000.0,40100000.0,0.1676421405,0.19,0.19,214545455,214545455,https://www.sec.gov/Archives/edgar/data/73124/000095013195000587/0000950131-95-000587-index.html,https://www.sec.gov/Archives/edgar/data/73124/,1.1149152518751797,0.186906779265028,0.5765677953886276,0.5141101684023089,14.249660986759192,5.969364394132702,5.969364394132702,5.969364394132702,8.872245743914734,1877272731.25,569272731.25,11.703695331982544,7.848130147366221,15.176012378738884,17.019698379419765,1.4658177022331538,1.4658177022331538,2.379902722617057,0.0,4.602043098221504,5.161130836355395,0.021360774773146,0.0587554478174067,1.365815569610369,0.0942375657270924,0.0,0.1854084541209291,1.3454309786130914,3.084788029925187,0.0074043583378236,0.3466334164588528,0.4163879598662207,0.0,0.0,0.1083265966046887,0.0560200668896321,0.7928994082840237,0.0,5.010347307946852,-0.0228630832320966,0.0021603741056805,-66.29690663920147,-13431800000.0,1280700000.0,-14223700000.0,-13157100000.0,105450000.0,0.0,0.0,0.0,0.0,0.0,0.0,0.0,0.0,0.0313110017958928,0.0624576269863185,1995-01-17,0.21,bmo,,2025-04-25,1994-12-31,0.0,8.766031746031747,549955.5555555555
1994-09-30,NTRS,USD,73124,1994-11-10,1994-11-10 00:00:00,1994,Q3,237600000.0,0.0,237600000.0,1.0,0,98700000.0,0.0,98700000.0,-130100000.0,-31400000.0,-31400000.0,221500000.0,135800000.0,-21000000.0,0.0,0.0,206200000.0,0.8678451178,-135800000.0,70400000.0,0.2962962963,22400000.0,48000000.0,0.202020202,0.21,0.21,220000000,220000000,https://www.sec.gov/Archives/edgar/data/73124/000095013194001715/0000950131-94-001715-index.htm,https://www.sec.gov/Archives/edgar/data/73124/0000950131-94-001715.txt,1.08,0.2181818181818181,0.4395454545454546,0.3972727272727273,15.595,5.731363636363636,5.731363636363636,5.731363636363636,16.48090909090909,2046000000.0,2105100000.0,10.656250000000002,8.611111111111112,21.158221302998967,23.409610983981697,1.6226504877468475,1.6226504877468475,8.859848484848486,0.0,21.7693898655636,24.085812356979407,0.0234604105571847,0.0427174975562072,2.7678642239670075,0.1869339089540806,0.0,0.2226855815091109,1.5184094256259204,2.0145833333333334,0.0067448680351906,0.2875,0.4154040404040404,0.0,0.0,0.0961737331954498,0.0391414141414141,-0.4428571428571428,0.0,5.304317592675512,-0.0319321588741049,0.0025710107821764,-62.81693181818182,-12712200000.0,1260900000.0,-13767000000.0,-12440400000.0,309150000.0,0.0,0.0,79.88636363636364,0.0,0.0,1.1266002844950214,0.0,0.0,0.0380680466333571,0.0422727272727272,1994-10-17,0.21,bmo,,2025-04-25,1994-09-30,0.0,9.563125,578787.5
1994-06-30,NTRS,USD,73124,1994-08-12,1994-08-12 00:00:00,1994,Q2,260100000.0,0.0,260100000.0,1.0,0,99600000.0,0.0,99600000.0,-170000000.0,-70400000.0,-70400000.0,200000000.0,118100000.0,16400000.0,0.0,0.0,189700000.0,0.7293348712,-118100000.0,71600000.0,0.2752787389,22900000.0,48700000.0,0.1872356786,0.22,0.22,213181818,213181818,https://www.sec.gov/Archives/edgar/data/73124/000095013194001292/0000950131-94-001292-index.htm,https://www.sec.gov/Archives/edgar/data/73124/0000950131-94-001292.txt,1.2200852888870664,0.2284434969965403,0.7200426445373498,0.6815778257412177,15.638763339563978,5.745330495305186,5.745330495305186,5.745330495305186,16.394456303961157,2197904543.58,2240904543.58,11.282877533778237,8.450228925720877,14.318596375114009,15.126665819545767,1.7945007703951663,1.7945007703951663,8.61554995609381,0.0,14.598726668273615,15.422605255196146,0.0221574681858913,0.0661084215073926,2.7571032005225344,0.1831350260854474,0.0,0.2325955859496425,1.6062658763759523,3.1519507186858315,0.0060057203296461,0.271047227926078,0.3829296424452134,0.0,0.0,0.0534201954397394,0.0315263360246059,0.5,0.0,5.434231893224523,-0.0261714353250622,0.002641083766283,-63.67874205857462,-12343700000.0,1224800000.0,-13473300000.0,-12070700000.0,351500000.0,0.0,0.0,140.96885813148788,0.0,0.0,0.6384388807069219,0.0,0.0,0.0397615937295885,0.038464818796132,1994-07-18,0.2,bmo,,2025-04-25,1994-06-30,0.0499999999999999,10.408870967741937,366445.1612903226
1994-03-31,NTRS,USD,73124,1994-05-11,1994-05-11 00:00:00,1994,Q1,231100000.0,0.0,231100000.0,1.0,0,93500000.0,0.0,93500000.0,-156100000.0,-62600000.0,-62600000.0,184200000.0,102300000.0,29100000.0,0.0,0.0,168500000.0,0.7291215924,-102300000.0,66200000.0,0.2864560796,20800000.0,45400000.0,0.1964517525,0.2,0.2,219000000,219000000,https://www.sec.gov/Archives/edgar/data/73124/000095013194000617/0000950131-94-000617-index.htm,https://www.sec.gov/Archives/edgar/data/73124/0000950131-94-000617.txt,1.0552511415525114,0.2073059360730593,0.0630136986301369,-0.0004566210045662,16.383561643835616,5.406392694063927,5.406392694063927,5.406392694063927,14.125570776255708,2273220000.0,1676420000.0,12.51773127753304,9.836520986585894,164.72608695652173,-22732.2,1.9199493243243249,1.9199493243243249,7.254089138900909,0.0,121.47971014492754,-16764.2,0.0199716701419132,-4.399046286765029e-05,2.526351351351351,0.1646492835950702,0.0,0.2450375418007445,1.6471163245356797,0.3039647577092511,0.0058067410985298,0.2907488986784141,0.404586758978797,0.0,0.0,1.0072463768115942,0.0601471224578104,0.4776632302405498,0.0,5.021701824081465,-0.0233213727169906,0.0024990229590853,-60.15251141552511,-11965400000.0,1184000000.0,-13099500000.0,-11670400000.0,294350000.0,0.0,0.0,115.118996105582,0.0,0.0,0.7817997293640054,0.0,0.0,0.0383445945945945,0.0634703196347031,1994-04-18,0.2,bmo,,2025-04-25,1994-03-31,0.0,10.324285714285717,521777.77777777775
1993-12-31,NTRS,USD,73124,1994-03-15,1994-03-15 00:00:00,1993,Q4,224700000.0,0.0,224700000.0,1.0,0,91300000.0,0.0,91300000.0,-162500000.0,-71200000.0,-71200000.0,176900000.0,92900000.0,26100000.0,0.0,0.0,153500000.0,0.6831330663,-92900000.0,60600000.0,0.2696929239,17300000.0,43300000.0,0.1927013796,0.2,0.2,216842105,216842105,https://www.sec.gov/Archives/edgar/data/73124/000095013194000324/0000950131-94-000324-index.htm,https://www.sec.gov/Archives/edgar/data/73124/0000950131-94-000324.txt,1.0362378653352402,0.1996844662617529,0.4971359229334174,0.4339563112062576,16.98194176818197,5.311237870523347,5.311237870523347,5.311237870523347,15.504368950854817,2148905260.55,1735605260.5500002,12.407074252598154,9.563441301958168,19.93418609044527,22.8364002183847,1.865855049535469,1.865855049535469,7.724099957943926,0.0,16.10023432792208,18.44426419287992,0.0201497947791879,0.0437897387695517,2.8384996092732484,0.1934081147279117,0.0,1.8705594504305272,1.652314316469322,2.489607390300231,0.0053515621238028,0.2655889145496535,0.4063195371606586,0.0,0.0,0.1270871985157699,0.0609701824655095,0.524904214559387,0.0,4.884962971784427,0.013204637905189,0.0025617360642741,-54.641947881847024,1850200000.0,1151700000.0,-11775400000.0,2142100000.0,314150000.0,0.0,0.0,117.39652870493993,0.0,0.0,0.7666325486182191,0.0,0.0,0.0375965963358513,0.0631796117271597,1994-01-18,0.19,bmo,,2025-04-25,1993-12-31,0.0,10.12,672056.25
1993-09-30,NTRS,USD,73124,1993-09-30,1993-09-29 20:00:00,1993,Q3,222400000.0,0.0,222400000.0,1.0,0,89100000.0,0.0,89100000.0,-154000000.0,-64900000.0,-64900000.0,181000000.0,97800000.0,37000000.0,0.0,0.0,157500000.0,0.7081834532,-97800000.0,59700000.0,0.2684352518,16900000.0,42800000.0,0.1924460432,0.19,0.19,216842105,216842105,,,1.025631069205863,0.1973786410162362,0.4321116510098442,0.3970631072779892,13.538422346527213,5.145218452846139,5.145218452846139,5.145218452846139,17.656165069971074,2250821049.9,3045921049.9,13.147319216705608,10.120598245953238,24.02156936926361,26.14194018466899,2.017407053777897,2.017407053777897,13.695688174010792,0.0,32.50716168516542,35.37655110220674,0.0190152833348975,0.0382527078302494,3.3439096531325627,0.2229046674473627,0.0,1.196466456946375,1.6104294478527608,2.189252336448598,0.0050648184583605,0.2663551401869158,0.4006294964028777,0.0,0.0,0.0811099252934898,0.0341726618705036,0.2054054054054054,0.0,4.78016893885297,0.0147500487073259,0.0025571780226083,-57.34310686570765,537100000.0,1115700000.0,-12350600000.0,825600000.0,350850000.0,0.0,0.0,135.6474820143885,0.0,0.0,0.6634844868735084,0.0,0.0,0.0383615667294075,0.035048543731855,1993-10-18,0.19,bmo,,2025-04-25,1993-09-30,0.0,10.34765625,430375.0
1993-06-30,NTRS,USD,73124,1993-06-30,1993-06-29 20:00:00,1993,Q2,217400000.0,0.0,217400000.0,1.0,0,91200000.0,0.0,91200000.0,-156800000.0,-65600000.0,-65600000.0,177800000.0,95300000.0,29300000.0,0.0,0.0,151800000.0,0.6982520699,-95300000.0,56500000.0,0.2598896044,14900000.0,41600000.0,0.1913523459,0.19,0.19,211052632,211052632,,,1.030074810912569,0.1971072315269681,0.7633167067066001,0.7064588514584362,14.609625906015708,5.130947620686388,5.130947620686388,5.130947620686388,17.146433881004622,2216052636.0,2656152636.0,13.317624014423076,10.193434388224471,13.755758137802609,14.862861408450703,2.0464056108597286,2.0464056108597286,12.217813413063478,0.0,16.4876017132216,17.814571670020122,0.0187721172882826,0.0672817953769939,3.25376304367901,0.2163142772948283,0.0,1.3135470606152908,1.5928646379853095,3.8725961538461537,0.0051442821415005,0.2740384615384615,0.4195032198712051,0.0,0.0,0.074487895716946,0.0551977920883164,0.409556313993174,0.0,4.770252070281613,0.0134170183079384,0.0025539020676784,-56.135878940377296,823500000.0,1082900000.0,-11756000000.0,1114100000.0,303650000.0,0.0,0.0,151.7249310027599,0.0,0.0,0.5931787175989086,0.0,0.0,0.0384153661464585,0.0568578552481638,1993-07-19,0.18,bmo,,2025-04-25,1993-06-30,0.0,10.90904761904762,830088.8888888889
1993-03-31,NTRS,USD,73124,1993-03-31,1993-03-30 19:00:00,1993,Q1,217200000.0,0.0,217200000.0,1.0,0,89900000.0,0.0,89900000.0,-158800000.0,-68900000.0,-68900000.0,170700000.0,91100000.0,26700000.0,0.0,0.0,148300000.0,0.6827808471,-91100000.0,57200000.0,0.2633517495,17000000.0,40200000.0,0.1850828729,0.18,0.18,214444444,214444444,,,1.0128497430318129,0.1874611402848935,-0.2224352336216274,-0.2951813477620338,12.03575132028135,4.885647678519477,4.885647678519477,4.885647678519477,5.852797939591291,2661255550.04,1244255550.04,16.550096704228856,12.252557781031308,-55.79152096519916,-42.041951817377566,2.540093108752506,2.540093108752506,5.728616712891344,0.0,-26.08502201341719,-19.656485782622436,0.0151056519165909,-0.0237857653313484,1.1110050587000095,0.0762328901696247,0.0,6.430720145852325,1.62788144895719,-1.1865671641791045,0.0043212685831043,0.2860696517412935,0.4139042357274402,0.0,0.0,-0.3270440251572327,0.0718232044198895,0.5842696629213483,0.0,4.539499356649789,0.0142617440031233,0.0026327853821468,-53.43901565479589,2383000000.0,1047700000.0,-11399500000.0,2671300000.0,401450000.0,0.0,0.0,99.77900552486189,0.0,0.0,0.9019933554817277,0.0,0.0,0.0383697623365467,0.0727461141404064,1993-04-20,0.18,bmo,,2025-04-25,1993-03-31,0.0,11.40516129032258,496045.1612903226
1992-12-31,NTRS,USD,73124,1992-12-31,1992-12-30 19:00:00,1992,Q4,214100000.0,0.0,214100000.0,1.0,0,85100000.0,0.0,85100000.0,-154000000.0,-68900000.0,-68900000.0,172300000.0,91600000.0,10100000.0,0.0,0.0,145200000.0,0.6781877627,-91600000.0,53600000.0,0.2503503036,15100000.0,38500000.0,0.1798225128,0.17,0.17,224117647,224117647,,,0.9553018375210766,0.171784776947975,0.6264566930778102,0.5613123361053313,13.079291342015562,4.508792652102045,4.508792652102045,4.508792652102045,6.410026248401581,2353235293.5,766935293.5,15.280748659090907,10.991290488089678,16.76093513888889,18.706162905405407,2.328783071251856,2.328783071251856,3.582135887435778,0.0,5.462502090455841,6.096464972178061,0.0163604549474261,0.0534583177243172,1.331024245423058,0.089908821091473,0.0,4.367841960490122,1.5851528384279476,3.646753246753246,0.0042919635056884,0.2623376623376623,0.3974778141055581,0.0,0.0,0.1039886039886039,0.0681924334423166,1.4455445544554455,0.0,4.174589039778097,0.0149909124531999,0.0025735982245514,-47.27974410689757,2693600000.0,1010500000.0,-10455700000.0,2976200000.0,281050000.0,0.0,0.0,236.28678187762728,0.0,0.0,0.3808930795232165,0.0,0.0,0.0380999505195447,0.0651443569724788,1992-12-30,,bmo,,2025-04-25,1992-12-31,,9.9896875,352525.0
1992-09-30,NTRS,USD,73124,1992-09-30,1992-09-29 20:00:00,1992,Q3,204800000.0,0.0,204800000.0,1.0,0,82600000.0,0.0,82600000.0,-135400000.0,-52800000.0,-52800000.0,176900000.0,98900000.0,7500000.0,0.0,0.0,152000000.0,0.7421875,-98900000.0,53100000.0,0.2592773438,15000000.0,38100000.0,0.1860351563,0.17,0.17,224117647,224117647,,,0.9138057745180592,0.1700000000446194,0.2579002625348819,0.2150656168543479,12.7642782185733,4.336561680928232,4.336561680928232,4.336561680928232,10.631916013289215,2176182352.3700004,1599382352.3700004,14.279411760958006,10.625890392431645,37.65021370882353,45.14901145995852,2.2391010930857083,2.2391010930857083,7.809484142431643,0.0,27.67097495449828,33.1822064807054,0.0175077240004757,0.0221488791817042,2.3499331206914293,0.1596585785290355,0.0,20.74474256707759,1.5369059656218402,1.517060367454068,0.0046411551812284,0.2650918635170604,0.4033203125,0.0,0.0,0.1660899653979238,0.046875,1.28,0.0,4.072756859168507,0.0172892228868685,0.0026634230228802,-46.72679791252672,2722800000.0,971900000.0,-10472300000.0,3002600000.0,0.0,0.0,0.0,0.0,0.0,0.0,0.0,0.0,0.0,0.0392015639469081,0.042834645680534,1993-01-19,0.17,bmo,,2025-04-25,1992-09-30,0.0,9.72609375,421171.75
1992-06-30,NTRS,USD,73124,1992-06-30,1992-06-29 20:00:00,1992,Q2,202400000.0,0.0,202400000.0,1.0,0,80900000.0,0.0,80900000.0,-123000000.0,-42100000.0,-42100000.0,184600000.0,109300000.0,-4300000.0,0.0,0.0,160300000.0,0.7919960474,-109300000.0,51000000.0,0.2519762846,13900000.0,37100000.0,0.1833003953,0.25,0.25,148400000,148400000,,,1.363881401617251,0.25,0.704177897574124,0.5943396226415094,15.77088948787062,6.334231805929919,6.334231805929919,6.334231805929919,10.41576819407008,1458772000.0,554772000.0,9.83,7.207371541501976,13.95954066985646,16.53936507936508,1.5518851063829788,1.5518851063829788,2.7409683794466404,0.0,5.308822966507177,6.289931972789116,0.0254323499491353,0.0604618130866235,1.5280851063829788,0.1122529520713342,0.0,17.716881150643452,1.4666056724611165,2.816711590296496,0.0068550808488235,0.2695417789757412,0.399703557312253,0.0,0.0,0.1559808612440191,0.0805335968379446,-3.7906976744186047,0.0,5.969091547995876,0.020181093101115,0.0028993208868327,-64.12196765498652,2208300000.0,940000000.0,-9515700000.0,2486000000.0,0.0,0.0,0.0,0.0,0.0,0.0,0.0,0.0,0.0,0.0394680851063829,0.1098382749326145,1992-06-29,,bmo,,2025-04-25,1992-06-30,,9.451746031746032,507171.4285714286
1992-03-31,NTRS,USD,73124,1992-03-31,1992-03-30 19:00:00,1992,Q1,199300000.0,0.0,199300000.0,1.0,0,79900000.0,0.0,79900000.0,-119500000.0,-39600000.0,-39600000.0,188100000.0,110900000.0,20700000.0,0.0,0.0,159700000.0,0.801304566,-110900000.0,48800000.0,0.2448569995,13000000.0,35800000.0,0.1796287005,0.16,0.16,223750000,223750000,,,0.8907262569832403,0.16,0.2113966480446927,0.1398882681564245,10.235083798882682,4.046927374301676,4.046927374301676,4.046927374301676,3.745698324022346,1892925000.0,330025000.00000024,13.218750000000002,9.497867536377322,40.01955602536998,60.47683706070288,2.090474875759249,2.090474875759249,1.655920722528852,0.0,6.977272727272732,10.543929712460072,0.0189125295508274,0.0165352562832653,0.8030922142462728,0.0552814626173552,0.0,18.879637262984332,1.4400360685302074,1.3212290502793296,0.0049130314196283,0.2597765363128491,0.400903161063723,0.0,0.0,0.3382663847780127,0.0802809834420471,0.7729468599033816,0.0,3.816927893933292,0.0205867204155959,0.002721502147554,-44.50905027932961,2168800000.0,905500000.0,-9958900000.0,2438200000.0,0.0,0.0,0.0,0.0,0.0,0.0,0.0,0.0,0.0,0.039536167863059,0.0715083798882681,1992-03-30,,bmo,,2025-04-25,1992-03-31,,8.545873015873015,487609.4603174603
1991-12-31,NTRS,USD,73124,1991-12-31,1991-12-30 19:00:00,1991,Q4,179600000.0,0.0,179600000.0,1.0,0,74100000.0,0.0,74100000.0,-84500000.0,-10400000.0,-10400000.0,199200000.0,127800000.0,12600000.0,0.0,0.0,169200000.0,0.9420935412,-127800000.0,41400000.0,0.2305122494,8300000.0,33100000.0,0.184298441,0.16,0.16,211427426,212857143,,,0.8494640614884088,0.1565549022008147,0.4020292050474095,0.350947847229621,11.121546738217395,3.881710218616576,3.881710218616576,3.881710218616576,7.000037923178424,1756961910.0600002,757761910.0600002,13.270105060876135,9.782638697438754,20.670140118352943,23.67873194150944,2.140808955842574,2.140808955842574,4.219164309910914,0.0,8.914846000705884,10.212424663881404,0.0188393384116503,0.042231991243035,1.6476178871694895,0.1024976312298654,0.0,2.164994015284044,1.323943661971831,2.56797583081571,0.0048948130012143,0.2598187311178248,0.4125835189309577,0.0,0.0,0.1270588235294117,0.0601336302895322,0.8571428571428571,0.0,3.6977381170205903,0.0228371701110077,0.0025090013265112,-47.394040544200735,1265300000.0,820700000.0,-10020400000.0,1527100000.0,0.0,0.0,0.0,0.0,0.0,0.0,0.0,0.0,0.0,0.0403314243938101,0.0510813578177885,1991-12-30,,bmo,,2025-04-25,1991-12-31,,8.0278125,519112.5
1991-09-30,NTRS,USD,73124,1991-09-30,1991-09-29 20:00:00,1991,Q3,171100000.0,0.0,171100000.0,1.0,0,73300000.0,0.0,73300000.0,-65300000.0,8000000.0,8000000.0,208400000.0,139500000.0,7500000.0,0.0,0.0,179100000.0,1.0467562829,-139500000.0,39600000.0,0.2314436002,8400000.0,31200000.0,0.1823495032,0.14,0.14,212857143,212857143,,,0.8038255028162244,0.1465771811096797,0.30489932865443,0.2565100669419395,9.86530200680181,3.7132885881118862,3.7132885881118862,3.7132885881118862,8.830805363200803,1747557144.0300002,1387857144.0300002,14.002861731009617,10.213659520923438,26.92692055516179,32.00654109945055,2.21097816805415,2.21097816805415,8.111380152133256,0.0,21.38454767380586,25.418629011538464,0.0178534934360145,0.0312436135130255,2.20167004048583,0.1365473191936787,0.0,1.427241215251818,1.2838709677419355,2.0801282051282053,0.005035600712722,0.282051282051282,0.4284044418468731,0.0,0.0,0.1587057010785824,0.0601987142022209,1.3733333333333333,0.0,3.499482234927635,0.0267642377916831,0.0024481532920599,-46.293959700473856,628600000.0,790400000.0,-9854000000.0,890700000.0,0.0,0.0,0.0,0.0,0.0,0.0,0.0,0.0,0.0,0.0394736842105263,0.0483892617124904,1991-09-29,,bmo,,2025-04-25,1991-09-30,,7.44,498337.5
1991-06-30,NTRS,USD,73124,1991-06-30,1991-06-29 20:00:00,1991,Q2,173900000.0,0.0,173900000.0,1.0,0,72200000.0,0.0,72200000.0,-63300000.0,8900000.0,8900000.0,210500000.0,140700000.0,5900000.0,0.0,0.0,182800000.0,1.0511788384,-140700000.0,42100000.0,0.242093157,10000000.0,32100000.0,0.1845888442,0.15,0.15,204000000,204000000,,,0.8524509803921568,0.1573529411764705,0.1843137254901961,0.1612745098039215,11.367156862745098,3.746568627450981,3.746568627450981,3.746568627450981,10.648529411764706,1342320000.0,1055020000.0,10.454205607476636,7.718918918918919,35.7,40.8,1.7562737145100091,1.7562737145100091,6.066820011500862,0.0,28.05904255319149,32.067477203647414,0.0239138208474879,0.0245098039215686,2.658118539840377,0.1647261051470826,0.0,1.3156132985362532,1.2992181947405828,1.1713395638629285,0.0064813159306275,0.2710280373831775,0.4151811385853939,0.0,0.0,0.125,0.027027027027027,0.7966101694915254,0.0,3.6420469298322256,0.026507592561297,0.0026027308403334,-45.34313725490196,556300000.0,764300000.0,-9250000000.0,814100000.0,0.0,0.0,0.0,0.0,0.0,0.0,0.0,0.0,0.0,0.0419992149679445,0.0230392156862745,1991-06-29,,bmo,,2025-04-25,1991-06-30,,6.32046875,401906.25
1991-03-31,NTRS,USD,73124,1991-03-31,1991-03-30 19:00:00,1991,Q1,170100000.0,0.0,170100000.0,1.0,0,72900000.0,0.0,72900000.0,-45000000.0,27900000.0,27900000.0,229300000.0,157500000.0,4600000.0,0.0,0.0,198000000.0,1.164021164,-157500000.0,40500000.0,0.2380952381,9500000.0,31000000.0,0.1822457378,0.14,0.14,209285714,209285714,,,0.8127645062290301,0.1481228670964134,0.2293515361492853,0.1820477818184952,10.842593871457463,3.5172013699893534,3.5172013699893534,3.5172013699893534,5.079180894306049,1299664283.94,-64035716.05999994,10.48116358016129,7.640589558730159,27.07633924875,34.11192346299213,1.7656083194402934,1.7656083194402934,-0.3764592360964135,0.0,-1.3340774179166657,-1.6807274556430432,0.0238523135420955,0.0293152627727045,1.230131775573971,0.0759501102975097,0.0,3.5797444391859914,1.2571428571428571,1.5483870967741935,0.0071556940626286,0.3,0.4285714285714285,0.0,0.0,0.20625,0.0582010582010582,2.152173913043478,0.0,3.423741213827466,0.0306873378734394,0.0026001694303951,-42.60682599673287,1635300000.0,736100000.0,-8917000000.0,1895600000.0,0.0,0.0,0.0,0.0,0.0,0.0,0.0,0.0,0.0,0.0421138432278223,0.0473037543307901,1991-03-30,,bmo,,2025-04-25,1991-03-31,,5.392131147540984,543678.6885245901
1990-12-31,NTRS,USD,73124,1990-12-31,1990-12-30 19:00:00,1990,Q4,163900000.0,0.0,163900000.0,1.0,0,71200000.0,0.0,71200000.0,-17900000.0,53300000.0,53300000.0,247900000.0,181300000.0,10600000.0,0.0,0.0,217200000.0,1.3251982916,-181300000.0,35900000.0,0.2190359976,5300000.0,30600000.0,0.1866992068,0.15,0.15,202105263,203571429,,,0.8109635423002319,0.1514062501182861,0.0954947917412719,0.0816406250637817,10.29908854971283,3.5055989610720824,3.5055989610720824,3.5055989610720824,6.935000005417969,994357893.96,133157893.96000004,8.123839002941176,6.066857193166565,51.52113440207254,60.26411478545455,1.4034691516725477,1.4034691516725477,0.8124337642464919,0.0,6.899372744041453,8.070175391515154,0.0307736280728223,0.0165936229804434,1.7223712067748764,0.1035082362121906,0.0,1.9848383713168685,1.1980143408714836,0.630718954248366,0.0086487974322311,0.2810457516339869,0.4344112263575351,0.0,0.0,0.1450777202072538,0.0170835875533862,0.2641509433962264,0.0,3.4557655946368646,0.0335862744164653,0.0025955519364853,-44.52828128478772,1032800000.0,708500000.0,-8999400000.0,1290900000.0,0.0,0.0,0.0,0.0,0.0,0.0,0.0,0.0,0.0,0.0431898376852505,0.0138541666774902,1990-12-30,,bmo,,2025-04-25,1990-12-31,,4.41984375,378675.0
1990-09-30,NTRS,USD,73124,1990-09-30,1990-09-29 20:00:00,1990,Q3,157000000.0,0.0,157000000.0,1.0,0,66500000.0,0.0,66500000.0,-3300000.0,63200000.0,63200000.0,245300000.0,182000000.0,15600000.0,0.0,0.0,220200000.0,1.4025477707,-182000000.0,38200000.0,0.2433121019,7800000.0,30400000.0,0.1936305732,0.14,0.14,203571429,203571429,,,0.7712280685518006,0.1493333330189473,0.2814736836179501,0.1061052629345152,11.028070152221607,3.3840701683142385,3.3840701683142385,3.3840701683142385,8.090035070687646,738964287.27,-41135712.73000002,6.077008941365132,4.706778899808917,12.896409899999998,34.211309595833335,1.0726727932501088,1.0726727932501088,-0.2620109091082804,0.0,-0.7179007457242587,-1.9044311449074085,0.0411386592338698,0.0292300999819601,2.126433444621861,0.1161715491125949,0.0,1.7249327698809067,1.2098901098901098,1.884868421052632,0.0110966120301885,0.2697368421052631,0.4235668789808917,0.0,0.0,0.6230366492146597,0.2273885350318471,2.2884615384615383,0.0,3.3720136034123582,0.0306182964959164,0.0024108233278878,-47.53073674204055,943500000.0,688900000.0,-9675900000.0,1198300000.0,0.0,0.0,0.0,0.0,0.0,0.0,0.0,0.0,0.0,0.0441283205109595,0.1753684206834349,1990-09-29,,bmo,,2025-04-25,1990-09-30,,4.375714285714286,608571.3650793651
1990-06-30,NTRS,USD,73124,1990-06-30,1990-06-29 20:00:00,1990,Q2,150800000.0,0.0,150800000.0,1.0,0,66200000.0,0.0,66200000.0,-7000000.0,59200000.0,59200000.0,236100000.0,175400000.0,7200000.0,0.0,0.0,210000000.0,1.3925729443,-175400000.0,34600000.0,0.2294429708,6100000.0,28500000.0,0.1889920424,0.13,0.13,210769231,210769231,,,0.7154744517713784,0.1352189779541398,-0.0227737226028024,-0.1518248173520166,8.897883201936624,3.236240872369079,3.236240872369079,3.236240872369079,5.34186130801986,1062276924.24,137376924.24,9.31821863368421,7.044276685941645,-221.30769255,-33.1961538825,1.5573624457410935,1.5573624457410935,0.9109875612732096,0.0,-28.62019255,-4.293028882500001,0.026829162292488,-0.0301239716968286,1.3934906905145874,0.0809859754954586,0.0,2.633618873753686,1.1972633979475484,-0.1684210526315789,0.0066837562202338,0.2491228070175438,0.4389920424403183,0.0,0.0,-5.666666666666667,0.1803713527851458,3.7777777777777777,0.0,3.1378378896050565,0.0351571875800729,0.0024283012115944,-43.55047440487174,1163300000.0,682100000.0,-9179100000.0,1387300000.0,0.0,0.0,0.0,0.0,0.0,0.0,0.0,0.0,0.0,0.0417827298050139,0.1290510947492141,1990-06-29,,bmo,,2025-04-25,1990-06-30,,5.233333333333333,354676.1904761905
1990-03-31,NTRS,USD,73124,1990-03-31,1990-03-30 19:00:00,1990,Q1,146900000.0,0.0,146900000.0,1.0,0,66200000.0,0.0,66200000.0,-16500000.0,49700000.0,49700000.0,224300000.0,165600000.0,3100000.0,0.0,0.0,196600000.0,1.3383253914,-165600000.0,31000000.0,0.2110279101,5100000.0,25900000.0,0.1763104152,0.12,0.12,207500000,207500000,,,0.7079518072289157,0.1248192771084337,0.2867469879518072,0.1874698795180722,6.833253012048193,2.91855421686747,2.91855421686747,2.91855421686747,3.7686746987951807,1064475000.0,262975000.0,10.274855212355211,7.246255956432948,17.89033613445378,27.36439588688946,1.7577196169088505,1.7577196169088505,1.7901633764465623,0.0,4.419747899159664,6.760282776349614,0.0243312431010592,0.0365438361633669,1.0178335535006604,0.0520028346775554,0.0,3.7750266240681576,1.1871980676328502,2.297297297297298,0.0073275558373846,0.3011583011583011,0.450646698434309,0.0,0.0,0.346218487394958,0.1402314499659632,6.645161290322581,0.0,2.862964568397816,0.0299349618254192,0.0021850639489758,-47.37204819277108,1042300000.0,605600000.0,-9829700000.0,1246900000.0,0.0,0.0,0.0,0.0,0.0,0.0,0.0,0.0,0.0,0.0427675033025099,0.0992771084337349,1990-03-30,,bmo,,2025-04-25,1990-03-31,,5.227619047619047,435771.4285714286
1989-12-31,NTRS,USD,73124,1989-12-31,1989-12-30 19:00:00,1989,Q4,148800000.0,0.0,148800000.0,1.0,0,63000000.0,0.0,63000000.0,-12100000.0,50900000.0,50900000.0,225200000.0,164800000.0,-8800000.0,0.0,0.0,199700000.0,1.3420698925,-164800000.0,34900000.0,0.2345430108,2500000.0,32400000.0,0.2177419355,0.17,0.17,189230769,189230769,,,0.7863414643735872,0.1712195124039262,0.022723577263484,-0.1199593497397878,8.708414644766359,3.1242276460864566,3.1242276460864566,3.1242276460864566,5.017682932948394,965076921.9,101876921.89999998,7.446581187499999,6.485732002016129,224.43649346511623,-42.51440184581498,1.6324034538227332,1.6324034538227332,0.6846567331989246,0.0,23.69230741860465,-4.487970127753303,0.0335724534125345,-0.0235214411254485,1.327300405953992,0.0717426881337027,0.0,3.029784886927744,1.2117718446601942,0.132716049382716,0.0072533078360414,0.2160493827160493,0.4233870967741935,0.0,0.0,6.27906976744186,0.1814516129032258,-3.0681818181818183,0.0,3.4692789624848936,0.0397860084996945,0.0029622315477659,-45.96821143817262,1104000000.0,591200000.0,-8698600000.0,1293300000.0,0.0,0.0,0.0,0.0,0.0,0.0,0.0,0.0,0.0,0.0548037889039242,0.1426829270032718,1989-12-30,,bmo,,2025-04-25,1989-12-31,,,
1989-09-30,NTRS,USD,73124,1989-09-30,1989-09-29 20:00:00,1989,Q3,141600000.0,0.0,141600000.0,1.0,0,60500000.0,0.0,60500000.0,-1100000.0,59400000.0,59400000.0,231400000.0,172700000.0,11300000.0,0.0,0.0,201000000.0,1.4194915254,-172700000.0,28300000.0,0.1998587571,1800000.0,26500000.0,0.1871468927,0.13,0.12,189230769,205000000,,,0.7482926838393813,0.1400406505772853,0.5147154477821733,0.3836585370532421,7.226626025073121,3.0074390280578527,3.0074390280578527,3.0074390280578527,5.1651219575184415,1008599998.77,445799998.77,9.515094328018868,7.122881347245762,10.355236127002057,13.892561966528923,1.7722720062730626,1.7722720062730626,3.148305076059322,0.0,4.577002040759753,6.140495850826446,0.0262740432602786,0.0719809637998578,1.4139869970128274,0.0727787424933072,0.0,2.4267968056787934,1.1638679791546034,3.675471698113208,0.0065437239818052,0.2490566037735849,0.4272598870056497,0.0,0.0,0.2546201232032854,0.1751412429378531,2.194690265486725,0.0,3.0783410558881643,0.0379436230350738,0.002396715143622,-48.19617892056445,804000000.0,569100000.0,-9120200000.0,972500000.0,0.0,0.0,0.0,0.0,0.0,0.0,0.0,0.0,0.0,0.0465647513617993,0.1310569107289312,1989-09-29,,bmo,,2025-04-25,1989-09-30,,,
1989-06-30,NTRS,USD,73124,1989-06-30,1989-06-29 20:00:00,1989,Q2,142600000.0,0.0,142600000.0,1.0,0,60600000.0,0.0,60600000.0,500000.0,61100000.0,61100000.0,231200000.0,171400000.0,11200000.0,0.0,0.0,203700000.0,1.4284712482,-171400000.0,32300000.0,0.2265077139,3400000.0,28900000.0,0.2026647966,0.14,0.13,192142857,206923077,,,0.7421561343807852,0.1504089220449136,1.2287732351143297,1.1486245361699812,7.021338295183151,2.890037176869916,2.890037176869916,2.890037176869916,4.931226769465596,910757142.18,337757142.18000007,7.878521991176472,6.3867962284712485,3.8575058965692506,4.12667486261894,1.640117309886548,1.640117309886548,2.368563409396915,0.0,1.430568158322745,1.530390313457182,0.0317318400938636,0.2423258515126542,1.397622906537007,0.0706875666026067,0.0,2.5226252804786835,1.1884480746791133,8.16955017301038,0.0085643028627036,0.2698961937716263,0.4249649368863955,0.0,0.0,0.0652265988987717,0.1079943899018232,1.375,0.0,3.1273736537167123,0.0358598907499935,0.0026322260982029,-47.229962860394025,814300000.0,555300000.0,-9074900000.0,964400000.0,0.0,0.0,0.0,0.0,0.0,0.0,0.0,0.0,0.0,0.0520439402124977,0.0801486989443484,1989-06-29,,bmo,,2025-04-25,1989-06-30,,,
1989-03-31,NTRS,USD,73124,1989-03-31,1989-03-30 19:00:00,1989,Q1,135200000.0,0.0,135200000.0,1.0,0,60400000.0,0.0,60400000.0,-12800000.0,47600000.0,47600000.0,211900000.0,153400000.0,2700000.0,0.0,0.0,182800000.0,1.3520710059,-153400000.0,29400000.0,0.2174556213,4000000.0,25400000.0,0.1878698225,0.12,0.12,195000000,195000000,,,0.6933333333333334,0.1302564102564102,-0.5835897435897436,-0.638974358974359,7.115384615384615,2.7743589743589743,2.7743589743589743,2.7743589743589743,3.3579487179487177,799499999.9999999,-86600000.00000012,7.869094488188977,5.913461538461537,-7.0254833040421785,-6.4165329052969495,1.477818853974122,1.477818853974122,-0.6405325443786991,0.0,0.7609841827768025,0.6950240770465499,0.0317698561601,-0.1558474046278924,0.9268022181146026,0.0483780706663321,0.0,5.3488820354664615,1.1916558018252934,-4.480314960629921,0.0085053158223889,0.2677165354330709,0.4467455621301775,0.0,0.0,-0.0949033391915641,0.0798816568047337,4.0,0.0,2.851491875695907,0.0298475301823178,0.0024507439069103,-43.26,1128100000.0,541000000.0,-8435700000.0,1267800000.0,,,,0.0,0.0,0.0,0.0,0.0,0.0,0.0469500924214417,0.0553846153846153,1989-03-30,,bmo,,2025-04-25,1989-03-31,,,
1988-12-31,NTRS,USD,73124,1988-12-31,1988-12-30 19:00:00,1988,Q4,0.0,0.0,0.0,0.0,0,0.0,0.0,0.0,0.0,0.0,0.0,0.0,0.0,0.0,0.0,0.0,0.0,0.0,0.0,0.0,0.0,0.0,0.0,0.0,0.22,0.21,181096000,181096000,,,0.0,0.0,,,,,,,,671866160.0,,0.0,0.0,0.0,0.0,0.0,0.0,0.0,0.0,0.0,0.0,0.0,,0.0,0.0,0.0,0.0,0.0,0.0,0.0069631617250673,0.0,0.0,0.0,0.0,0.0,0.0,0.0,0.0,,0.0,0.0,,,,,,,,,0.0,0.0,0.0,0.0,0.0,0.0,0.0,,1988-12-30,,bmo,,2025-04-25,1988-12-31,,,
1988-09-30,NTRS,USD,73124,1988-09-30,1988-09-29 20:00:00,1988,Q3,0.0,0.0,0.0,0.0,0,0.0,0.0,0.0,0.0,0.0,0.0,0.0,0.0,0.0,0.0,0.0,0.0,0.0,0.0,0.0,0.0,0.0,0.0,0.0,0.13,0.13,180640000,180640000,,,0.0,0.0,,,,,,,,639465600.0,,0.0,0.0,0.0,0.0,0.0,0.0,0.0,0.0,0.0,0.0,0.0,,0.0,0.0,0.0,0.0,0.0,0.0,0.0058851214689265,0.0,0.0,0.0,0.0,0.0,0.0,0.0,0.0,,0.0,0.0,,,,,,,,,0.0,0.0,0.0,0.0,0.0,0.0,0.0,,1988-09-29,,bmo,,2025-04-25,1988-09-30,,,
1988-06-30,NTRS,USD,73124,1988-06-30,1988-06-29 20:00:00,1988,Q2,0.0,0.0,0.0,0.0,0,0.0,0.0,0.0,0.0,0.0,0.0,0.0,0.0,0.0,0.0,0.0,0.0,0.0,0.0,0.0,0.0,0.0,0.0,0.0,0.11,0.11,180364000,180364000,,,0.0,0.0,,,,,,,,649310400.0,,0.0,0.0,0.0,0.0,0.0,0.0,0.0,0.0,0.0,0.0,0.0,,0.0,0.0,0.0,0.0,0.0,0.0,0.0057870361111111,0.0,0.0,0.0,0.0,0.0,0.0,0.0,0.0,,0.0,0.0,,,,,,,,,0.0,0.0,0.0,0.0,0.0,0.0,0.0,,1988-06-29,,bmo,,2025-04-25,1988-06-30,,,
1988-03-31,NTRS,USD,73124,1988-03-31,1988-03-30 19:00:00,1988,Q1,0.0,0.0,0.0,0.0,0,0.0,0.0,0.0,0.0,0.0,0.0,0.0,0.0,0.0,0.0,0.0,0.0,0.0,0.0,0.0,0.0,0.0,0.0,0.0,0.1,0.1,180136000,180136000,,,0.0,0.0,,,,,,,,646688240.0,,0.0,0.0,0.0,0.0,0.0,0.0,0.0,0.0,0.0,0.0,0.0,,0.0,0.0,0.0,0.0,0.0,0.0,0.0058031559888579,0.0,0.0,0.0,0.0,0.0,0.0,0.0,0.0,,0.0,0.0,,,,,,,,,0.0,0.0,0.0,0.0,0.0,0.0,0.0,,1988-03-30,,bmo,,2025-04-25,1988-03-31,,,
1987-12-31,NTRS,USD,73124,1987-12-31,1987-12-30 19:00:00,1987,Q4,0.0,0.0,0.0,0.0,0,0.0,0.0,0.0,0.0,0.0,0.0,0.0,0.0,0.0,0.0,0.0,0.0,0.0,0.0,0.0,0.0,0.0,0.0,0.0,-0.2,-0.2,180136000,180136000,,,0.0,0.0,,,,,,,,540408000.0,,0.0,0.0,0.0,0.0,0.0,0.0,0.0,0.0,0.0,0.0,0.0,,0.0,0.0,0.0,0.0,0.0,0.0,0.0069444433333333,0.0,0.0,0.0,0.0,0.0,0.0,0.0,0.0,,0.0,0.0,,,,,,,,,0.0,0.0,0.0,0.0,0.0,0.0,0.0,,1987-12-30,,bmo,,2025-04-25,1987-12-31,,,
1987-09-30,NTRS,USD,73124,1987-09-30,1987-09-29 20:00:00,1987,Q3,0.0,0.0,0.0,0.0,0,0.0,0.0,0.0,0.0,0.0,0.0,0.0,0.0,0.0,0.0,0.0,0.0,0.0,0.0,0.0,0.0,0.0,0.0,0.0,0.1,0.09,179756000,179756000,,,0.0,0.0,,,,,,,,666894760.0,,0.0,0.0,0.0,0.0,0.0,0.0,0.0,0.0,0.0,0.0,0.0,,0.0,0.0,0.0,0.0,0.0,0.0,0.0051662183288409,0.0,0.0,0.0,0.0,0.0,0.0,0.0,0.0,,0.0,0.0,,,,,,,,,0.0,0.0,0.0,0.0,0.0,0.0,0.0,,1987-09-29,,bmo,,2025-04-25,1987-09-30,,,
1987-06-30,NTRS,USD,73124,1987-06-30,1987-06-29 20:00:00,1987,Q2,0.0,0.0,0.0,0.0,0,0.0,0.0,0.0,0.0,0.0,0.0,0.0,0.0,0.0,0.0,0.0,0.0,0.0,0.0,0.0,0.0,0.0,0.0,0.0,-0.36,-0.36,179732000,179732000,,,0.0,0.0,,,,,,,,675792320.0,,0.0,0.0,0.0,0.0,0.0,0.0,0.0,0.0,0.0,0.0,0.0,,0.0,0.0,0.0,0.0,0.0,0.0,0.0050975186170212,0.0,0.0,0.0,0.0,0.0,0.0,0.0,0.0,,0.0,0.0,,,,,,,,,0.0,0.0,0.0,0.0,0.0,0.0,0.0,,1987-06-29,,bmo,,2025-04-25,1987-06-30,,,
1987-03-31,NTRS,USD,73124,1987-03-31,1987-03-30 19:00:00,1987,Q1,0.0,0.0,0.0,0.0,0,0.0,0.0,0.0,0.0,0.0,0.0,0.0,0.0,0.0,0.0,0.0,0.0,0.0,0.0,0.0,0.0,0.0,0.0,0.0,0.08,0.08,179732000,179732000,,,0.0,0.0,,,,,,,,625467360.0,,0.0,0.0,0.0,0.0,0.0,0.0,0.0,0.0,0.0,0.0,0.0,,0.0,0.0,0.0,0.0,0.0,0.0,0.0055076637931034,0.0,0.0,0.0,0.0,0.0,0.0,0.0,0.0,,0.0,0.0,,,,,,,,,0.0,0.0,0.0,0.0,0.0,0.0,0.0,,1987-03-30,,bmo,,2025-04-25,1987-03-31,,,
1986-12-31,NTRS,USD,73124,1986-12-31,1986-12-30 19:00:00,1986,Q4,0.0,0.0,0.0,0.0,0,0.0,0.0,0.0,0.0,0.0,0.0,0.0,0.0,0.0,0.0,0.0,0.0,0.0,0.0,0.0,0.0,0.0,0.0,0.0,0.07,0.07,179468000,179468000,,,0.0,0.0,,,,,,,,585065680.0,,0.0,0.0,0.0,0.0,0.0,0.0,0.0,0.0,0.0,0.0,0.0,,0.0,0.0,0.0,0.0,0.0,0.0,0.0058793466257668,0.0,0.0,0.0,0.0,0.0,0.0,0.0,0.0,,0.0,0.0,,,,,,,,,0.0,0.0,0.0,0.0,0.0,0.0,0.0,,1986-12-30,,bmo,,2025-04-25,1986-12-31,,,
1986-09-30,NTRS,USD,73124,1986-09-30,1986-09-29 20:00:00,1986,Q3,0.0,0.0,0.0,0.0,0,0.0,0.0,0.0,0.0,0.0,0.0,0.0,0.0,0.0,0.0,0.0,0.0,0.0,0.0,0.0,0.0,0.0,0.0,0.0,0.08,0.08,179432000,179432000,,,0.0,0.0,,,,,,,,547267600.0,,0.0,0.0,0.0,0.0,0.0,0.0,0.0,0.0,0.0,0.0,0.0,,0.0,0.0,0.0,0.0,0.0,0.0,,0.0,0.0,0.0,0.0,0.0,0.0,0.0,0.0,,0.0,0.0,,,,,,,,,0.0,0.0,0.0,0.0,0.0,0.0,0.0,,1986-09-29,,bmo,,2025-04-25,1986-09-30,,,
1986-06-30,NTRS,USD,73124,1986-06-30,1986-06-29 20:00:00,1986,Q2,0.0,0.0,0.0,0.0,0,0.0,0.0,0.0,0.0,0.0,0.0,0.0,0.0,0.0,0.0,0.0,0.0,0.0,0.0,0.0,0.0,0.0,0.0,0.0,0.07,0.07,179336000,179336000,,,0.0,0.0,,,,,,,,633056080.0,,0.0,0.0,0.0,0.0,0.0,0.0,0.0,0.0,0.0,0.0,0.0,,0.0,0.0,0.0,0.0,0.0,0.0,,0.0,0.0,0.0,0.0,0.0,0.0,0.0,0.0,,0.0,0.0,,,,,,,,,0.0,0.0,0.0,0.0,0.0,0.0,0.0,,1986-06-29,,bmo,,2025-04-25,1986-06-30,,,
1986-03-31,NTRS,USD,73124,1986-03-31,1986-03-30 19:00:00,1986,Q1,0.0,0.0,0.0,0.0,0,0.0,0.0,0.0,0.0,0.0,0.0,0.0,0.0,0.0,0.0,0.0,0.0,0.0,0.0,0.0,0.0,0.0,0.0,0.0,0.07,0.07,179264000,179264000,,,0.0,0.0,,,,,,,,509109760.0,,0.0,0.0,0.0,0.0,0.0,0.0,0.0,0.0,0.0,0.0,0.0,,0.0,0.0,0.0,0.0,0.0,0.0,,0.0,0.0,0.0,0.0,0.0,0.0,0.0,0.0,,0.0,0.0,,,,,,,,,0.0,0.0,0.0,0.0,0.0,0.0,0.0,,1986-03-30,,bmo,,2025-04-25,1986-03-31,,,
1985-12-31,NTRS,USD,73124,1985-12-31,1985-12-30 19:00:00,1985,Q4,0.0,0.0,0.0,0.0,0,0.0,0.0,0.0,0.0,0.0,0.0,0.0,0.0,0.0,0.0,0.0,0.0,0.0,0.0,0.0,0.0,0.0,0.0,0.0,0.06,0.06,179084000,179084000,,,0.0,0.0,,,,,,,,420847400.0,,0.0,0.0,0.0,0.0,0.0,0.0,0.0,0.0,0.0,0.0,0.0,,0.0,0.0,0.0,0.0,0.0,0.0,,0.0,0.0,0.0,0.0,0.0,0.0,0.0,0.0,,0.0,0.0,,,,,,,,,0.0,0.0,0.0,0.0,0.0,0.0,0.0,,1985-12-30,,bmo,,2025-04-25,1985-12-31,,,
1985-09-30,NTRS,USD,73124,1985-09-30,1985-09-29 20:00:00,1985,Q3,0.0,0.0,0.0,0.0,0,0.0,0.0,0.0,0.0,0.0,0.0,0.0,0.0,0.0,0.0,0.0,0.0,0.0,0.0,0.0,0.0,0.0,0.0,0.0,0.06,0.06,179048000,179048000,,,0.0,0.0,,,,,,,,341981680.0,,0.0,0.0,0.0,0.0,0.0,0.0,0.0,0.0,0.0,0.0,0.0,,0.0,0.0,0.0,0.0,0.0,0.0,,0.0,0.0,0.0,0.0,0.0,0.0,0.0,0.0,,0.0,0.0,,,,,,,,,0.0,0.0,0.0,0.0,0.0,0.0,0.0,,1985-09-29,,bmo,,2025-04-25,1985-09-30,,,
