date,symbol,reportedCurrency,cik,fillingDate,acceptedDate,calendarYear,period,revenue,costOfRevenue,grossProfit,grossProfitRatio,researchAndDevelopmentExpenses,generalAndAdministrativeExpenses,sellingAndMarketingExpenses,sellingGeneralAndAdministrativeExpenses,otherExpenses,operatingExpenses,costAndExpenses,interestIncome,interestExpense,depreciationAndAmortization,ebitda,ebitdaratio,operatingIncome,operatingIncomeRatio,totalOtherIncomeExpensesNet,incomeBeforeTax,incomeBeforeTaxRatio,incomeTaxExpense,netIncome,netIncomeRatio,eps,epsdiluted,weightedAverageShsOut,weightedAverageShsOutDil,link,finalLink,revenuePerShare,netIncomePerShare,operatingCashFlowPerShare,freeCashFlowPerShare,cashPerShare,bookValuePerShare,tangibleBookValuePerShare,shareholdersEquityPerShare,interestDebtPerShare,marketCap,enterpriseValue,peRatio,priceToSalesRatio,pocfratio,pfcfRatio,pbRatio,ptbRatio,evToSales,enterpriseValueOverEBITDA,evToOperatingCashFlow,evToFreeCashFlow,earningsYield,freeCashFlowYield,debtToEquity,debtToAssets,netDebtToEBITDA,currentRatio,interestCoverage,incomeQuality,dividendYield,payoutRatio,salesGeneralAndAdministrativeToRevenue,researchAndDdevelopementToRevenue,intangiblesToTotalAssets,capexToOperatingCashFlow,capexToRevenue,capexToDepreciation,stockBasedCompensationToRevenue,grahamNumber,roic,returnOnTangibleAssets,grahamNetNet,workingCapital,tangibleAssetValue,netCurrentAssetValue,investedCapital,averageReceivables,averagePayables,averageInventory,daysSalesOutstanding,daysPayablesOutstanding,daysOfInventoryOnHand,receivablesTurnover,payablesTurnover,inventoryTurnover,roe,capexPerShare,report_date,epsEstimated,time,revenueEstimated,updatedFromDate,fiscalDateEnding,surprise(%),QuarterAvgPrice,QuarterAvgVolume
2025-03-31,NVR,USD,906163,2025-05-05,2025-05-05 14:45:13,2025,Q1,2350445000.0,1835375000.0,515070000.0,0.0,0,189810000.0,0.0,189810000.0,-51405000.0,138405000.0,1973780000.0,3806000.0,7454000.0,5782000.0,415240000.0,,376665000.0,,25339000.0,402004000.0,,102428000.0,299576000.0,,100.41,94.83,2984000,3159000,https://www.sec.gov/Archives/edgar/data/906163/000090616325000054/0000906163-25-000054-index.htm,https://www.sec.gov/Archives/edgar/data/906163/000090616325000054/nvr-20250331.htm,0.0,100.3941018766756,69.63170241286863,67.26608579088472,766.7258713136729,1325.289544235925,1308.8930965147454,1325.289544235925,343.7721179624665,21617259760.0,20355165760.0,18.03987949635485,0.0,104.03867418098864,107.69751078606232,5.466269640100903,5.466269640100903,0.0,49.71246320745962,97.96451918125334,101.40973963989995,0.0138581856963354,0.0092852656732843,0.2593939712703784,0.1655734865749242,-3.082352768782146,3.649902514540518,0.0,0.693583598152055,0.0,0.0,0.0,0.0,0.0078971413758913,0.033973269933247,0.0,1.2208578346592875,0.0,1730.2176753815038,0.0563586666560938,0.0487384419954687,378.5637565348526,3219772000.0,3905737000.0,2193956000.0,3481500000.0,34582500.0,415071500.0,2084539499.5,0.0,0.0,0.0,0.0,0.0,0.0,0.0757525797387591,2.3656166219839143,2025-04-22,107.87,bmo,2574652850.0,2025-05-11,2025-03-31,-0.1208862519699639,7606.166666666667,27603.63333333333
2024-12-31,NVR,USD,906163,2025-02-12,2025-02-12 15:26:37,2024,Q4,2851208000.0,2125633000.0,725575000.0,0.2544798556,0,180584000.0,0.0,180584000.0,11527000.0,192111000.0,2317744000.0,0.0,7013000.0,4953000.0,584600000.0,0.2050359006,533464000.0,0.1871010463,39170000.0,572634000.0,0.2008390829,115202000.0,457432000.0,0.1604344544,149.84,139.93,3110000,3319000,https://www.sec.gov/Archives/edgar/data/906163/000090616325000011/0000906163-25-000011-index.htm,https://www.sec.gov/Archives/edgar/data/906163/000090616325000011/nvr-20241231.htm,916.7871382636656,147.08424437299036,204.8392282958199,203.04147909967847,839.5418006430868,1353.7209003215437,1353.7209003215437,1353.7209003215437,330.38520900321544,25436379000.0,23845889000.0,13.901726923345985,8.921263899371775,39.9283870967742,40.281916957395495,6.041791921848367,6.041791921848367,8.363433674428522,40.7900940814232,37.431738482065775,37.76316277066286,0.0179833772723704,0.0248250350413476,0.2423913415257506,0.1599258610108654,-2.720646595963052,5.074515551128229,76.06787394838157,1.3926660137463054,0.0,0.0,0.0633359614591429,0.0,0.0,0.0087763911780864,0.0019609232297328,1.1288108217242077,0.0068251772582007,2116.6005418131367,0.0814716646511957,0.0716867043160087,480.3469453376206,4687449000.0,4210072000.0,3666964000.0,4796644000.0,34092500.0,411682500.0,2158052000.0,1.0297319592257037,16.352046660924064,87.16633115876542,87.40138556802158,5.503898188785748,1.0325087542812066,0.108651823531759,1.797749196141479,2025-01-28,127.85,bmo,2811403208.0,2025-04-28,2024-12-31,0.0944857254595229,9106.6315625,19977.4375
2024-09-30,NVR,USD,906163,2024-11-05,2024-11-05 13:57:37,2024,Q3,2737679000.0,2051087000.0,686592000.0,0.2507934641,0,176094000.0,0.0,176094000.0,0.0,176094000.0,2227181000.0,4728000.0,7046000.0,4685000.0,550343000.0,0.2010253941,510522000.0,0.1864798612,28090000.0,538612000.0,0.1967403775,109289000.0,429323000.0,0.1568200655,139.65,130.5,3074230,3289924,https://www.sec.gov/Archives/edgar/data/906163/000090616324000123/0000906163-24-000123-index.htm,https://www.sec.gov/Archives/edgar/data/906163/000090616324000123/nvr-20240930.htm,890.5251070999892,139.65220559294522,116.5371491397846,113.86656170813504,781.7996701613087,1389.3716475345043,1373.4564427515184,1389.3716475345043,332.3983566616681,30163729914.0,28667606914.0,17.56470647624283,11.017993677856314,84.19461152452674,86.16928317507112,7.062041331713822,7.062041331713822,10.471500462252878,52.09043617162387,80.0185532208272,81.89528102681886,0.014233087261557,0.0116050634652291,0.2375940240416852,0.1564115491004459,-2.71852826328308,4.915858905504423,72.4555776326994,0.834481264688824,0.0,0.0,0.06432236942315,0.0,0.0075409680927979,0.0229161898275563,0.0029988906661445,1.752401280683031,0.0070216413246403,2089.413395368709,0.0642484166588353,0.0666730131792114,436.4968626290161,4707207000.0,4222321000.0,3692384000.0,4945132000.0,35527000.0,461288500.0,2250908000.0,1.1691180741058391,19.18221898924814,99.05271204975703,76.98110395635914,4.691845091042182,0.908607125817922,0.1005146505190052,2.6705874316495515,2024-10-22,131.0,bmo,2710270007.0,2025-04-25,2024-09-30,-0.0038167938931297,8729.84359375,19810.703125
2024-06-30,NVR,USD,906163,2024-08-06,2024-08-06 14:11:09,2024,Q2,2559430000.0,1947616000.0,611814000.0,0.2390430682,0,166564000.0,0.0,166564000.0,1333000.0,166564000.0,2114180000.0,4672000.0,6898000.0,4356000.0,544634000.0,0.2127950364,445250000.0,0.1739645155,38322000.0,533568000.0,0.2084714175,132664000.0,400904000.0,0.1566380014,128.21,120.69,3126831,3321654,https://www.sec.gov/Archives/edgar/data/906163/000090616324000109/0000906163-24-000109-index.htm,https://www.sec.gov/Archives/edgar/data/906163/000090616324000109/nvr-20240630.htm,818.538002213743,128.21415676127043,75.28612835167618,73.22909360947234,808.7888344461213,1322.075929271521,1308.7781207235057,1322.075929271521,326.2885010414698,23395449834.96,21879854834.96,14.58918458967733,9.14088286648199,99.38298281257566,102.17469083943662,5.659402636672127,5.659402636672127,8.548721721226991,40.173501534902336,92.94479278424176,95.55564945937329,0.0171359816899492,0.0097871595380842,0.2451314833324786,0.158155993612274,-2.782777057620347,3.81646454168912,64.54769498405335,0.5871904495839403,0.0,0.0,0.0650785526464877,0.0,0.0064894850988436,0.0273228918426384,0.002513059548415,1.4765840220385675,0.0070722778118565,1952.9334691773872,0.0649947865164611,0.0629786977348002,449.1428382282253,3548827000.0,4092328000.0,2535476000.0,3770636000.0,35898500.0,467204000.0,2180726500.0,1.2480083456082018,22.431285222549004,103.71536791646814,72.11490236961484,4.012253382143601,0.867759540442315,0.0969794199580638,2.057034742203848,2024-07-23,121.21,bmo,2565833153.0,2025-04-25,2024-06-30,-0.0042900750763138,7647.132698412698,19897.904761904763
2024-03-31,NVR,USD,906163,2024-05-06,2024-05-06 16:04:01,2024,Q1,2333463000.0,1726213000.0,607250000.0,0.2602355383,0,175861000.0,152503000.0,175861000.0,1171000.0,175861000.0,1902074000.0,6649000.0,6826000.0,4381000.0,481899000.0,0.2065166664,431389000.0,0.1848707265,22365000.0,470692000.0,0.2017139333,76423000.0,394269000.0,0.1689630391,123.75,116.41,3186000,3387000,https://www.sec.gov/Archives/edgar/data/906163/000090616324000071/0000906163-24-000071-index.htm,https://www.sec.gov/Archives/edgar/data/906163/000090616324000071/nvr-20240331.htm,732.4114877589454,123.75047080979284,45.96924042686754,43.15097300690521,909.2875078468298,1363.584745762712,1350.533898305085,1363.584745762712,318.7284996861268,25571696220.0,23683349220.0,16.214625179763058,10.958689389975328,174.60088366630708,186.00438045083249,5.886154142557939,5.886154142557939,10.14944278953641,49.14587749715189,161.70744663999236,172.2688499334444,0.0154181794046042,0.0053762174717403,0.2321718560135494,0.1542702324217665,-3.918553472823143,4.251668800041852,63.19791971872253,0.3714671962543339,0.0,0.0,0.0753648118697403,0.0,0.0063595903249187,0.0613076786519002,0.00384792902223,2.0495320703035835,0.0073457346441747,1948.523985286482,0.0675034066529778,0.0606887288490538,561.5067482736974,3853660000.0,4302801000.0,2845017000.0,4054497000.0,32653000.0,398364500.0,2033592000.0,1.4002964692390665,23.409156343973773,110.37633246882048,64.27210378449843,3.844649447316316,0.8153921949293209,0.0907537805731127,2.818267419962335,2024-04-23,103.97,bmo,2253785875.0,2025-04-25,2024-03-31,0.1196498990093296,7428.557049180327,19162.65573770492
2023-12-31,NVR,USD,906163,2024-02-14,2024-02-14 16:34:39,2023,Q4,2351663000.0,1812968000.0,538695000.0,0.2290698114,0,175623000.0,0.0,175623000.0,1189000.0,175623000.0,1988591000.0,4779000.0,6791000.0,4331000.0,494996000.0,0.2104876421,363072000.0,0.1543894682,23116000.0,484047000.0,0.205831788,73972000.0,410075000.0,0.1743766007,128.47,121.58,3192000,3373000,https://www.sec.gov/Archives/edgar/data/906163/000090616324000033/0000906163-24-000033-index.htm,https://www.sec.gov/Archives/edgar/data/906163/000090616324000033/nvr-20231231.htm,736.7365288220551,128.46961152882204,155.29636591478695,153.30827067669173,1007.344611528822,1367.3950501253132,1365.09335839599,1367.3950501253132,319.890350877193,22345436400.0,20144291400.0,13.622774126684144,9.501972178836848,45.07800268707661,45.66257233938205,5.119551953444948,5.119551953444948,8.56597709790901,40.69586703730939,40.63757832263479,41.16456473761648,0.0183516218998524,0.0218997736826477,0.2323855454811013,0.1536407656325429,-4.4467935094425,4.248346940828456,53.46370195847445,1.2088178991647869,0.0,0.0,0.0746803432294508,0.0,0.0011128855545576,0.0128019430872331,0.0026985159013004,1.4652505195105057,0.0110640852877304,1988.101102851851,0.0571827498681788,0.0621852447754992,618.8085839598997,3971861000.0,4357378000.0,2957562000.0,4143197000.0,31439000.0,360520500.0,1976961500.0,1.1098528998415165,17.262533039744774,96.81003746343012,81.09182758620689,5.213603345047133,0.9296556675127554,0.0939520817462726,1.988095238095238,2024-01-30,121.5,bmo,2587080000.0,2025-04-25,2023-12-31,0.0004938271604938,6168.003968253968,23562.777777777777
2023-09-30,NVR,USD,906163,2023-11-03,2023-11-03 15:21:21,2023,Q3,2574092000.0,1902174000.0,671918000.0,0.2610310743,0,166765000.0,0.0,166765000.0,1169000.0,126851000.0,2029025000.0,5067000.0,6896000.0,4180000.0,550148000.0,0.2137250728,507434000.0,0.1971312603,31906000.0,539340000.0,0.2095263106,106183000.0,433157000.0,0.1682756483,132.92,125.26,3258863,3458142,https://www.sec.gov/Archives/edgar/data/906163/000090616323000155/0000906163-23-000155-index.htm,https://www.sec.gov/Archives/edgar/data/906163/000090616323000155/nvr-20230930.htm,789.8742598262032,132.91660312200912,201.93638087885253,199.762923449068,892.6168421317496,1280.3799975635677,1278.1255302846423,1280.3799975635677,314.3212832205588,19433577727.9,17542095727.9,11.216243606763827,7.549682656214308,29.53058767343937,29.85188591075269,4.657445454745897,4.657445454745897,6.814867428164962,31.886139235078563,26.65635752313918,26.946383606605224,0.0222891021954302,0.0334987210854842,0.2438379296469357,0.1596660401493158,-3.438133011480547,6.449644772563745,73.58381670533643,1.5192713034765686,0.0,0.0,0.0647859517064658,0.0,0.0011529655947973,0.0107630800370166,0.002751649902179,1.6944980130378022,0.010120850381416,1956.817467109312,0.0734911477971007,0.0680538439156149,532.8640694622634,4506502000.0,4165236000.0,3133757000.0,5147154000.0,30317500.0,375430500.0,2011931000.0,1.1845031179926746,17.6625639925685,94.8070838945333,75.98122675482614,5.095522939810288,0.9492961528077282,0.1038102777104733,2.17345742978456,2023-10-24,115.6,bmo,2607880000.0,2025-04-25,2023-09-30,0.0835640138408305,6210.315555555556,20274.380952380958
2023-06-30,NVR,USD,906163,2023-08-02,2023-08-02 15:40:01,2023,Q2,2342153000.0,1728146000.0,614007000.0,0.2621549489,0,171397000.0,0.0,171397000.0,-34259000.0,137138000.0,1865284000.0,3823000.0,6795000.0,4217000.0,482021000.0,0.2058025244,441339000.0,0.1884330358,29837000.0,471176000.0,0.2011721694,67149000.0,404027000.0,0.1725023942,123.84,116.54,3262529,3466936,https://www.sec.gov/Archives/edgar/data/906163/000090616323000108/0000906163-23-000108-index.htm,https://www.sec.gov/Archives/edgar/data/906163/000090616323000108/nvr-20230630.htm,717.8949213938022,123.83859269909938,8.791339479281257,6.11427515280324,825.3051543756393,1273.0194888689111,1270.767554863114,1273.0194888689111,313.79215326515106,20719081917.98,19043460917.98,12.820357252101964,8.846169280136694,722.3722863810054,1038.6545978534189,4.988627476271067,4.988627476271067,8.130750176431684,39.50753373396595,663.951639285266,954.6551492871464,0.0195002366224241,0.0009627839727149,0.2448583198319008,0.1622782052969829,-3.4762406617139088,7.204926434621071,64.95055187637969,0.0709903051033718,0.0,0.0,0.073179250031915,0.0,0.0011723733499287,0.3045115403388885,0.0037290475899738,2.0711406212947594,0.0107418260036812,1883.374947946156,0.0683233557044816,0.0645469522135249,493.2315544168343,4515871000.0,4145916000.0,3130147000.0,5140914000.0,25032000.0,399834000.0,1942815500.0,1.028169380907225,19.66281784062226,105.2040799793536,87.53421534551705,4.577166951832566,0.8554801298358636,0.0972794162084125,2.6770643264780176,2023-07-25,100.33,bmo,2352440000.0,2025-04-25,2023-06-30,0.1615668294627729,5820.193225806452,24709.112903225807
2023-03-31,NVR,USD,906163,2023-05-02,2023-05-02 15:54:32,2023,Q1,2181295000.0,1607910000.0,573385000.0,0.262864491,0,166252000.0,0.0,166252000.0,-5618000.0,160634000.0,1768544000.0,0.0,7258000.0,4188000.0,445256000.0,0.204124614,412751000.0,0.1892229157,21059000.0,433810000.0,0.1988772724,89458000.0,344352000.0,0.1578658549,106.31,99.89,3239000,3447474,https://www.sec.gov/Archives/edgar/data/906163/000090616323000048/0000906163-23-000048-index.htm,https://www.sec.gov/Archives/edgar/data/906163/000090616323000048/nvr-20230331.htm,673.4470515591232,106.3142945353504,97.41339919728313,96.57548626119171,864.699598641556,1187.201605433776,1187.201605433776,1187.201605433776,315.2645878357518,18048323410.0,16261445410.0,13.103106276426448,8.274132297557186,57.201473779958285,57.69776799186722,4.693549919825159,4.693549919825159,7.454950114496206,36.52156379700666,51.53823001248724,51.98538851308151,0.0190794453411226,0.0173316929719179,0.2636652202428598,0.1668696268292542,-4.013147492678369,4.576700433558674,56.86842105263158,0.9162775299693338,0.0,0.0,0.0762171095610634,0.0,0.0,0.0086016189045454,0.0012442150190597,0.6480420248328558,0.0102127405967555,1685.1917623644097,0.0674254306578417,0.056675013845674,469.4208860759493,4351682000.0,3845346000.0,3337798000.0,4448336000.0,22074500.0,408761000.0,1826908500.0,0.9616443443000604,23.626882101610164,104.42050861055657,93.5896940833226,3.8092203454075952,0.8618996516829961,0.0895503291511349,0.8379129360913863,2023-04-25,88.96,bmo,2240000000.0,2025-04-25,2023-03-31,0.1228642086330936,5160.733225806452,22302.83870967742
2022-12-31,NVR,USD,906163,2023-02-15,2023-02-15 15:38:46,2022,Q4,2715752000.0,1993722000.0,722030000.0,0.2658674282,0,163295000.0,439407000.0,163295000.0,-21592000.0,141703000.0,2135425000.0,8416000.0,6899000.0,4159000.0,585780000.0,0.2156971623,554911000.0,0.2043305132,19811000.0,574722000.0,0.211625362,119954000.0,454768000.0,0.167455644,141.8,133.44,3207000,3408000,https://www.sec.gov/Archives/edgar/data/906163/000090616323000023/0000906163-23-000023-index.htm,https://www.sec.gov/Archives/edgar/data/906163/000090616323000023/nvr-20221231.htm,846.8200810726536,141.80480199563456,254.81602743997504,252.8029310882445,786.6663548487683,1093.498285001559,1091.207358902401,1093.498285001559,316.3620205799813,14792544060.0,13277379060.0,8.131917846022587,5.446942158194121,18.10160862462448,18.24575363958068,4.218186771087093,4.218186771087093,4.889024866777231,22.666152924306058,16.247504035144612,16.376884620081185,0.0307430552956554,0.0548072729553188,0.2873445648786132,0.1780036753399106,-2.5865768718631568,5.644885101231496,80.43354109291202,1.7969492136649896,0.0,0.0,0.0601288335606491,0.0,0.0012978334289882,0.007900195179853,0.0023772421045809,1.5522962250540997,0.0088726805687706,1867.8662760519744,0.0909407924963764,0.0804382886310484,398.6541939507328,3867545000.0,3499502000.0,2546067000.0,4461623000.0,24610000.0,394676500.0,1979362000.0,0.6907037166869434,17.849569799600946,80.72577320208133,130.30189041358796,5.042138326606173,1.1148855740867596,0.1296799491509329,2.013096351730589,2023-01-31,98.88,bmo,2499542726.0,2025-04-25,2022-12-31,0.3495145631067961,4396.053968253968,18746.93650793651
2022-09-30,NVR,USD,906163,2022-11-04,2022-11-04 11:23:32,2022,Q3,2780337000.0,2092457000.0,687880000.0,0.2474088573,0,153668000.0,0.0,153668000.0,-10211000.0,143457000.0,2235914000.0,3437000.0,7202000.0,4246000.0,549615000.0,0.1976792741,527783000.0,0.1898269886,10732000.0,538515000.0,0.1936869523,127122000.0,411393000.0,0.1479651567,118.52,118.52,3471000,3471000,https://www.sec.gov/Archives/edgar/data/906163/000090616322000104/0000906163-22-000104-index.htm,https://www.sec.gov/Archives/edgar/data/906163/000090616322000104/nvr-20220930.htm,801.019014693172,118.5229040622299,174.50302506482282,173.57505041774704,509.057044079516,888.7464707577067,886.6297896859695,888.7464707577067,291.7381158167675,13839154680.0,13077638680.0,8.409935681939167,4.977509805466028,22.84819990094105,22.97035196247504,4.486183778148551,4.486183778148551,4.703616388948534,23.79418079928677,21.59095043751032,21.706380936099016,0.0297267433967289,0.043534378647468,0.3259233301964867,0.1865506368454118,-1.3855444265531327,3.3372645030994232,73.28283810052763,1.472314793883221,0.0,0.0,0.0552695590498561,0.0,0.0013631976345264,0.0053178140993891,0.0011584926575447,0.7585963259538389,0.0095981170627877,1539.5058575752073,0.0985742712911638,0.0764360286998575,163.85767790262173,3036747000.0,3077492000.0,2031326000.0,3653383000.0,28692500.0,429790000.0,2274597000.0,0.9186008746421748,16.94404711781413,93.3545635585343,97.97508633448446,5.311599960400161,0.9640664212796524,0.1333596340035898,0.9279746470757708,2022-10-25,121.71,bmo,2587189799.0,2025-04-25,2022-09-30,-0.026292005587051,4260.635,17339.84375
2022-06-30,NVR,USD,906163,2022-08-03,2022-08-03 14:56:16,2022,Q2,2661715000.0,1924727000.0,736988000.0,0.2768846402,0,155918000.0,0.0,155918000.0,-3896000.0,152022000.0,2076749000.0,2772000.0,12257000.0,4531000.0,590395000.0,0.2218099984,556799000.0,0.2091880611,17213000.0,574012000.0,0.2156549443,140698000.0,433314000.0,0.16279504,123.65,123.65,3504304,3504304,https://www.sec.gov/Archives/edgar/data/906163/000090616322000074/0000906163-22-000074-index.htm,https://www.sec.gov/Archives/edgar/data/906163/000090616322000074/nvr-20220630.htm,759.5559631812765,123.6519434386971,39.345901497130384,38.00612047356622,427.9317661938005,853.71189257553,839.6240737105,853.71189257553,289.7445541254412,14031723818.56,13535216818.56,8.095586467642402,5.271685292587674,101.7676517156948,105.35513622825393,4.69027084526147,4.69027084526147,5.085148792624304,22.92569689540053,98.1666435926893,101.62718638405224,0.0308810239998344,0.0094917062024719,0.3352967878098691,0.189703687747733,-0.8409742629934197,5.044490746271453,45.42702129395448,0.3181988119469945,0.0,0.0,0.0585780220647214,0.0,0.0093363862050392,0.0340513489991296,0.0017639003424483,1.0361951004193335,0.0075466381637402,1541.15882689231,0.0947973425461347,0.0827198586725428,118.33954759632726,3453259000.0,2942298000.0,2011044000.0,4112049000.0,26239000.0,461126500.0,2286192000.0,0.9808074869022416,21.773222903819605,111.22982635979024,91.76112662460784,4.133517596249456,0.8091354895123268,0.1448403665382432,1.3397810235641656,2022-07-26,126.77,bmo,2592877758.0,2025-04-25,2022-06-30,-0.0246115011438036,4260.243548387097,22567.129032258064
2022-03-31,NVR,USD,906163,2022-05-03,2022-05-03 15:05:39,2022,Q1,2380483000.0,1651365000.0,729118000.0,0.306289942,0,152418000.0,0.0,152418000.0,-1339000.0,151079000.0,1802444000.0,2074000.0,13166000.0,4460000.0,583209000.0,0.2449960785,529691000.0,0.2225140864,36254000.0,565945000.0,0.2377437688,139845000.0,426100000.0,0.1789972875,116.56,116.55,3655628,3656000,https://www.sec.gov/Archives/edgar/data/906163/000090616322000030/0000906163-22-000030-index.htm,https://www.sec.gov/Archives/edgar/data/906163/000090616322000030/nvr-20220331.htm,651.1830525425454,116.56000008753624,84.61637781524816,83.50685573039708,590.285171248278,745.5898138432028,734.21557116862,745.5898138432028,438.4737724954509,16330677295.56,15762545295.56,9.581481633161232,6.860236891235939,52.79438940005044,53.49584726818882,5.991592048412112,5.991592048412112,6.621574401312675,27.027266889845663,50.957712237445286,51.63476691309333,0.0260919980407578,0.0186930397603899,0.5832593129069977,0.2776234485164977,-0.9741482041600869,4.9667308826830805,40.23173325231657,0.7259469608073222,0.0,0.0,0.0640281825159011,0.0,0.0072613435790809,0.0131123798193491,0.0017038558981517,0.9094170403587444,0.0049015262868921,1398.35040217167,0.0836329440553391,0.0749564659671081,74.31602723253023,3798958000.0,2684019000.0,1756049000.0,4424276000.0,21011500.0,422284000.0,2070502500.0,0.8873787378443786,24.8856309780091,119.55413249039432,101.42230838055472,3.616544827797658,0.7527970646036107,0.156332607988189,1.1095220848510845,2022-04-26,96.98,bmo,2356844862.0,2025-04-25,2022-03-31,0.2018972984120437,5095.13935483871,27298.725806451614
2021-12-31,NVR,USD,906163,2022-02-16,2022-02-16 16:39:25,2021,Q4,2232489000.0,1646050000.0,586439000.0,0.2626839371,0,149148000.0,0.0,149148000.0,876000.0,147303000.0,1793353000.0,0.0,13207000.0,4743000.0,444384000.0,0.1990531644,404845000.0,0.1813424389,21960000.0,426805000.0,0.1911789935,92224000.0,334581000.0,0.1498690475,96.47,89.09,3468000,3755000,https://www.sec.gov/Archives/edgar/data/906163/000090616322000008/0000906163-22-000008-index.htm,https://www.sec.gov/Archives/edgar/data/906163/000090616322000008/nvr-20211231.htm,643.7396193771626,96.47664359861592,75.00028835063438,73.29065743944636,742.0608419838524,865.737600922722,853.7479815455594,865.737600922722,462.5222029988466,20491961160.0,19509314160.0,15.31165932913106,9.178975197638152,78.78463043202447,80.6224177328738,6.825243576924692,6.825243576924692,8.73881759775748,43.90192752214301,75.00668647948297,76.7563467258392,0.0163274270035752,0.0124034980359098,0.5298533362554615,0.2726586368096529,-2.2112564808814,5.953802678760011,30.653819943969108,0.7773932171880651,0.0,0.0,0.0668079439585144,0.0,0.0071266052215494,0.0227949911765045,0.0026557801628585,1.2500527092557454,0.0068869320296762,1370.8675371523684,0.0633381734554721,0.0577571317967959,210.1980968858132,4081012000.0,2960798000.0,2072729000.0,4692157000.0,20538500.0,383947000.0,1905445500.0,0.7479006615486123,21.21190729321709,106.4748579933781,120.33683699870636,4.24289993143517,0.8452699697950976,0.111438666283859,1.7096309111880046,2022-02-01,99.76,bmo,2584971895.0,2025-04-25,2021-12-31,-0.1069566960705693,5278.1246875,18645.828125
2021-09-30,NVR,USD,906163,2021-11-02,2021-11-02 14:34:57,2021,Q3,2397976000.0,1817939000.0,580037000.0,0.2418860739,0,135185000.0,0.0,135185000.0,1022000.0,133689000.0,1951628000.0,2336000.0,13243000.0,4682000.0,451647000.0,0.1883450877,407946000.0,0.1701209687,26181000.0,434127000.0,0.1810389262,102046000.0,332081000.0,0.1384838714,93.25,86.44,3561000,3842000,https://www.sec.gov/Archives/edgar/data/906163/000090616321000099/0000906163-21-000099-index.htm,https://www.sec.gov/Archives/edgar/data/906163/000090616321000099/nvr-20210930.htm,673.3996068520079,93.2549845549003,129.534400449312,128.03875315922494,759.0870541982589,847.2482448750351,835.5717495085651,847.2482448750351,451.3580454928391,17071718880.0,15962652880.0,12.852074403534075,7.119220075597087,37.01009139943461,37.44241397007541,5.658412429886004,5.658412429886004,6.656719199858547,35.343205822246134,34.60572694635703,35.00996363604462,0.0194521127212938,0.0267076797131514,0.5283447313287047,0.2753622712732346,-2.4556036019280545,6.181018480142074,30.8046515140074,1.389034603003484,0.0,0.0,0.0563746259345381,0.0,0.0071827191860828,0.0115463327494406,0.002221039743517,1.1375480563861595,0.0062590284473239,1333.3145708251768,0.0625022257220541,0.0577802082851224,247.0997613030048,4125158000.0,2975471000.0,2149521000.0,4695293000.0,23504500.0,405251000.0,1918449000.0,0.8454004543831966,18.809542014336017,92.2568083967614,106.45842397336293,4.784805495604569,0.9755377577440604,0.1100680764097126,1.495647290087054,2021-10-21,92.51,bmo,2407270000.0,2025-04-25,2021-09-30,-0.065614528159118,5076.817968750001,16734.109375
2021-06-30,NVR,USD,906163,2021-08-03,2021-08-03 15:49:14,2021,Q2,2285807000.0,1721673000.0,564134000.0,0.2467986142,0,136019000.0,0.0,136019000.0,988000.0,134387000.0,1856060000.0,2209000.0,13270000.0,4835000.0,435150000.0,0.1903704031,391113000.0,0.1711049971,26352000.0,417465000.0,0.1826335294,96170000.0,321295000.0,0.140560861,88.69,82.45,3622635,3896709,https://www.sec.gov/Archives/edgar/data/906163/000090616321000084/0000906163-21-000084-index.htm,https://www.sec.gov/Archives/edgar/data/906163/000090616321000084/nvr-20210630.htm,630.9791077489176,88.69096665824738,53.21043936250823,52.2398751185256,722.7672674724338,839.799759015192,828.3219258909605,839.799759015192,444.4165641860138,18016450645.5,16994817645.5,14.018620462114258,7.881877448752235,93.46474224950975,95.20122298754002,5.922006938692195,5.922006938692195,7.434931140511863,39.05507904285879,88.1647713008788,89.80278391881467,0.0178334238148206,0.0105040667400972,0.5248316398710444,0.272731480880481,-2.3477720326324256,5.890583236080262,29.47347400150716,0.5999533139326787,0.0,0.0,0.0595058987919802,0.0,0.007102306695299,0.0182401095651632,0.0015381876072651,0.7271975180972079,0.0058530750846418,1294.549991153089,0.0601495520172089,0.0552731738064731,223.9318893567804,4157074000.0,3000708000.0,2194942000.0,4701558000.0,23271500.0,395721500.0,1901582500.0,0.9640183970037716,22.507514493170305,103.1575508241112,93.35921418068943,3.998664536117911,0.8724518882137335,0.1056096595720063,0.970564243982626,2021-07-21,72.53,bmo,2407270000.0,2025-04-25,2021-06-30,0.136770991313939,4860.402380952381,20801.650793650795
2021-03-31,NVR,USD,906163,2021-05-04,2021-05-04 15:33:03,2021,Q1,2043478000.0,1577453000.0,466025000.0,0.2280548163,0,143075000.0,0.0,143075000.0,867000.0,141489000.0,1718942000.0,2032000.0,13397000.0,5203000.0,330215000.0,0.1615945951,266425000.0,0.1303782081,45581000.0,312006000.0,0.1526838067,63244000.0,248762000.0,0.1217346113,67.72,63.21,3673000,3935000,https://www.sec.gov/Archives/edgar/data/906163/000090616321000056/0000906163-21-000056-index.htm,https://www.sec.gov/Archives/edgar/data/906163/000090616321000056/nvr-20210331.htm,556.3512115436972,67.72719847536074,89.37054179145113,88.52545603049279,755.2910427443506,829.4328886468827,818.1124421453852,829.4328886468827,435.6602232507487,17303245890.0,16115844890.0,17.389357990770296,8.467546942027269,52.71233569326567,53.21554060537469,5.679700026948896,5.679700026948896,7.886478293380208,48.80409699741078,49.09505599254245,49.56372946357726,0.0143766089658221,0.0187915031703915,0.5208532263342904,0.2726052809163264,-3.595842102872371,5.727954963261613,19.886914980965887,1.3195664932746962,0.0,0.0,0.0700154344700554,0.0,0.0071433381757309,0.0094559767012532,0.0015189789173164,0.5965788967903133,0.0070815540955175,1124.2514096526772,0.0429327725327276,0.0430441574549403,253.55928396406208,4127812000.0,3004927000.0,2226576000.0,4633612000.0,20179000.0,381734000.0,1769437000.0,0.9715348048767836,20.589703781982728,104.39694875219736,92.63692823790744,4.37111679473289,0.862094161522184,0.081654826330614,0.8450857609583446,2021-04-21,63.01,bmo,2089150000.0,2025-04-25,2021-03-31,0.0031740993493096,4487.671147540984,27042.06557377049
2020-12-31,NVR,USD,906163,2021-02-12,2021-02-12 14:29:48,2020,Q4,2346400000.0,1822121000.0,524279000.0,0.2234397375,0,133975000.0,0.0,133975000.0,1034000.0,126769000.0,1948890000.0,0.0,13174000.0,5191000.0,403330000.0,0.1718931129,336360000.0,0.1433515172,49010000.0,385370000.0,0.164238834,80366000.0,305004000.0,0.1299880668,82.08,76.93,3716000,3965000,https://www.sec.gov/Archives/edgar/data/906163/000090616321000017/0000906163-21-000017-index.htm,https://www.sec.gov/Archives/edgar/data/906163/000090616321000017/nvr-20201231.htm,631.4316469321851,82.07857911733046,93.09176533907429,92.07185145317546,747.6498923573736,835.0575888051668,823.8681377825619,835.0575888051668,431.43837459634017,15160759760.0,13972543760.0,12.426689289320796,6.461285271053529,43.82621798114642,44.31169717570929,4.885722918628431,4.885722918628431,5.954885680190931,34.64295678476682,40.3913628519147,40.83879288827056,0.0201179891264235,0.0225674046298587,0.512411563501225,0.2752314682989388,-2.946014429871321,5.9135567050653535,25.53210869895248,1.134178568149926,0.0,0.0,0.0570981077395158,0.0,0.0071973316905368,0.0109560054230781,0.0016152403682236,0.7301098054324793,0.0064903682236617,1241.8364056231892,0.0539564203227612,0.0531777100792755,261.6967841765339,4143396000.0,3061494000.0,2312587000.0,4642697000.0,19880000.0,395452500.0,1736134000.0,0.7018879986362087,19.884974708046283,84.41666607212144,128.22558609760097,4.526030398398358,1.0661401851988377,0.0982909205516852,1.019913885898816,2021-01-28,79.82,bmo,2315150000.0,2025-04-25,2020-12-31,-0.0362064645452265,4157.1809375,21837.921875
2020-09-30,NVR,USD,906163,2020-11-04,2020-11-04 14:39:32,2020,Q3,1992234000.0,1536044000.0,456190000.0,0.2289841454,0,125921000.0,0.0,125921000.0,887000.0,123933000.0,1659977000.0,2222000.0,11687000.0,5547000.0,338313000.0,0.1698158951,280954000.0,0.1410245985,40503000.0,321457000.0,0.1613550416,64991000.0,256466000.0,0.1287328697,69.19,65.11,3706000,3939000,https://www.sec.gov/Archives/edgar/data/906163/000090616320000090/0000906163-20-000090-index.htm,https://www.sec.gov/Archives/edgar/data/906163/000090616320000090/nvr-20200930.htm,537.5698866702644,69.20291419320021,56.30626011872639,55.196708041014574,691.0431732325958,787.6397733405289,776.4201295196978,787.6397733405289,433.1940097139773,15132042720.0,14164766720.0,14.750534885715846,7.595514743749981,72.51627068447459,73.97397679886977,5.183994178814406,5.183994178814406,7.109991456826859,41.8688218306716,67.88085895979796,69.24538504783462,0.0169485379301123,0.0135182674134031,0.5459862356641486,0.2897733057935388,-2.859115670991065,6.0790232902747805,24.03987336356636,0.8136400146608127,0.0,0.0,0.0632059286208347,0.0,0.0075601099652358,0.0197056610645465,0.0020640145685697,0.7413016044708851,0.0068460833416154,1107.432513572189,0.0474511226201049,0.0469860800170015,236.8504452239612,3941703000.0,2877413000.0,2136851000.0,4433624000.0,21131000.0,362536000.0,1682863000.0,0.9695096057993188,22.752356052300584,103.30872032311574,92.83043660593636,3.9556342997234224,0.8711752475348602,0.0878611219691174,1.1095520777118186,2020-10-20,59.89,bmo,1766760518.0,2025-04-25,2020-09-30,0.0871597929537485,3860.2559375,21417.96875
2020-06-30,NVR,USD,906163,2020-08-03,2020-08-03 16:12:06,2020,Q2,1622222000.0,1284493000.0,337729000.0,0.2081891381,0,121460000.0,0.0,121460000.0,679000.0,119052000.0,1403545000.0,1854000.0,9525000.0,5632000.0,224629000.0,0.1384699505,203971000.0,0.1257355652,5860000.0,209831000.0,0.1293478944,45756000.0,164075000.0,0.1011421371,44.56,42.5,3682000,3861000,https://www.sec.gov/Archives/edgar/data/906163/000090616320000075/0000906163-20-000075-index.htm,https://www.sec.gov/Archives/edgar/data/906163/000090616320000075/nvr-20200630.htm,440.5817490494297,44.56137968495383,82.08256382400869,80.80418250950571,543.4209668658337,709.5089625203693,698.2161868549701,709.5089625203693,348.5198261814231,11998717500.0,11271566500.0,18.282367057747983,7.396470704995987,39.70087979935678,40.32897677810978,4.592965236723764,4.592965236723764,6.948226876469435,50.1785900306728,37.29491145757508,37.88494425603571,0.0136743781158277,0.0247960667463001,0.4875666625325561,0.2692853307174176,-3.2371198732131647,5.797441778070676,21.414278215223096,1.8420112753314035,0.0,0.0,0.0748726129962483,0.0,0.0087906605046067,0.0155743346083089,0.0029015757399418,0.8357599431818182,0.0088976724517359,843.430916582281,0.0394378844325557,0.034995648872546,190.15175176534493,3290407000.0,2570832000.0,1858666000.0,3770150000.0,23945000.0,321420500.0,1559090000.0,1.1540282402778412,23.595192811482818,112.28445775882004,77.98769289937984,3.814336281083521,0.801535687096734,0.0628059433198132,1.2783813145029874,2020-07-22,42.0,bmo,1606187717.0,2025-04-25,2020-06-30,0.0119047619047619,3065.87126984127,32508.904761904763
2020-03-31,NVR,USD,906163,2020-05-07,2020-05-07 14:12:58,2020,Q1,1584997000.0,1294743000.0,290254000.0,0.1831258987,0,128378000.0,0.0,128378000.0,649000.0,123042000.0,1417785000.0,2469000.0,6486000.0,5622000.0,209611000.0,0.132246938,156133000.0,0.0985068111,5242000.0,161375000.0,0.1018140728,-14328000.0,175703000.0,0.1108538376,47.97,44.96,3663000,3908000,https://www.sec.gov/Archives/edgar/data/906163/000090616320000054/0000906163-20-000054-index.htm,https://www.sec.gov/Archives/edgar/data/906163/000090616320000054/nvr-20200331.htm,432.7046137046137,47.96696696696696,18.684411684411685,17.726180726180726,298.1152061152061,659.8195468195469,648.4681954681955,659.8195468195469,187.98088998089,9410649930.0,9000741930.0,13.38999608714706,5.937329805671556,137.50018161628265,144.9330817329165,3.8936554886613903,3.8936554886613903,5.67871228147435,42.94021749812748,131.5109646264666,138.62010334046911,0.0186706551945876,0.0068997359887979,0.2822138433269795,0.1754556821914622,-1.95556530907252,4.820519057308355,24.072309589885908,0.3895266443942334,0.0,0.0,0.0809957369004484,0.0,0.0106957566553304,0.051285048435879,0.0022145152325209,0.624332977588047,0.0047268228267939,843.8688903764478,0.0523680778736735,0.0456852844672944,109.07145782145784,2450309000.0,2375339000.0,1621060000.0,2942340000.0,22683500.0,306529500.0,1431464000.0,1.538179567532305,21.276678074335987,105.35496233615474,58.5107239100742,4.229983632104598,0.8542549681982529,0.0726970990753103,0.9582309582309584,2020-04-23,45.61,bmo,1613983296.0,2025-04-25,2020-03-31,-0.0142512606884454,3586.017258064516,36967.1935483871
2019-12-31,NVR,USD,906163,2020-02-19,2020-02-19 15:42:43,2019,Q4,1993427000.0,1567392000.0,426035000.0,0.2137198904,0,131493000.0,0.0,131493000.0,818000.0,124980000.0,1692372000.0,0.0,6571000.0,5449000.0,307052000.0,0.1540322269,276346000.0,0.1386286029,18956000.0,295302000.0,0.1481378551,39165000.0,256137000.0,0.128490785,69.78,64.41,3671000,3977000,https://www.sec.gov/Archives/edgar/data/906163/000090616320000026/0000906163-20-000026-index.htm,https://www.sec.gov/Archives/edgar/data/906163/000090616320000026/a201910-k.htm,543.0201579950967,69.77308635249251,97.27567420321438,95.65241078725144,310.62489784799783,637.7673658403704,626.440751838736,637.7673658403704,188.0275129392536,13980673110.0,13524047110.0,13.6456985031448,7.013386048247566,39.15069241302832,39.81509685595489,5.971472050755923,5.971472050755923,6.784320223414251,44.04481035785469,37.87198258746174,38.514686763114426,0.0183207917090052,0.0251161011517277,0.2920148433909494,0.1794517581562359,-1.4871292158982845,4.622023959926922,42.05539491705981,1.3941718689607514,0.0,0.0,0.0659632883471529,0.0,0.0109139157675635,0.016687249194201,0.0029893244146888,1.0935951550743257,0.0099587293640549,1000.6135335460898,0.0759295707036416,0.0679726715557814,97.81680740942522,2365207000.0,2299664000.0,1549643000.0,2903636000.0,23777000.0,296343000.0,1421868500.0,0.8252220924066946,17.62640105346971,77.36157897960433,109.06154940365468,5.105977092373246,1.1633681885387537,0.1094020956380454,1.6232634159629529,2020-01-28,59.0,bmo,1832707995.0,2025-04-25,2019-12-31,0.0916949152542372,3702.2540625,29349.4375
2019-09-30,NVR,USD,906163,2019-11-01,2019-11-01 15:22:36,2019,Q3,1914604000.0,1518276000.0,396328000.0,0.2070025969,0,130376000.0,0.0,130376000.0,819000.0,123680000.0,1641956000.0,3340000.0,6293000.0,5223000.0,278405000.0,0.1454112704,251782000.0,0.1315060451,15392000.0,267174000.0,0.1395453055,43387000.0,223787000.0,0.1168842225,60.94,56.11,3672000,3988000,https://www.sec.gov/Archives/edgar/data/906163/000090616319000153/0000906163-19-000153-index.htm,https://www.sec.gov/Archives/edgar/data/906163/000090616319000153/q3201910-q.htm,521.4063180827886,60.94417211328976,56.322712418300654,54.67755991285403,298.18545751633985,645.8216230936819,634.4980936819172,645.8216230936819,187.93927015250543,13650109200.0,13238992200.0,15.24899703736142,7.129468652525535,66.00090514802942,67.98675738136032,5.756001141914022,5.756001141914022,6.914741742940055,47.55299725220452,64.01307532746341,65.93911722516636,0.0163945208584851,0.01470874679889,0.2883543745469557,0.1779224891559701,-1.4766868411127674,4.731827728650148,40.00985221674877,0.9241689642383158,0.0,0.0,0.0680955435170928,0.0,0.0108186614885572,0.0292093976800746,0.0031552216541906,1.156614972238177,0.0108481962849759,941.0520407644168,0.0659413479713517,0.0588637582563321,107.0851034858388,2407570000.0,2329877000.0,1580813000.0,2937420000.0,29109500.0,297566500.0,1447088500.0,1.3761801396006694,16.93648585632652,88.70614433739321,65.39841508402787,5.313971313971314,1.0145858629328497,0.0943668807825737,1.6451525054466232,2019-10-18,51.22,bmo,1754605866.0,2025-04-25,2019-09-30,0.0954705193283873,3520.62921875,36917.203125
2019-06-30,NVR,USD,906163,2019-07-31,2019-07-31 14:07:30,2019,Q2,1802931000.0,1425388000.0,377543000.0,0.2094051298,0,133044000.0,0.0,133044000.0,681000.0,127211000.0,1552599000.0,2737000.0,6301000.0,5084000.0,255829000.0,0.141896168,225683000.0,0.1251756168,19029000.0,244712000.0,0.1357300973,34503000.0,210209000.0,0.1165929256,58.2,53.09,3612000,3959000,https://www.sec.gov/Archives/edgar/data/906163/000090616319000116/0000906163-19-000116-index.htm,https://www.sec.gov/Archives/edgar/data/906163/000090616319000116/q2201910-q.htm,499.1503322259136,58.19739756367663,20.698781838316723,19.199889258028797,244.27436323366555,586.7771317829457,575.265503875969,586.7771317829457,191.47923588039868,12164313000.0,11967316000.0,14.466926963165232,6.746965358075268,162.70281151356266,175.40465753424658,5.739402266354446,5.739402266354446,6.637700499908205,46.77857475110328,160.06789363864962,172.56403749098774,0.0172807950601073,0.0057011028900686,0.3233506602454706,0.1901960457810193,-0.7700338898248439,4.285756555547379,35.8170131725123,0.3556650761860814,0.0,0.0,0.0737931734492335,0.0,0.0115396143470876,0.0724145310577283,0.0030028880750289,1.0649095200629426,0.0103037775710773,876.5559283023726,0.0656947078914347,0.0590199513709899,32.97044573643411,2143207000.0,2077859000.0,1311678000.0,2679886000.0,29715500.0,296269000.0,1339448500.0,1.444797388252795,19.53693310172388,88.25352816215656,62.29247140932177,4.606659578112527,1.0197892579958332,0.099181434332387,1.4988925802879292,2019-07-19,44.82,bmo,1527581934.0,2025-04-25,2019-06-30,0.1845158411423472,3207.180793650793,24387.26984126984
2019-03-31,NVR,USD,906163,2019-05-01,2019-05-01 16:06:31,2019,Q1,1689844000.0,1338806000.0,351038000.0,0.2077339683,0,132492000.0,0.0,132492000.0,539000.0,126755000.0,1465561000.0,2833000.0,6215000.0,5062000.0,229662000.0,0.1359072198,194403000.0,0.1150419802,24204000.0,218607000.0,0.1293651958,30201000.0,188406000.0,0.1114931319,52.23,47.64,3607000,3955000,https://www.sec.gov/Archives/edgar/data/906163/000090616319000070/0000906163-19-000070-index.htm,https://www.sec.gov/Archives/edgar/data/906163/000090616319000070/q1201910-q.htm,468.4901580260605,52.233434987524255,63.170224563349045,61.70501802051567,226.35237039090657,526.4141946215692,514.8866093706681,526.4141946215692,191.36401441641257,9980532930.0,9848114930.0,13.243385202700551,5.906185973379792,43.802123850694514,44.84222011052702,5.2562982310709625,5.2562982310709625,5.827824893895532,42.880907289843336,43.220973557745054,44.24727020712585,0.018877348666791,0.0223004123688613,0.3602504982156926,0.2034140891544503,-0.5765777533941183,4.039711230986968,31.279646017699115,1.2093829283568465,0.0,0.0,0.078404870508757,0.0,0.0123648027177586,0.0231945754975752,0.003127507627923,1.044053733702094,0.0114407010351251,786.5554565659708,0.0614746698770606,0.0567284447055288,4.410451899085112,1937287000.0,1857196000.0,1110618000.0,2452362000.0,24564500.0,285846000.0,1267139500.0,1.62377118834638,19.03241395691385,86.12540577200879,55.42652847021779,4.728774826133181,1.044987819717773,0.0992249744045637,1.4652065428333796,2019-04-22,34.45,bmo,1226518345.0,2025-04-25,2019-03-31,0.3828737300435412,2631.79262295082,25539.63934426229
2018-12-31,NVR,USD,906163,2019-02-13,2019-02-13 16:40:11,2018,Q4,1997771000.0,1590735000.0,407036000.0,0.2037450739,0,128905000.0,0.0,128905000.0,722000.0,124047000.0,1714782000.0,0.0,6273000.0,5115000.0,288567000.0,0.1444444834,261088000.0,0.1306896536,16350000.0,277438000.0,0.1388737748,45280000.0,232158000.0,0.1162085144,64.46,58.57,3601000,3964000,https://www.sec.gov/Archives/edgar/data/906163/000090616319000029/0000906163-19-000029-index.htm,https://www.sec.gov/Archives/edgar/data/906163/000090616319000029/nvr201810-k.htm,554.7822826992502,64.47042488197722,64.23521244098862,62.889197445154124,197.68814218272703,502.2388225492919,490.3971119133574,502.2388225492919,167.71841155234657,8775600990.0,8661406990.0,9.450030787222495,4.392696154864597,37.9385372507144,38.75053425710047,4.85225333165244,4.85225333165244,4.335535449258198,30.015237327899587,37.44485558404053,38.24628634131694,0.0264549402672876,0.0258060958170341,0.3304730498595016,0.1887851069495153,-0.3957278552294614,3.961745547466867,41.62091503267974,0.9963516226018488,0.0,0.0,0.064524412457684,0.0,0.0134690152950172,0.0209544725499435,0.0024262040043628,0.947605083088954,0.0120188950585427,853.5454770218622,0.0858626014267424,0.0743312102522627,-1.3774645931685645,1840559000.0,1765920000.0,1104632000.0,2285888000.0,22502000.0,304158500.0,1337090000.0,0.8397809358530082,16.326773472640006,70.89798112193421,107.17080628721637,5.512418001684149,1.2694296590083871,0.1283660720506126,1.3460149958344905,2019-01-25,50.67,bmo,1733136335.0,2025-04-25,2018-12-31,0.1559107953424116,2364.1539682539683,35215.8253968254
2018-09-30,NVR,USD,906163,2018-10-31,2018-10-31 17:19:18,2018,Q3,1855769000.0,1472649000.0,383120000.0,0.2064481086,0,130712000.0,0.0,130712000.0,659000.0,127872000.0,1600521000.0,3362000.0,6197000.0,5029000.0,260707000.0,0.1404846185,230164000.0,0.1240262123,19546000.0,249710000.0,0.1345587732,53894000.0,195816000.0,0.1055174432,54.21,48.28,3612000,4056000,https://www.sec.gov/Archives/edgar/data/906163/000090616318000123/0000906163-18-000123-index.htm,https://www.sec.gov/Archives/edgar/data/906163/000090616318000123/q3201810-q.htm,513.7787929125138,54.21262458471761,89.2483388704319,87.70708748615725,168.84551495016612,465.7574750830565,454.2458471760797,465.7574750830565,167.1439645625692,8951077800.0,8938734800.0,11.42791932222086,4.823379310679292,27.766903354892747,28.254843149262307,5.320687552160236,5.320687552160236,4.816728159593139,34.28651628072894,27.728614458765684,28.21588141339276,0.0218762482435355,0.0353921624946662,0.3551811906918795,0.1933855110794372,-0.0473443367458487,3.740583897967318,37.14119735355818,1.646264860889815,0.0,0.0,0.0704354906241024,0.0,0.0134570815221454,0.0172692444899415,0.0029998345699276,1.106979518791012,0.0127095559846079,753.7397035745055,0.0737434692048255,0.064238973073997,-18.640573089701,1760288000.0,1640736000.0,995085000.0,2182981000.0,28271000.0,322855000.0,1427342500.0,1.2785373610616406,19.540949676399467,86.84778246547549,70.39293707089482,4.605712695156125,1.0362958897169037,0.1163966817173468,1.54125138427464,2018-10-18,50.94,bmo,1961738649.0,2025-04-25,2018-09-30,-0.0522182960345503,2760.9573015873016,26043.492063492064
2018-06-30,NVR,USD,906163,2018-07-30,2018-07-30 17:02:53,2018,Q2,1790220000.0,1416797000.0,373423000.0,0.2085905643,0,128313000.0,0.0,128313000.0,641000.0,126149000.0,1542946000.0,2915000.0,6329000.0,4988000.0,252621000.0,0.1411117069,229313000.0,0.1280920781,12273000.0,241586000.0,0.1349476601,38412000.0,203174000.0,0.1134910793,55.9,49.05,3635000,4142000,https://www.sec.gov/Archives/edgar/data/906163/000090616318000106/0000906163-18-000106-index.htm,https://www.sec.gov/Archives/edgar/data/906163/000090616318000106/q2201810-q.htm,492.4951856946355,55.893810178817056,25.15048143053645,23.461898211829435,118.72077028885832,442.2478679504814,430.8090784044017,442.2478679504814,166.0803301237964,10797222250.0,10963045250.0,13.285684007304084,6.03122646937248,118.10310702019208,126.6031406828948,6.71648235132383,6.71648235132383,6.12385363251444,43.39720470586372,119.91692645096366,128.54750304863748,0.0188172471859602,0.0078986982045312,0.3715997613791241,0.1985026890787018,0.6564101955102704,3.669965118007394,36.232106177911206,0.4499689920954453,0.0,0.0,0.0716744310755102,0.0,0.013816730605321,0.0671392006300452,0.0034286288836008,1.2305533279871692,0.0103869915429388,745.7718576228538,0.0811334725411686,0.0684591189140832,-63.50268225584594,1688534000.0,1565991000.0,919128000.0,2098184000.0,26276500.0,312810000.0,1389003500.0,1.5171934175687904,20.706523235156485,91.06833935983772,59.32005699327347,4.346456378886142,0.988268816941787,0.126385708625,1.688583218707015,2018-07-20,47.21,bmo,1725739653.0,2025-04-25,2018-06-30,0.0389747934759584,3060.28046875,29672.8125
2018-03-31,NVR,USD,906163,2018-05-01,2018-05-01 12:35:49,2018,Q1,1531507000.0,1211946000.0,319561000.0,0.2086578775,0,124782000.0,0.0,124782000.0,524000.0,122805000.0,1334751000.0,2093000.0,6282000.0,5036000.0,202041000.0,0.1319230013,174577000.0,0.1139903376,16421000.0,190998000.0,0.1247124564,24949000.0,166049000.0,0.1084219661,45.19,39.34,3675000,4220000,https://www.sec.gov/Archives/edgar/data/906163/000090616318000026/0000906163-18-000026-index.htm,https://www.sec.gov/Archives/edgar/data/906163/000090616318000026/q1201810-q.htm,416.7365986394558,45.18340136054422,21.23210884353741,20.38503401360544,115.80027210884354,399.13142857142856,387.81714285714287,399.13142857142856,164.218231292517,10290000000.0,10461654000.0,15.492414889580786,6.718872326407911,131.87573691495362,137.35566975906028,7.015233077539801,7.015233077539801,6.830954086399866,51.77985656376677,134.0756395140206,139.6469865847961,0.0161369290573372,0.0072803692905733,0.4071562194915762,0.2098406044837345,0.8495998336971209,3.5153339592645687,27.790035020694045,0.4699094845497413,0.0,0.0,0.0814766109459506,0.0,0.014609645247034,0.0398959347926385,0.002032638440438,0.6181493248610008,0.0062089170993015,636.99890069519,0.0680134578341768,0.0592083751562229,-72.03115646258503,1545801000.0,1425228000.0,781095000.0,1955509000.0,21200000.0,297225500.0,1295295500.0,1.314822589775953,22.25252610264814,99.83553722690615,68.45029945472423,4.044484638950256,0.9014826032883266,0.1132043184929452,0.8470748299319728,2018-04-19,31.79,bmo,1239599898.0,2025-04-25,2018-03-31,0.1915696759987418,3179.295573770492,35596.65573770492
2017-12-31,NVR,USD,906163,2018-02-14,2018-02-14 17:37:19,2017,Q4,1819018000.0,1438307000.0,380711000.0,0.2092947953,0,116000000.0,0.0,116000000.0,650000.0,113728000.0,1552035000.0,0.0,6315000.0,5580000.0,272895000.0,0.1500232543,247797000.0,0.1362256998,13521000.0,261318000.0,0.1436588313,136699000.0,124619000.0,0.0685089427,33.39,28.88,3732000,4315000,https://www.sec.gov/Archives/edgar/data/906163/000090616318000007/0000906163-18-000007-index.htm,https://www.sec.gov/Archives/edgar/data/906163/000090616318000007/a201710-k.htm,487.4110396570203,33.392015005359056,61.12754555198285,59.895230439442656,178.66934619506966,430.1961414790997,418.728563772776,430.1961414790997,161.67765273311898,13092677040.0,13022949040.0,26.26541105288921,7.197662167169319,57.39180214616355,58.5726104442824,8.154931348147484,8.154931348147484,7.159329396410591,47.72146444603236,57.08614917940805,58.260668817021504,0.0095182214927681,0.0170728262308072,0.3718897384726924,0.1997357891317605,-0.2555121933344326,3.623756062624079,39.239429928741096,1.830603680016691,0.0,0.0,0.0637706718680079,0.0,0.014316830245688,0.0201597348856782,0.002528287240698,0.8241935483870968,0.0065331953834431,568.520105413298,0.0502301585782821,0.0422941663991159,-21.13451232583065,1670514000.0,1562695000.0,923415000.0,2090067000.0,20237000.0,297824500.0,1311379000.0,0.99083131667746,18.44649994750773,77.97911711477452,90.83281733746132,4.878974345057785,1.1541551549953095,0.077620442829986,1.232315112540193,2018-01-25,48.95,bmo,2012861644.0,2025-04-25,2017-12-31,-0.11317671092952,3254.5539682539684,29033.85714285714
2017-09-30,NVR,USD,906163,2017-10-30,2017-10-30 14:26:36,2017,Q3,1669873000.0,1307971000.0,361902000.0,0.2167242659,0,113616000.0,0.0,113616000.0,583000.0,111901000.0,1419872000.0,1953000.0,6120000.0,5593000.0,255878000.0,0.1532320123,231864000.0,0.1388512779,12600000.0,244464000.0,0.1463967619,82362000.0,162102000.0,0.0970744482,43.26,38.02,3747000,4263000,https://www.sec.gov/Archives/edgar/data/906163/000090616317000009/0000906163-17-000009-index.htm,https://www.sec.gov/Archives/edgar/data/906163/000090616317000009/q3201710-q.htm,445.6559914598345,43.26180944755804,42.97971710701895,41.40886042167067,167.30290899386176,440.5326928209234,440.1155591139578,440.5326928209234,160.93755004003202,10697685000.0,10667714000.0,16.498385275937373,6.406286585866111,66.42668198329659,68.94659671691619,6.480790294400597,6.480790294400597,6.388338514366063,41.690626001453815,66.24057872023347,68.75343357459123,0.0151529980551867,0.0145039791319336,0.3616173010330313,0.1957405629951818,-0.1171300385339888,3.5931583069772386,37.88627450980392,0.993479414196,0.0,0.0,0.0680387071352132,0.0,0.0005125411910302,0.0365487907106709,0.0035248189532976,1.0523869122116931,0.0067136842143085,654.8361869776014,0.0637987907764069,0.0531839782043525,-18.237389911929544,1658680000.0,1649113000.0,899482000.0,2031693000.0,21279000.0,301338000.0,1370755000.0,1.1020718342053557,20.70128466151008,94.71946243456468,81.66436815336463,4.347556273516546,0.950174311453414,0.0982034027271251,1.5708566853482786,2017-10-19,36.26,bmo,1594791478.0,2025-04-25,2017-09-30,0.0485383342526201,2679.5753968253966,24549.85714285714
2017-06-30,NVR,USD,906163,2017-07-28,2017-07-28 14:17:36,2017,Q2,1546046000.0,1218083000.0,327963000.0,0.2121301695,0,115034000.0,0.0,115034000.0,506000.0,113587000.0,1331670000.0,1554000.0,5914000.0,5795000.0,220404000.0,0.1425597945,196978000.0,0.1274075933,11990000.0,208968000.0,0.1351628606,61091000.0,147877000.0,0.0956485124,39.46,35.19,3748000,4202000,https://www.sec.gov/Archives/edgar/data/906163/000156459017014370/0001564590-17-014370-index.htm,https://www.sec.gov/Archives/edgar/data/906163/000156459017014370/nvr-10q_20170630.htm,412.4989327641409,39.45490928495197,18.502668089647813,17.269210245464247,140.90554962646746,409.7590715048025,409.25,409.7590715048025,160.79882604055496,9034966280.0,9103612280.0,15.274461680991635,5.843918149912745,130.28445348099442,139.5900545384318,5.882993611702742,5.882993611702742,5.888319157386003,41.30420627574817,131.27433062236835,140.6506339127076,0.0163671889210415,0.0071638341521292,0.3885720387790675,0.2045038410438071,0.3114553274895192,3.5095262524481097,33.30706797429828,0.4689573091150077,0.0,0.0,0.0744052893639646,0.0,0.0006538530208317,0.0666637826613601,0.0029902085707669,0.7977566867989646,0.0070360131587287,603.123252234096,0.0606522309632522,0.0507091642865544,-41.39220917822839,1555570000.0,1533869000.0,793126000.0,1921413000.0,20993000.0,269322500.0,1298692500.0,1.2870897761127418,22.30074633666179,100.85157579573806,69.9251922207146,4.035739371289228,0.8924005330594285,0.0962880678640193,1.2334578441835646,2017-07-21,28.89,bmo,1270864450.0,2025-04-25,2017-06-30,0.218068535825545,2254.25,33024.4126984127
2017-03-31,NVR,USD,906163,2017-04-28,2017-04-28 14:38:33,2017,Q1,1278753000.0,1026017000.0,252736000.0,0.1976425471,0,116150000.0,0.0,116150000.0,309000.0,115048000.0,1141065000.0,1661000.0,5836000.0,5699000.0,143438000.0,0.1121702158,122768000.0,0.0960060309,9393000.0,132161000.0,0.1033514682,29238000.0,102923000.0,0.0804870057,27.78,25.12,3705000,4097000,https://www.sec.gov/Archives/edgar/data/906163/000156459017007726/0001564590-17-007726-index.htm,https://www.sec.gov/Archives/edgar/data/906163/000156459017007726/nvr-10q_20170331.htm,345.14251012145746,27.77948717948718,29.79298245614035,28.4,132.9422402159244,379.93819163292846,379.3298245614035,379.93819163292846,162.60269905533065,7805990400.0,7910046400.0,18.96075318441942,6.104376998529036,70.7173242256507,74.18591549295775,5.545323019370294,5.545323019370294,6.185750023655858,55.146100754332885,71.66000561680694,75.17483416015662,0.0131851302302395,0.0134796476306196,0.4238255956114745,0.2175572393819929,0.7254423513992108,3.349805314176791,21.03632625085675,1.0724813695675408,0.0,0.0,0.0908306764480709,0.0,0.0008219380891726,0.0467553880579437,0.0040359631609857,0.9055974732409194,0.0082807234860837,487.315075467557,0.0444144932185129,0.0375625217834013,-56.93738191632929,1385605000.0,1405417000.0,640645000.0,1762996000.0,19406500.0,260216000.0,1162267000.0,1.3988940788408708,20.77342773072961,108.10645437648697,64.33653652646407,4.332457847910447,0.8325127349618722,0.0731158061791427,1.3929824561403508,2017-04-20,21.03,bmo,1071759792.0,2025-04-25,2017-03-31,0.1944840703756538,1894.2867741935484,26932.83870967742
2016-12-31,NVR,USD,906163,2017-02-15,2017-02-15 15:26:26,2016,Q4,1755224000.0,1413440000.0,341784000.0,0.1947238643,0,108050000.0,0.0,108050000.0,512000.0,107453000.0,1520893000.0,0.0,6181000.0,5678000.0,240227000.0,0.1368640128,214150000.0,0.1220072196,14512000.0,228662000.0,0.1302751102,77771000.0,150891000.0,0.0859668054,40.25,37.8,3749000,3992000,https://www.sec.gov/Archives/edgar/data/906163/000156459017001623/0001564590-17-001623-index.htm,https://www.sec.gov/Archives/edgar/data/906163/000156459017001623/nvr-10k_20161231.htm,468.1845825553481,40.24833288877034,78.14803947719392,76.58602293945052,105.4694585222726,347.9437183248866,347.25046679114433,347.9437183248866,160.74579887970123,6257081000.0,6458131000.0,10.366889012598495,3.564833320419502,21.356901736313773,21.792488184423988,4.796752785292704,4.796752785292704,3.679377105144414,26.883451901742937,22.04313307870584,22.49271561467117,0.0241152383995029,0.0458873714436492,0.4572495038104445,0.2255929874433753,0.8369167495743609,3.024782099543984,34.64649733052904,1.941646619082649,0.0,0.0,0.0615590944517622,0.0,0.0009830015246168,0.0199879171402533,0.0033363263036512,1.031349066572737,0.0063461985478776,561.3318791394028,0.0698494833797128,0.057126599185869,-102.3857695385436,1257007000.0,1301842000.0,538316000.0,1644353000.0,16429000.0,297936000.0,1204415000.0,0.9710042706799816,18.05877150781073,69.53885555807109,92.68754290542324,4.983727711548565,1.2942404541708634,0.1156748369608131,1.5620165377433983,2017-01-25,33.09,bmo,1537459444.0,2025-04-25,2016-12-31,0.1423390752493198,1596.5631746031745,27395.96825396825
2016-09-30,NVR,USD,906163,2016-10-28,2016-10-28 12:18:13,2016,Q3,1539569000.0,1242292000.0,297277000.0,0.1930910534,0,107826000.0,0.0,107826000.0,473000.0,107123000.0,1349415000.0,2000000.0,5624000.0,5657000.0,195998000.0,0.127307058,172995000.0,0.1123658634,12008000.0,185003000.0,0.1201654489,67611000.0,117392000.0,0.0762499115,30.43,28.46,3858000,4125000,https://www.sec.gov/Archives/edgar/data/906163/000156459016026452/0001564590-16-026452-index.htm,https://www.sec.gov/Archives/edgar/data/906163/000156459016026452/nvr-10q_20160930.htm,399.05883877656817,30.4282011404873,22.704510108864696,21.47589424572317,67.70813893208917,336.7389839294971,335.9756350440643,336.7389839294971,156.02047693105237,6326618460.0,6661703460.0,13.473274286152376,4.109343887802366,72.22661894650318,76.35863639655297,4.869854926993956,4.869854926993956,4.326992463475167,33.98862978193655,76.05205219535584,80.4029191107249,0.0185552520263723,0.0130960955720411,0.4589986136972256,0.2239033559425897,1.709634792191757,3.022374441682168,30.760135135135137,0.7461666893825815,0.0,0.0,0.0700364842368221,0.0,0.0011058059128512,0.0541132954311939,0.0030787837375265,0.8378999469683578,0.0071974689020108,480.1490753236189,0.0538063489465925,0.0441278350964995,-112.50732244686364,1260095000.0,1296194000.0,519095000.0,1645621000.0,15692500.0,309816000.0,1282172000.0,0.8137926913311452,22.62229008960856,95.39279010087806,110.59327634509016,3.978377062777613,0.9434675294099778,0.0903613855022441,1.228615863141524,2016-10-20,29.46,bmo,1594835628.0,2025-04-25,2016-09-30,-0.0339443312966734,1703.91671875,23475.0625
2016-06-30,NVR,USD,906163,2016-07-28,2016-07-28 16:38:02,2016,Q2,1389620000.0,1126369000.0,263251000.0,0.1894409983,0,114879000.0,0.0,114879000.0,409000.0,114126000.0,1240495000.0,1437000.0,4814000.0,5487000.0,154761000.0,0.1113692952,136082000.0,0.097927491,8638000.0,144720000.0,0.1041435788,53044000.0,91676000.0,0.0659719923,23.51,22.01,3900000,4165000,https://www.sec.gov/Archives/edgar/data/906163/000156459016021704/0001564590-16-021704-index.htm,https://www.sec.gov/Archives/edgar/data/906163/000156459016021704/nvr-10q_20160630.htm,356.3128205128205,23.506666666666668,12.864358974358977,11.238205128205127,93.12871794871796,348.10282051282053,347.25897435897434,348.10282051282053,154.09358974358975,6943326000.0,7176275000.0,18.93441576857629,4.996564528432233,138.3932152040023,158.4185356727281,5.114408430753954,5.114408430753954,5.164199565348801,46.37004800951144,143.03631579996411,163.73348696068814,0.0132034704981445,0.0063123926487104,0.4391209199168239,0.220925621770337,1.5052177228113026,3.156979463483081,28.26796842542584,0.5472642785461844,0.0,0.0,0.0826693628473971,0.0,0.0012196007743779,0.1264076857148552,0.0045638375958895,1.1558228540185893,0.007792777881723,429.0822552486071,0.0411377500304041,0.0340153899640574,-87.36307692307692,1300499000.0,1354310000.0,562602000.0,1683940000.0,15646500.0,285366500.0,1254374500.0,1.1310718038024783,24.55979346022485,99.68781101042376,79.57054512139258,3.6645259312036593,0.9028184999527096,0.0675279408309216,1.626153846153846,2016-07-21,26.01,bmo,1643557837.0,2025-04-25,2016-06-30,-0.1537870049980776,1709.50875,25490.75
2016-03-31,NVR,USD,906163,2016-04-29,2016-04-29 14:39:45,2016,Q1,1145700000.0,925760000.0,219940000.0,0.1919699747,0,112565000.0,0.0,112565000.0,258000.0,111798000.0,1037558000.0,1674000.0,5088000.0,5447000.0,113601000.0,0.0991542289,98496000.0,0.0859701493,4816000.0,103312000.0,0.0901736929,38009000.0,65303000.0,0.0569983416,16.81,15.79,3884000,4135000,https://www.sec.gov/Archives/edgar/data/906163/000156459016017128/0001564590-16-017128-index.htm,https://www.sec.gov/Archives/edgar/data/906163/000156459016017128/nvr-10q_20160331.htm,294.97940267765193,16.81333676622039,-11.914778578784755,-13.31307929969104,81.87100926879506,323.49716786817714,322.56101956745624,323.49716786817714,154.75978372811534,6728641600.0,7006653600.0,25.759312742140484,5.872952430828315,-145.39926097197315,-130.1276707666125,5.355224626590676,5.355224626590676,6.115609321811992,61.67774579449125,-151.406824124295,-135.5042469250406,0.009705227872443,-0.0076847606209253,0.4743466381421498,0.2344928552346486,2.447267189549388,3.16748098685298,19.358490566037737,-0.7086504448493943,0.0,0.0,0.098249978179279,0.0,0.0014305661949653,-0.1173585150290641,0.0047403334206162,0.997062603267854,0.0092074714148555,349.82710528408074,0.0314595199511484,0.0257299503746037,-84.00148043254377,1219505000.0,1252827000.0,496954000.0,1575185000.0,12655500.0,261545000.0,1133830500.0,1.086331500392773,25.60337452471483,122.60429268924992,82.84763901945188,3.515161640631526,0.7340689141130807,0.0519736753091814,1.398300720906282,2016-04-21,14.96,bmo,1086423812.0,2025-04-25,2016-03-31,0.0554812834224597,1617.322786885246,26944.55737704918
2015-12-31,NVR,USD,906163,2016-02-17,2016-02-17 16:03:38,2015,Q4,1557407000.0,1238588000.0,318819000.0,0.204711421,0,106914000.0,0.0,106914000.0,402000.0,106448000.0,1345036000.0,0.0,5604000.0,5352000.0,217940000.0,0.1399377298,198042000.0,0.127161365,9127000.0,207169000.0,0.133021747,73165000.0,134004000.0,0.0860430189,34.23,31.92,3915000,4198000,https://www.sec.gov/Archives/edgar/data/906163/000156459016012809/0001564590-16-012809-index.htm,https://www.sec.gov/Archives/edgar/data/906163/000156459016012809/nvr-10k_20151231.htm,397.8051085568327,34.22835249042146,47.97164750957855,46.74329501915709,108.38467432950192,316.51724137931035,315.5001277139208,316.51724137931035,154.49910600255427,6432345000.0,6607279000.0,12.00028543924062,4.130163149388696,34.24939699375429,35.149426229508194,5.190870465192287,5.190870465192287,4.242487031328356,30.31696338441773,35.18084330356905,36.10534972677596,0.0208328377908834,0.0284499665363098,0.4835998434429636,0.238261943413683,0.8026704597595669,3.1142996530214355,35.33940042826553,1.401517865138354,0.0,0.0,0.0686487218819486,0.0,0.0015832177329928,0.025605801638899,0.0030878248267793,0.898542600896861,0.0091286349682517,493.7225267421004,0.0657130404942046,0.0533636196020228,-86.78556832694764,1196146000.0,1235183000.0,485921000.0,1548736000.0,10666000.0,277699000.0,1083990500.0,0.6635259761899105,18.87271635119992,73.1375889319128,135.63900017418567,4.768788886835458,1.2305573825216636,0.1081405623948384,1.228352490421456,2016-01-26,29.68,bmo,1448945614.0,2025-04-25,2015-12-31,0.0754716981132076,1636.5384375,29258.296875
2015-09-30,NVR,USD,906163,2015-11-06,2015-11-06 14:06:58,2015,Q3,1404323000.0,1111672000.0,292651000.0,0.2083929409,0,102580000.0,0.0,102580000.0,363000.0,101937000.0,1213609000.0,1972000.0,6081000.0,5441000.0,196337000.0,0.1398090041,174774000.0,0.1244542744,10222000.0,184996000.0,0.1317332266,68526000.0,116470000.0,0.0829367603,28.75,27.11,4050000,4296000,https://www.sec.gov/Archives/edgar/data/906163/000156459015009895/0001564590-15-009895-index.htm,https://www.sec.gov/Archives/edgar/data/906163/000156459015009895/nvr-10q_20150930.htm,346.7464197530864,28.758024691358024,13.82493827160494,12.61925925925926,95.380987654321,306.29382716049383,305.22543209876545,306.29382716049383,149.46123456790124,6177141000.0,6390085000.0,13.259081737786556,4.398661134226243,110.32381989962671,120.86446348908194,4.979597578376287,4.979597578376287,4.550295765290464,32.54651441144563,114.1270025539819,125.03101275729829,0.0188550010433629,0.008273730517079,0.4830647566687357,0.2331042890563671,1.0845841588696985,3.0351036846930035,28.74099654662062,0.4807332360264446,0.0,0.0,0.0730458733496496,0.0,0.0016832109144577,0.0872104445357289,0.0034771202921265,0.8974453225510016,0.0096637312071368,445.18436910629583,0.0558040759614312,0.0453834329233484,-87.8479012345679,1218789000.0,1236163000.0,487480000.0,1547206000.0,12918500.0,289111500.0,1123273000.0,0.6312650294839578,23.937186508250637,94.03038845990544,142.57086294416243,3.7598403625663743,0.9571373837126708,0.0938903175358124,1.205679012345679,2015-10-20,26.64,bmo,1380936628.0,2025-04-25,2015-09-30,0.0176426426426426,1493.76046875,30583.234375
2015-06-30,NVR,USD,906163,2015-07-30,2015-07-30 08:51:01,2015,Q2,1244936000.0,986854000.0,258082000.0,0.2073054358,0,104807000.0,0.0,104807000.0,243000.0,103685000.0,1090539000.0,1303000.0,5956000.0,5460000.0,159961000.0,0.128489336,143065000.0,0.114917554,5619000.0,148684000.0,0.119431039,55289000.0,93395000.0,0.0750199207,22.97,21.91,4066000,4262000,https://www.sec.gov/Archives/edgar/data/906163/000156459015005833/0001564590-15-005833-index.htm,https://www.sec.gov/Archives/edgar/data/906163/000156459015005833/nvr-10q_20150630.htm,306.18199704869653,22.96974913920315,-9.54402361042794,-10.452041318248892,121.92105263157896,313.54672897196264,312.39744220364,313.54672897196264,148.83644859813083,5448440000.0,5551922000.0,14.58439959312597,4.376482003894176,-140.4019996907695,-128.20462139394797,4.273685151790637,4.273685151790637,4.459604349139233,34.70797256831353,-143.06864917796216,-130.63960656972094,0.0171416038352262,-0.0078000308345141,0.4700148484446784,0.2308007557097104,0.6469201867955314,3.190066774245492,24.020315648085965,-0.4155040419722683,0.0,0.0,0.0841866569847767,0.0,0.0017999141063886,-0.0951399268154409,0.0029656142966385,0.6761904761904762,0.0103651914636575,402.5506408240251,0.0446541537849453,0.0360381113783887,-66.67172897196262,1278469000.0,1270208000.0,540873000.0,1590665000.0,13005500.0,250299500.0,1019836000.0,1.1557461588386873,25.768523003402738,98.95910641290403,77.8717708137862,3.4926332404893947,0.9094665793007224,0.0732578177884837,0.9080177078209544,2015-07-21,19.09,bmo,1085890780.0,2025-04-25,2015-06-30,0.1477213200628601,1349.271746031746,25862.20634920635
2015-03-31,NVR,USD,906163,2015-05-01,2015-05-01 09:58:24,2015,Q1,958827000.0,781668000.0,177159000.0,0.1847663864,0,109708000.0,0.0,109708000.0,105000.0,108983000.0,890651000.0,1078000.0,5918000.0,5281000.0,73426000.0,0.0765789866,62366000.0,0.065044059,-3000.0,62363000.0,0.0650409302,23305000.0,39058000.0,0.04073519,9.63,9.22,4057000,4235000,https://www.sec.gov/Archives/edgar/data/906163/000156459015003154/0001564590-15-003154-index.htm,https://www.sec.gov/Archives/edgar/data/906163/000156459015003154/nvr-10q_20150331.htm,236.33892038452052,9.62731082080355,-0.3951195464629036,-1.6011831402514174,130.87700271136308,287.21641607098843,285.9792950456002,287.21641607098843,149.15134335716047,5390373620.0,5458594620.0,34.50236584054483,5.621841708671115,-3362.67849033063,-829.7988947044335,4.625989064885513,4.625989064885513,5.692992187328892,74.34144063410781,-3405.2368184653774,-840.3008959359606,0.0072458799247388,-0.0012051112701905,0.5142207121812987,0.2521697008670386,0.929112303543704,3.397595024529432,10.538357553227442,-0.0410415279840237,0.0,0.0,0.114418972348505,0.0,0.0021122546119032,-3.052401746724891,0.0051031103629747,0.9265290664646848,0.0139743665958509,249.42982677084635,0.0206623280065099,0.0164724190939705,-48.09477446388957,1164615000.0,1160218000.0,439461000.0,1470712000.0,10022500.0,224232500.0,912033500.0,0.9408996617742303,25.10546677105881,109.90892552848524,95.65313248204308,3.5848765856745826,0.8188597929353297,0.0335193612973154,1.2060635937885136,2015-04-21,9.9,bmo,1030480477.0,2025-04-25,2015-03-31,-0.0686868686868686,1308.447213114754,26536.786885245903
2014-12-31,NVR,USD,906163,2015-02-19,2015-02-19 15:22:09,2014,Q4,1329596000.0,1070601000.0,258995000.0,0.1947922527,0,102707000.0,0.0,102707000.0,285000.0,102208000.0,1172809000.0,0.0,5848000.0,5031000.0,161951000.0,0.1218046685,145775000.0,0.1096385669,5449000.0,151224000.0,0.1137368043,51773000.0,99451000.0,0.0747979085,24.22,23.24,4106000,4279000,https://www.sec.gov/Archives/edgar/data/906163/000156459015000764/0001564590-15-000764-index.htm,https://www.sec.gov/Archives/edgar/data/906163/000156459015000764/nvr-10k_20141231.htm,323.8178275694106,24.22089624939113,55.14125669751583,54.082318558207504,132.71748660496834,273.8078421821724,272.5014612761812,273.8078421821724,147.36434486117875,5236504980.0,5290796980.0,13.163530230968014,3.938418120993144,23.12841738439115,23.58127450892093,4.657755562572548,4.657755562572548,3.97925157717081,32.66912201838828,23.368212446446712,23.825764786411003,0.0189918658303271,0.0424065289440439,0.5330018545614651,0.2548467147386484,0.3352372013757247,3.1282376534029304,24.927325581395348,2.2765985259072306,0.0,0.0,0.077246772703889,0.0,0.0022812572432256,0.0192040987588887,0.0032701662760718,0.8642417014510038,0.0138034410452498,386.2862993942334,0.0523797523206641,0.0423922546357137,-58.42261324890404,1109014000.0,1118891000.0,403029000.0,1415243000.0,10743000.0,240429000.0,941609500.0,0.6783188276739702,19.370157509660466,73.09328125043784,132.68096996307753,4.646322568885378,1.23130332173261,0.0884594687148378,1.0589381393083293,2015-01-26,24.16,bmo,1383066437.0,2025-04-25,2014-12-31,-0.0380794701986755,1212.1228125,33019.1875
2014-09-30,NVR,USD,906163,2014-10-30,2014-10-30 16:50:00,2014,Q3,1204539000.0,960055000.0,244484000.0,0.2029689367,0,96063000.0,0.0,96063000.0,240000.0,95158000.0,1055213000.0,1373000.0,5775000.0,4657000.0,154066000.0,0.1279045344,142129000.0,0.1179945191,1662000.0,143791000.0,0.1193743,53639000.0,90152000.0,0.0748435709,21.49,20.7,4196000,4354000,https://www.sec.gov/Archives/edgar/data/906163/000119312514389808/0001193125-14-389808-index.htm,https://www.sec.gov/Archives/edgar/data/906163/000119312514389808/d787917d10q.htm,287.0683984747378,21.48522402287893,-5.905862726406101,-7.459485224022879,110.50881792183031,274.4027645376549,273.0419447092469,274.4027645376549,144.3229265967588,4741563920.0,4877672920.0,13.14880401987754,3.936413781537999,-191.3386836689399,-151.48766517571886,4.118107198752122,4.118107198752122,4.049410537973449,31.65963236534991,-196.83115774181832,-155.83619552715655,0.0190131360709358,-0.0066011975221879,0.5209372291326861,0.2485640734067223,0.8834460555865667,3.1108386870800344,24.61108225108225,-0.2748802023249623,0.0,0.0,0.0797508424384764,0.0,0.0023662744148961,-0.2630644445341188,0.0054120290003063,1.3998282155894353,0.0151369112996756,364.2130002392121,0.0476365780642894,0.0374483979585987,-67.33120829361296,1145035000.0,1145684000.0,425808000.0,1440783000.0,13330500.0,253133500.0,983119000.0,0.8566347789486268,23.477311195712744,95.03202420694647,105.0622764936764,3.8334883943794695,0.9470491736976108,0.0782981325245745,1.5536224976167778,2014-10-20,20.48,bmo,1192885797.0,2025-04-25,2014-09-30,0.0107421874999999,1144.5825,31660.921875
2014-06-30,NVR,USD,906163,2014-08-01,2014-08-01 12:33:31,2014,Q2,1102879000.0,882778000.0,220101000.0,0.1995694904,0,106200000.0,0.0,106200000.0,194000.0,105748000.0,988526000.0,825000.0,5723000.0,4216000.0,118633000.0,0.1075666506,108171000.0,0.0980805691,653000.0,108824000.0,0.0986726558,40646000.0,68178000.0,0.0618182049,15.68,15.17,4349000,4495000,https://www.sec.gov/Archives/edgar/data/906163/000119312514291128/0001193125-14-291128-index.htm,https://www.sec.gov/Archives/edgar/data/906163/000119312514291128/d742944d10q.htm,253.5936997010807,15.67670728903196,-0.2975396642906415,-3.8321453207633938,126.89330880662222,252.751207174063,251.3589330880662,252.751207174063,139.36560128765234,5003959400.0,5052478400.0,18.34887867053888,4.537178965235533,-3867.04744976816,-300.2495739829593,4.552302688736962,4.552302688736962,4.581172005269844,42.589148044810464,-3904.5428129829984,-303.1608304332173,0.0136248107848357,-0.0033305625940929,0.5461879614088235,0.2520411928651761,0.4089840095083155,3.0497699178922675,18.9011008212476,-0.0189797295315204,0.0,0.0,0.0962934283815359,0.0,0.0025419142986562,-11.879443585780525,0.0139380657352257,3.646110056925996,0.0144512679994813,298.5831551944757,0.0370744652049202,0.0286943478304786,-55.95297769602208,1135880000.0,1093160000.0,407182000.0,1402176000.0,12625500.0,230291500.0,897251500.0,1.2400635065134071,26.081891483476028,97.10872948804796,72.57692813898394,3.450669981393749,0.9267961847969302,0.0620242627693399,3.534605656472752,2014-07-21,14.88,bmo,1082404746.0,2025-04-25,2014-06-30,0.0194892473118278,1116.0507936507936,42889.79365079365
2014-03-31,NVR,USD,906163,2014-05-02,2014-05-02 16:03:55,2014,Q1,812494000.0,655152000.0,157342000.0,0.1936531224,0,102897000.0,0.0,102897000.0,59000.0,101900000.0,757052000.0,1184000.0,5794000.0,3710000.0,59101000.0,0.0727402295,54400000.0,0.0669543406,-4693000.0,49707000.0,0.0611782979,25858000.0,23849000.0,0.0293528321,5.34,5.16,4467000,4620000,https://www.sec.gov/Archives/edgar/data/906163/000119312514180134/0001193125-14-180134-index.htm,https://www.sec.gov/Archives/edgar/data/906163/000119312514180134/d700029d10q.htm,181.8880680546228,5.338929930602194,-3.533915379449295,-4.7501678979180655,196.67315871949853,296.86187597940454,295.4289232146855,296.86187597940454,135.8954555630177,5123649000.0,4846361000.0,53.709264539393686,6.30607610640817,-324.5691752185481,-241.4651491587728,3.863749753031864,3.863749753031864,5.96479604772466,82.00133669481058,-307.0037374889142,-228.39723832414344,0.0046546904364448,-0.0041413843922563,0.453404088133313,0.2381425034448914,-4.691764944755588,3.8769628636955673,9.389023127373145,-0.6619145456832571,0.0,0.0,0.1266433967512375,0.0,0.0025352975122714,-0.3441657164576207,0.0066868186103528,1.464420485175202,0.0131730203546118,188.8406920812516,0.0127542162994793,0.0094700820218936,24.268692634877997,1376106000.0,1319681000.0,655754000.0,1633710000.0,9792000.0,204108000.0,790281500.0,1.113792840316359,28.127747454025936,115.66753974650156,80.80497265042267,3.1996874313203585,0.7780921094824453,0.0179845590242534,1.216252518468771,2014-04-21,10.02,bmo,1579897674.0,2025-04-25,2014-03-31,-0.4850299401197604,1125.825737704918,48634.983606557376
2013-12-31,NVR,USD,906163,2014-02-20,2014-02-20 15:46:01,2013,Q4,1243737000.0,1001415000.0,242322000.0,0.1948337952,0,85734000.0,0.0,85734000.0,187000.0,84926000.0,1086341000.0,0.0,5763000.0,4016000.0,177462000.0,0.1426845065,149602000.0,0.1202842723,2218000.0,151820000.0,0.1220676075,54009000.0,97811000.0,0.078642832,21.74,21.15,4500000,4626000,https://www.sec.gov/Archives/edgar/data/906163/000119312514060606/0001193125-14-060606-index.htm,https://www.sec.gov/Archives/edgar/data/906163/000119312514060606/d638517d10k.htm,276.386,21.735777777777777,40.45711111111111,39.35777777777778,192.35222222222225,280.30044444444445,278.8011111111111,280.30044444444445,135.15622222222223,4617045000.0,4353900000.0,11.80093496641482,3.712235786183092,25.36043656656981,26.06879905143696,3.6603937679569225,3.6603937679569225,3.5006597053878754,24.53426649085438,23.915037598114875,24.58302749703574,0.0211847621151624,0.0383600333113495,0.4776144961913883,0.2423186391156117,-1.482824492003922,3.4993305635159038,25.95904910636821,1.8613141671182176,0.0,0.0,0.068932579797819,0.0,0.0027138368270915,0.0271728085160142,0.0039775290113585,1.231822709163347,0.0031445554807809,370.2463151170823,0.0490540272015179,0.0394494476690136,3.826277777777778,1302986000.0,1254605000.0,599524000.0,1551317000.0,11333000.0,226099500.0,827817500.0,0.6895428856743829,18.2856158535672,66.37692664879195,130.52125091824956,4.921901494635335,1.3558928462626851,0.0775445712219903,1.0993333333333333,2014-01-27,16.26,bmo,956918297.0,2025-04-25,2013-12-31,0.3007380073800736,949.38671875,36266.421875
2013-09-30,NVR,USD,906163,2013-11-01,2013-11-01 13:59:53,2013,Q3,1190363000.0,964416000.0,225947000.0,0.1898135275,0,89923000.0,0.0,89923000.0,218000.0,88893000.0,1053309000.0,1396000.0,5682000.0,3527000.0,140642000.0,0.1181505138,125312000.0,0.1052720893,6278000.0,131590000.0,0.1105461107,48655000.0,82935000.0,0.0696720244,18.08,17.67,4588000,4695000,https://www.sec.gov/Archives/edgar/data/906163/000119312513422661/0001193125-13-422661-index.htm,https://www.sec.gov/Archives/edgar/data/906163/000119312513422661/d596426d10q.htm,259.4513949433304,18.07650392327812,38.94485614646905,37.64123801220576,176.8938535309503,277.9193548387097,276.2802964254577,277.9193548387097,131.9298169136879,4217243720.000001,4005266720.000001,12.71249689515886,3.5428215762754727,23.602346778300756,24.419760043544223,3.307398293772851,3.307398293772851,3.36474396465616,28.478453946900643,22.41599023947974,23.192316761051085,0.0196656881855526,0.0409504433383802,0.4702492522119937,0.2380454619621207,-1.50720979508255,3.631905648665425,22.054206265399507,2.154446253089769,0.0,0.0,0.0755425025811454,0.0,0.0029854337037203,0.0334734356023931,0.0050245177311458,1.695775446555146,0.0098566571709638,336.20787012230886,0.0395497852442776,0.0330237156747075,7.884426765475153,1373760000.0,1267574000.0,651921000.0,1603972000.0,13979500.0,235480500.0,928675000.0,0.9932516383657758,23.21241041210432,85.58163696993827,90.61147902869756,3.8772362887857903,1.0516274657332592,0.0650422635507656,1.3036181342632955,2013-10-21,15.26,bmo,1029078438.0,2025-04-25,2013-09-30,0.1579292267365663,904.59734375,39273.1875
2013-06-30,NVR,USD,906163,2013-07-30,2013-07-30 15:35:58,2013,Q2,1010939000.0,834288000.0,176651000.0,0.1747395243,0,92372000.0,0.0,92372000.0,178000.0,91274000.0,925562000.0,1047000.0,5374000.0,3076000.0,88631000.0,0.0876719565,76900000.0,0.0760678933,3281000.0,80181000.0,0.0793133908,29491000.0,50690000.0,0.0501415021,10.37,10.11,4889000,5013000,https://www.sec.gov/Archives/edgar/data/906163/000119312513310039/0001193125-13-310039-index.htm,https://www.sec.gov/Archives/edgar/data/906163/000119312513310039/d540338d10q.htm,206.7782777664144,10.368173450603395,-2.540601349969319,-3.4882389036612804,158.9824094906934,270.0509306606668,268.3544692166087,270.0509306606668,123.9535692370628,4575615100.0,4398985100.0,22.566655652002368,4.526104047820887,-368.3773528701393,-268.3015773425589,3.465642564942713,3.465642564942713,4.351385296244382,49.63257889451772,-354.1570807503422,-257.9444763691803,0.0110782919655982,-0.0037271491651472,0.4549303594164566,0.2372956821892826,-1.992869312091706,4.039577724725284,14.309639002605136,-0.2450384691260603,0.0,0.0,0.0913724764797876,0.0,0.0032767494203266,-0.3729973432090814,0.0045828680068728,1.5061768530559168,0.0104744203161615,250.9950896246776,0.0236150314458491,0.0200921726935917,9.74299447739824,1436164000.0,1311985000.0,697764000.0,1655780000.0,14679000.0,206798000.0,891065000.0,1.3195454918644942,23.972620965422013,101.43403716702149,68.20530292807989,3.75428286000999,0.8872761305143149,0.0383934001828401,0.9476375536919616,2013-07-22,11.94,bmo,1195417210.0,2025-04-25,2013-06-30,-0.1532663316582914,993.90703125,37956.03125
2013-03-31,NVR,USD,906163,2013-04-29,2013-04-29 12:09:34,2013,Q1,771211000.0,624085000.0,147126000.0,0.1907726939,0,87594000.0,0.0,87594000.0,113000.0,86568000.0,710653000.0,955000.0,5566000.0,2772000.0,63443000.0,0.0822641275,49396000.0,0.0640499163,5709000.0,55105000.0,0.0714525597,20064000.0,35041000.0,0.0454363332,7.04,6.84,4979000,5122000,https://www.sec.gov/Archives/edgar/data/906163/000119312513180722/0001193125-13-180722-index.htm,https://www.sec.gov/Archives/edgar/data/906163/000119312513180722/d504904d10q.htm,154.89274954810202,7.037758586061458,-15.684474794135369,-16.378389234786102,218.35468969672624,311.72765615585456,309.956416951195,311.72765615585456,121.93512753564973,5329272650.0,4843633650.0,38.02169351616677,6.910265348912295,-68.2426421062067,-65.35135932211703,3.4336061586555435,3.4336061586555435,6.280555710434628,76.3462265340542,-62.02391571587722,-59.39610597439545,0.0065751937086574,-0.0153019005323362,0.3875730304646889,0.2257172928888897,-7.654729442176442,5.359237567002628,8.874595759971253,-2.2286179047401613,0.0,0.0,0.113579811491278,0.0,0.0033091249523931,-0.0442421215729963,0.0044799672203845,1.2463924963924964,0.0104549857302346,222.17547061733163,0.0137856631397003,0.0131919754118233,81.5529222735489,1685072000.0,1543273000.0,958661000.0,1889940000.0,11978500.0,187752500.0,759990500.0,1.6963450988121278,27.59811564129886,121.40413565459832,53.05524215740231,3.2610922125900728,0.7413256518382134,0.0225766256123992,0.693914440650733,2013-04-22,8.0,bmo,903391812.0,2025-04-25,2013-03-31,-0.145,1015.1635,33385.683333333334
2012-12-31,NVR,USD,906163,2013-02-19,2013-02-19 15:22:17,2012,Q4,944737000.0,756396000.0,188341000.0,0.1993581282,0,88447000.0,0.0,88447000.0,191000.0,87006000.0,843402000.0,5404000.0,0.0,2278000.0,103804000.0,0.1098760819,91707000.0,0.0970714601,4324000.0,96031000.0,0.1016483953,35404000.0,60627000.0,0.0641734155,12.38,11.98,4897000,5060000,https://www.sec.gov/Archives/edgar/data/906163/000119312513065025/0001193125-13-065025-index.htm,https://www.sec.gov/Archives/edgar/data/906163/000119312513065025/d446058d10k.htm,192.92158464365937,12.380437002246271,17.548294874412907,17.140289973453136,235.36879722278945,302.3232591382479,300.4406779661017,302.3232591382479,123.25137839493568,4505240000.0,3956201000.0,18.577696405891764,4.768776918867367,52.42674610747783,53.67470453678993,3.043100298079606,3.043100298079606,4.187621528531221,38.11222110901314,46.03766844322387,47.13354222264582,0.013456996741572,0.0186307499711447,0.4076807677525554,0.2317077197004655,-5.289189241262379,4.818344589139334,0.0,1.4174212809474327,0.0,0.0,0.0936207642973653,0.0,0.0035391781919978,0.0232504014708962,0.0021148742983496,0.8770851624231782,0.0155651784570732,290.1984087511236,0.0265130059321384,0.0233573982045928,76.44828466408005,1607966000.0,1471258000.0,904717000.0,1811188000.0,73923000.0,181336000.0,689153500.0,0.8974878722861495,21.90900004759412,80.68761601066109,100.27990659165694,4.107900853735364,1.115412803720815,0.0409509907955341,0.4080049009597712,2013-01-24,11.08,bmo,875301502.0,2025-04-25,2012-12-31,0.0812274368231047,898.3393548387097,33882.93548387097
2012-09-30,NVR,USD,906163,2012-11-01,2012-11-01 11:51:10,2012,Q3,871397000.0,702436000.0,168961000.0,0.1938966969,0,84342000.0,0.0,84342000.0,161000.0,84342000.0,786778000.0,1025000.0,1511000.0,2092000.0,87736000.0,0.1006843035,85644000.0,0.0982835608,-1511000.0,84133000.0,0.0965495635,31133000.0,53000000.0,0.0608218757,10.6,10.33,4999000,5132000,https://www.sec.gov/Archives/edgar/data/906163/000119312512445784/0001193125-12-445784-index.htm,https://www.sec.gov/Archives/edgar/data/906163/000119312512445784/d405239d10q.htm,174.31426285257052,10.602120424084816,21.21604320864173,20.34226845369074,215.5517103420684,275.9167833566713,266.12942588517706,275.9167833566713,120.29265853170634,4215606710.0,3737895710.0,19.884937311320755,4.837756740039271,39.74775087451324,41.45506200155373,3.056320060494103,3.056320060494103,4.289543927739022,42.60389931157108,35.24355038233436,36.757389641167855,0.0125723303064009,0.0241225064375134,0.4348789392941968,0.2417969578260557,-5.444868697000091,1.7801140544701206,56.68034414295169,2.00111320754717,0.0,0.0,0.0967894082720046,0.0,0.0197228553254168,0.0411846236528724,0.0050126406218979,2.0879541108986617,0.0194664429645729,256.55275616119366,0.0365411410147398,0.0217945644356297,86.0235547109422,783435000.0,1330381000.0,686274000.0,861675000.0,74018500.0,182125500.0,700669500.0,14.29687042760074,22.87553599189108,89.7104362532672,6.295083980494852,3.934334042791531,1.0032277598775166,0.038425065322611,0.8737747549509902,2012-10-18,9.39,bmo,793014133.0,2025-04-25,2012-09-30,0.1001064962726304,827.8811111111112,49152.444444444445
2012-06-30,NVR,USD,906163,2012-07-27,2012-07-27 13:35:51,2012,Q2,770457000.0,624978000.0,145479000.0,0.1888216993,0,82081000.0,0.0,82081000.0,136000.0,82081000.0,707059000.0,815000.0,258000.0,1925000.0,66138000.0,0.0858425584,64213000.0,0.0833440413,-258000.0,63955000.0,0.0830091751,17117000.0,46838000.0,0.0607924907,9.17,8.97,5106000,5221000,https://www.sec.gov/Archives/edgar/data/906163/000119312512319060/0001193125-12-319060-index.htm,https://www.sec.gov/Archives/edgar/data/906163/000119312512319060/d359030d10q.htm,150.8924794359577,9.17312965139052,-3.612808460634547,-4.2207207207207205,145.52095573834706,298.04622013317663,288.463963963964,298.04622013317663,0.5975323149236192,4340100000.0,3750241000.0,23.16548528972202,5.633150195273714,-235.2740282972841,-201.3874066168623,2.8519066593771685,2.8519066593771685,4.867553932276558,56.70327194653603,-203.29815146094217,-174.0170293721869,0.01079191723693,-0.0049655537890832,0.0018352976428286,0.0014028408405995,-8.918609573921195,3.865597945161771,248.8875968992248,-0.3938468764678253,0.0,0.0,0.1065354718043966,0.0,0.0245745770884397,-0.1682658426844473,0.0040287777254278,1.6124675324675324,0.0217182788916188,248.02293026299293,0.0291211616412592,0.0241180247709487,123.7141598119859,1077717000.0,1472897000.0,984669000.0,1153705000.0,7820000.0,174754000.0,668454500.0,1.1228141220081067,26.74332536505285,100.97102618012154,80.15574282147315,3.365325694223821,0.8913448085537885,0.0307775406354479,0.6079122600861732,2012-07-19,8.78,bmo,754962541.0,2025-04-25,2012-06-30,0.0216400911161732,785.7220634920635,38642.15873015873
2012-03-31,NVR,USD,906163,2012-04-27,2012-04-27 15:16:40,2012,Q1,601476000.0,491829000.0,109647000.0,0.1822965505,0,80089000.0,0.0,80089000.0,76000.0,80089000.0,571918000.0,1665000.0,265000.0,1805000.0,33028000.0,0.0549115842,31223000.0,0.0519106332,-265000.0,30958000.0,0.0514700503,10835000.0,20123000.0,0.0334560315,3.99,3.9,5044000,5159000,https://www.sec.gov/Archives/edgar/data/906163/000119312512190645/0001193125-12-190645-index.htm,https://www.sec.gov/Archives/edgar/data/906163/000119312512190645/d317446d10q.htm,119.24583663758922,3.98949246629659,18.00911974623315,17.43517049960349,136.42069785884215,281.1738699444885,271.4738302934179,281.1738699444885,0.7416732751784298,3663608520.0,3092701520.0,45.515188093226655,6.091030265546755,40.33123274400581,41.658898604778095,2.583205900830677,2.583205900830677,5.141853573542419,93.63877679544628,34.04634095862965,35.167114153485784,0.0054926720172601,0.024004475237982,0.0024509233621084,0.0018779931190677,-17.2855455976747,3.801601390425389,117.82264150943396,4.514138050986434,0.0,0.0,0.133154107562064,0.0,0.026433995781539,0.0318699222792223,0.0048131596273168,1.6038781163434903,0.0273327614069389,158.86841507020006,0.0135203345886394,0.0111671295820997,114.5576923076923,980059000.0,1369314000.0,897209000.0,1054952000.0,6408500.0,157920500.0,584448000.0,0.9019811264289846,29.97328339727832,116.33543365681976,99.78035832780358,3.0026740416491147,0.7736250011797164,0.014188702766314,0.573949246629659,2012-04-19,4.16,bmo,643306666.0,2025-04-25,2012-03-31,-0.0625,717.9545161290323,35600.645161290326
2011-12-31,NVR,USD,906163,2012-02-22,2012-02-22 17:03:03,2011,Q4,742072000.0,616722000.0,125350000.0,0.1689189189,0,76449000.0,0.0,76449000.0,0.0,76449000.0,693171000.0,1913000.0,369000.0,1724000.0,52538000.0,0.0707990599,44154000.0,0.0595009649,23494000.0,50445000.0,0.0679785789,18053000.0,32392000.0,0.0436507509,6.51,6.32,4979000,5126000,https://www.sec.gov/Archives/edgar/data/906163/000119312512072956/0001193125-12-072956-index.htm,https://www.sec.gov/Archives/edgar/data/906163/000119312512072956/d250145d10k.htm,149.0403695521189,6.5057240409720825,1.2138983731673028,0.6575617593894356,147.15485037156054,276.11950190801366,266.29282988551915,276.11950190801366,1.6023297850974092,3415594000.0,2942871000.0,26.36140096320079,4.602779784171887,565.1214427531436,1043.2480146609653,2.484431542356373,2.484431542356373,3.965748606604211,56.01414214473333,486.9078424884183,898.8610262675626,0.0094835627419418,0.0009585448387601,0.0055346272436916,0.0042759562457677,-8.997734972781606,3.789214956498955,119.65853658536584,0.1865892813040257,0.0,0.0,0.1030210006576181,0.0,0.0274950336754735,0.458305757776307,0.0037327914272469,1.6067285382830627,0.0222444722345001,201.04238070427968,0.019639638577582,0.0187176621644579,120.43879293030729,936769000.0,1325872000.0,867937000.0,1010633000.0,103136500.0,163650500.0,557181500.0,0.8233837147877834,22.188214462918463,77.80409974023952,109.30505229046987,4.056207413643419,1.1567513832880052,0.0235612624099959,0.556336613777867,2012-01-26,10.37,bmo,1220772151.0,2025-04-25,2011-12-31,-0.3905496624879459,644.0439682539682,38431.4126984127
2011-09-30,NVR,USD,906163,2011-10-28,2011-10-28 16:59:46,2011,Q3,708469000.0,572382000.0,136087000.0,0.1920860334,0,68258000.0,0.0,68258000.0,0.0,68258000.0,640640000.0,1589000.0,476000.0,1712000.0,69418000.0,0.0979831157,69418000.0,0.0979831157,-476000.0,68942000.0,0.0973112444,25533000.0,43409000.0,0.0612715588,8.19,7.98,5301000,5437000,https://www.sec.gov/Archives/edgar/data/906163/000119312511286412/0001193125-11-286412-index.htm,https://www.sec.gov/Archives/edgar/data/906163/000119312511286412/d244973d10q.htm,133.64817958875685,8.188832295793247,3.893982267496699,3.668364459535937,129.9096396906244,253.91794001131865,244.68817204301075,253.91794001131865,1.6749669873608752,3201697980.0,2713652980.0,18.439136930129692,4.519178651430056,155.10599651196588,164.64558161061402,2.378642485730142,2.378642485730142,3.830305884943448,39.091488950992535,131.462696444143,139.54813226370462,0.0135581183082109,0.0060736522062583,0.0062428539270248,0.0046693294569508,-7.030525224005301,3.3737458856596416,145.8361344537815,0.475523508949757,0.0,0.0,0.0963457822431186,0.0,0.027187466659554,0.0579401220811936,0.0016881472583839,0.6985981308411215,0.0229523098399506,216.29622539941496,0.0307577791253947,0.024795380561596,127.38605923410675,898591000.0,1297092000.0,823548000.0,971570000.0,103677500.0,174403000.0,558196000.0,25.34134873932381,27.55699864775622,91.38856567816596,3.5515078903571213,3.2659579931186773,0.9848059145270324,0.0322499162344662,0.2256178079607621,2011-10-20,7.58,bmo,674506015.0,2025-04-25,2011-09-30,0.0527704485488127,649.92921875,50240.046875
2011-06-30,NVR,USD,906163,2011-08-08,2011-08-08 11:06:21,2011,Q2,697364000.0,558601000.0,138763000.0,0.1989821671,0,75943000.0,0.0,75943000.0,0.0,75943000.0,634544000.0,1085000.0,551000.0,1638000.0,63905000.0,0.0916379394,63905000.0,0.0916379394,-551000.0,63354000.0,0.0908478212,24909000.0,38445000.0,0.0551290287,6.65,6.48,5785000,5929000,https://www.sec.gov/Archives/edgar/data/906163/000095012311074182/0000950123-11-074182-index.htm,https://www.sec.gov/Archives/edgar/data/906163/000095012311074182/w82899e10vq.htm,120.54693171996544,6.645635263612792,-2.798617113223855,-3.916335350043215,192.04321521175453,285.3579948141746,276.9004321521176,285.3579948141746,17.229559204840104,4196901800.0,3366578800.0,27.291597086747306,6.018236960898469,-259.22802964793084,-185.2446062853107,2.542350357039876,2.542350357039876,4.827577563510592,52.68099209764494,-207.94186534898083,-148.59546257062146,0.0091603286977074,-0.0053982678365264,0.0600449722436933,0.0455591942730417,-12.993083483295516,3.6935506561890783,115.98003629764064,-0.4211210820652881,0.0,0.0,0.1089000866118698,0.0,0.0224881933193146,-0.3993823347745522,0.0092720587813537,3.947496947496948,0.0231227880991849,206.563951222244,0.0213365214253294,0.0180768948648358,148.58837510803804,1206207000.0,1601869000.0,1129141000.0,1279745000.0,7624500.0,154965500.0,513711500.0,1.0158109681601,27.96165778435771,86.22632254507242,88.5991614788464,3.218693279707748,1.0437647964512808,0.0232887649352191,1.1177182368193603,2011-07-21,6.26,bmo,674688888.0,2025-04-25,2011-06-30,0.0351437699680512,734.6460317460317,38895.22222222222
2011-03-31,NVR,USD,906163,2011-05-03,2011-05-03 15:13:22,2011,Q1,517116000.0,417920000.0,99196000.0,0.1918254318,0,73865000.0,0.0,73865000.0,0.0,73865000.0,491785000.0,1115000.0,496000.0,1598000.0,25331000.0,0.0489851407,25331000.0,0.0489851407,-496000.0,24835000.0,0.0480259748,9661000.0,15174000.0,0.0293435129,2.61,2.52,5823000,6020000,https://www.sec.gov/Archives/edgar/data/906163/000095012311043785/0000950123-11-043785-index.htm,https://www.sec.gov/Archives/edgar/data/906163/000095012311043785/w82124e10vq.htm,88.8057702215353,2.605873261205564,-1.551262235960845,-1.725055813154731,227.6895071269105,312.2447192168985,303.84234930448224,312.2447192168985,13.319079512278892,4402188000.0,3259024000.0,72.52846975088968,8.512960341586801,-487.3450680836931,-438.2466898954704,2.421177856573613,2.421177856573613,6.30230741265016,128.65753424657535,-360.7908778921732,-324.44240915878544,0.0034469223031819,-0.0022818198586702,0.0423831028582648,0.0338621311509987,-45.12905135999368,4.749628581167049,51.07056451612903,-0.5952945828390668,0.0,0.0,0.1428402911532422,0.0,0.0214994937883613,-0.1120336543783903,0.0019570077120027,0.6332916145181476,0.0301286365148245,135.3055013925856,0.0078694021802672,0.0068142595588918,192.33462132921176,1441121000.0,1769274000.0,1367931000.0,1509898000.0,7163000.0,132565500.0,461786500.0,1.284083261782656,29.370166539050533,106.00583843797855,70.08891298454866,3.0643340030209267,0.8490098406481339,0.0083456119537938,0.1737935771938863,2011-04-21,4.58,bmo,939808730.0,2025-04-25,2011-03-31,-0.4497816593886463,755.6367741935485,44035.35483870968
2010-12-31,NVR,USD,906163,2011-02-25,2011-02-25 11:42:28,2010,Q4,812729000.0,654965000.0,157764000.0,0.194116366,0,72236000.0,0.0,72236000.0,0.0,72236000.0,727201000.0,-2195000.0,623000.0,1715000.0,88851000.0,0.1093242643,87136000.0,0.1072140898,-623000.0,86513000.0,0.1064475366,27815000.0,58698000.0,0.0722233364,10.08,10.08,5638000,5823000,https://www.sec.gov/Archives/edgar/data/906163/000095012311018386/0000950123-11-018386-index.htm,https://www.sec.gov/Archives/edgar/data/906163/000095012311018386/w79861e10vk.htm,144.15200425682866,10.41113870166726,25.00656261085491,24.539198297268538,243.10677545228805,308.6864136218517,300.00833628946435,308.6864136218517,17.879389854558355,3895970760.0,2802759760.0,16.593285801901256,4.793689852337003,27.633546071623623,28.159844165606568,2.2385824885915326,2.2385824885915326,3.4485785052582103,31.54449314020101,19.87956166171349,20.258180293743496,0.0150663348407676,0.0355115601534956,0.0575629146378881,0.0443266796781148,-12.303868273851728,3.9657056292051327,139.86516853932585,2.4019046645541584,0.0,0.0,0.0888807954434996,0.0,0.0216485307254981,0.0186896664231453,0.003242163131868,1.5364431486880463,0.0152400123534413,268.90515803827543,0.0312104451295405,0.0265465593672748,190.1072188719404,1352774000.0,1691447000.0,1289226000.0,1422174000.0,8831000.0,148420500.0,496821500.0,0.769407760766504,17.691647645294022,59.26974723840205,116.9730857800806,5.087146307932489,1.5184812521300446,0.0337272333417989,0.4673643135863781,2011-01-27,7.38,bmo,603366867.0,2025-04-25,2010-12-31,0.3495934959349595,647.53015625,26187.9375
2010-09-30,NVR,USD,906163,2010-11-03,2010-11-03 15:30:11,2010,Q3,681188000.0,540783000.0,140405000.0,0.2061178412,0,74737000.0,0.0,74737000.0,0.0,74737000.0,615520000.0,1555000.0,778000.0,1820000.0,65668000.0,0.096402168,65668000.0,0.096402168,-778000.0,64890000.0,0.0952600457,20946000.0,43944000.0,0.0645108252,7.65,7.31,5748000,6011000,https://www.sec.gov/Archives/edgar/data/906163/000095012310100067/0000950123-10-100067-index.htm,https://www.sec.gov/Archives/edgar/data/906163/000095012310100067/w79957e10vq.htm,118.50869867780098,7.645093945720251,-3.356471816283925,-3.5977731384829506,217.65309672929715,293.437369519833,284.92536534446765,293.437369519833,17.730340988169797,3722002440.0,2767669440.0,21.17469074276352,5.463987093137284,-192.9198382833152,-179.9807756286267,2.2067059865605643,2.2067059865605643,4.063003810989037,42.146394590972776,-143.45459182086768,-133.83314506769827,0.011806547875342,-0.0055561489637282,0.0599616524315844,0.0449529495483858,-14.532694767618931,3.777851876397978,84.40616966580977,-0.4390360458765702,0.0,0.0,0.109715673206222,0.0,0.0217470827653246,-0.0718913595604623,0.0020361486109561,0.762087912087912,0.0292489004503896,224.6675672770625,0.0251677396838582,0.0199664499666498,169.99330201809326,1341258000.0,1637751000.0,1260957000.0,1409785000.0,12862500.0,177206000.0,491507500.0,1.4155563515505265,27.97476991695375,93.5833042088971,63.579242113123016,3.2171846369845083,0.9617100054417994,0.0260535798771312,0.2413013221990257,2010-10-21,6.56,bmo,611309439.0,2025-04-25,2010-09-30,0.1143292682926829,633.2725,45110.609375
2010-06-30,NVR,USD,906163,2010-08-02,2010-08-02 16:54:03,2010,Q2,966847000.0,771475000.0,195372000.0,0.2020712688,0,76412000.0,0.0,76412000.0,0.0,76412000.0,847887000.0,1492000.0,2193000.0,1847000.0,120452000.0,0.1245822762,119751000.0,0.123857239,-2193000.0,118259000.0,0.1223140786,46983000.0,71276000.0,0.0737200405,11.64,11.13,6123000,6405000,https://www.sec.gov/Archives/edgar/data/906163/000095012310071166/0000950123-10-071166-index.htm,https://www.sec.gov/Archives/edgar/data/906163/000095012310071166/w78810e10vq.htm,157.9041319614568,11.640699003756328,8.469214437367304,8.136044422668627,246.64298546464155,296.4994283847787,288.5087375469541,296.4994283847787,13.590886820186183,4010748690.0,3000890690.0,14.06766895588978,4.148276500832086,77.34247430433692,80.50963907902924,2.2092116789849,2.2092116789849,3.1037906618110207,24.91358126058513,57.86857492720365,60.23828592649096,0.0177712455975395,0.0124208729717243,0.0446298636273001,0.0343404247203249,-8.383903961744098,3.5772387764743945,54.60601915184679,0.7275520511813233,0.0,0.0,0.0790321529673257,0.0,0.0207367441781612,0.0393389513469734,0.0021099512125496,1.10449377368706,0.0156674220429912,278.6716051444654,0.0380974334584435,0.0308486272282978,193.9955495672056,1401938000.0,1766539000.0,1401938000.0,1470761000.0,11551000.0,172909500.0,460305000.0,1.3973151905110115,21.73602514663469,49.07882951489031,64.40923322896542,4.140591455560326,1.8337845643342896,0.0392604433241933,0.3331700146986771,2010-07-22,8.56,bmo,744712309.0,2025-04-25,2010-06-30,0.3002336448598131,692.4511111111111,57705.11111111111
2010-03-31,NVR,USD,906163,2010-05-03,2010-05-03 12:34:55,2010,Q1,592749000.0,471069000.0,121680000.0,0.2052808187,0,67270000.0,0.0,67270000.0,0.0,67270000.0,538339000.0,756000.0,2435000.0,1881000.0,55166000.0,0.0930680608,53487000.0,0.090235496,-2435000.0,52731000.0,0.0889600826,20644000.0,32087000.0,0.0541325249,5.29,5.01,6066000,6399000,https://www.sec.gov/Archives/edgar/data/906163/000095012310042506/0000950123-10-042506-index.htm,https://www.sec.gov/Archives/edgar/data/906163/000095012310042506/w78293e10vq.htm,97.71661721068249,5.289647213979558,-19.47955819320805,-19.624793933399275,255.63419057039235,308.0652818991098,301.2106824925816,308.0652818991098,32.00692383778437,4406949000.0,3256376000.0,34.335938230436,7.434764124443904,-37.29550705381549,-37.019496992708575,2.358266389258125,2.358266389258125,5.493684510644472,59.02867708371098,-27.558338904733297,-27.35438997345519,0.007281000982766,-0.0270127927507216,0.1025935344117162,0.077418523766585,-20.856560200123266,4.340425845925495,21.965913757700207,-3.682581730919064,0.0,0.0,0.1134881712158097,0.0,0.0167905226827524,-0.007455802577795,0.0014862952109577,0.468367889420521,0.0095790967171602,191.48113445645944,0.015796131547359,0.0131784031407699,197.6634932410155,1584374000.0,1827144000.0,1451004000.0,1645758000.0,8043000.0,149634500.0,459313500.0,1.228496378737037,30.47305171853805,95.51002082497467,73.2602892102336,2.9534291751045463,0.94230950032906,0.0171705398978126,0.1452357401912298,2010-04-21,5.47,bmo,647993013.0,2025-04-25,2010-03-31,-0.0840950639853747,715.1508196721311,35662.11475409836
2009-12-31,NVR,USD,906163,2010-02-26,2010-02-26 15:16:20,2009,Q4,745802000.0,592221000.0,153581000.0,0.2059273105,0,69887000.0,0.0,69887000.0,0.0,69887000.0,662108000.0,897000.0,2421000.0,2017000.0,88965000.0,0.119287693,86948000.0,0.1165832218,-2421000.0,84527000.0,0.1133370519,23888000.0,60639000.0,0.081307103,10.0,10.0,5942000,6066000,https://www.sec.gov/Archives/edgar/data/906163/000095012310018033/0000950123-10-018033-index.htm,https://www.sec.gov/Archives/edgar/data/906163/000095012310018033/w77487e10vk.htm,125.51363177381351,10.205149781218443,24.521373274991586,24.2692696061932,254.08650286098955,295.7357791989229,287.5016829350388,295.7357791989229,25.294681925277683,4223038820.0,3120768820.0,17.41057248635367,5.662412838796356,28.983287030046807,29.28435884278265,2.4031924778433726,2.4031924778433726,4.184446837096173,35.07861316247963,21.4182588225605,21.64074683790081,0.0143590913047775,0.0341479219459318,0.0841536435659565,0.0617254577860145,-12.38992862361603,3.8501049760225214,35.91408508880628,2.402843054799716,0.0,0.0,0.093707176971904,0.0,0.020422244205412,0.0102809767614236,0.002008576002746,0.7426871591472484,0.0153579636418245,260.5870838199449,0.0327407648436522,0.0258385413936935,182.8726438909458,1433523000.0,1708335000.0,1297987000.0,1503111000.0,8505000.0,156935500.0,448778500.0,0.9648003089291796,21.24088811440324,63.63269792864488,93.28355222013758,4.2371109680188885,1.4143671874626838,0.0345076602123075,0.2521036687983843,2010-01-27,9.51,bmo,741304994.0,2025-04-25,2009-12-31,0.010515247108307,677.1075,34147.421875
2009-09-30,NVR,USD,906163,2009-11-03,2009-11-03 13:46:24,2009,Q3,792510000.0,636642000.0,155868000.0,0.1966763826,0,64148000.0,0.0,64148000.0,0.0,64148000.0,700790000.0,887000.0,3110000.0,2719000.0,119269000.0,0.1504952619,101428000.0,0.1279832431,12012000.0,113440000.0,0.1431401497,41313000.0,72127000.0,0.091010839,12.29,11.59,5866000,6223000,https://www.sec.gov/Archives/edgar/data/906163/000095012309056769/0000950123-09-056769-index.htm,https://www.sec.gov/Archives/edgar/data/906163/000095012309056769/w76110e10vq.htm,135.1022843504944,12.295772246846232,20.17200818274804,20.015001704739177,234.4147630412547,284.9619843163996,276.6212069553358,284.9619843163996,36.54636890555745,3738812420.0,2834412420.0,12.959129105605392,4.717684849402532,31.596754979759822,31.844613825293,2.236684312572424,2.236684312572424,3.576500511034561,23.76487117356564,23.95365819029993,24.14156122240393,0.0192914198139953,0.0314024847494221,0.1263894729978158,0.0889644514439232,-7.582858915560624,4.160055290812704,32.613504823151125,1.640564559734912,0.0,0.0,0.0809428272198458,0.0,0.0206027505705791,0.0077833836168648,0.0011621304463035,0.3387274733357852,0.0144427199656786,280.777709778903,0.0321665101564904,0.031010988226685,156.50609444255028,1415117000.0,1622660000.0,1159738000.0,1517538000.0,9121000.0,166852500.0,469704500.0,1.0237725706931144,24.612089683055785,67.69190534083519,87.91014975041597,3.656739478808278,1.3295533571826856,0.0431488160652122,0.1570064780088646,2009-10-21,7.6,bmo,535934426.0,2025-04-25,2009-09-30,0.525,613.22859375,65978.21875
2009-06-30,NVR,USD,906163,2009-07-29,2009-07-29 16:24:43,2009,Q2,612488000.0,494240000.0,118248000.0,0.1930617416,0,61139000.0,0.0,61139000.0,0.0,61139000.0,555379000.0,611000.0,2738000.0,2396000.0,74963000.0,0.1223909693,135163000.0,0.2206786092,-2738000.0,69829000.0,0.1140087643,28403000.0,41426000.0,0.0676356108,7.17,6.79,5777000,6101000,https://www.sec.gov/Archives/edgar/data/906163/000095012309026998/0000950123-09-026998-index.htm,https://www.sec.gov/Archives/edgar/data/906163/000095012309026998/w75021e10vq.htm,106.02181062835382,7.170849922104899,-4.0886273152155095,-4.133287173273326,214.9264324043621,268.0633546823611,259.594079972304,268.0633546823611,41.11424614852,2902307030.0,2553818030.0,17.515008871240283,4.738553294105354,-122.8749801016088,-121.54732515286037,1.874146507624296,1.874146507624296,4.169580514230483,34.06771380547737,-108.12100042337002,-106.95276111902167,0.0142734726449668,-0.0082272481006256,0.1516070623698019,0.104948627343172,-4.648813414617878,4.369405180113129,49.365595325054784,-0.5701733211026891,0.0,0.0,0.0998207311816721,0.0,0.0218708721394135,-0.0109229466553767,0.000421232742519,0.1076794657762938,0.0189946578545212,207.96741796726647,0.0441255247011384,0.0189319052828909,136.81015232819803,1414729000.0,1499675000.0,1146121000.0,1517566000.0,9239000.0,146922000.0,415549500.0,1.3558306448452868,29.06353188734218,83.86876820977662,66.37997182182724,3.0966642440039096,1.073105065462362,0.0267505789092355,0.0446598580578154,2009-07-22,4.11,bmo,540744009.0,2025-04-25,2009-06-30,0.6520681265206811,490.505873015873,86104.57142857143
2009-03-31,NVR,USD,906163,2009-05-11,2009-05-11 09:28:18,2009,Q1,561811000.0,462630000.0,99181000.0,0.1765380172,0,65452000.0,0.0,65452000.0,0.0,65452000.0,528082000.0,584000.0,3111000.0,2581000.0,36310000.0,0.064630276,33729000.0,0.0600362043,-3111000.0,30618000.0,0.0544987549,12630000.0,17988000.0,0.032017885,3.19,3.02,5642000,5958000,https://www.sec.gov/Archives/edgar/data/906163/000095013309001554/0000950133-09-001554-index.htm,https://www.sec.gov/Archives/edgar/data/906163/000095013309001554/w73939e10vq.htm,99.57656859269764,3.1882311237149947,0.217476072314782,0.1524282169443459,221.7531017369727,261.4269762495569,252.7550514002127,261.4269762495569,43.29847571783056,2413365500.0,2111775500.0,33.5413261618857,4.295689297646361,1966.88304808476,2806.2389534883723,1.6362121695951988,1.6362121695951988,3.758871755803998,58.15961167722391,1721.0884270578647,2455.552906976744,0.0074534918146463,0.0003563488414829,0.1635144013000933,0.1131684771132956,-8.30597631506472,4.432064242621881,10.84185149469624,0.0682121414276184,0.0,0.0,0.1165018128872521,0.0,0.0229580273561222,0.2991035044824776,0.0006532445964924,0.1421929484695854,0.0209465460804434,136.94347921969342,0.0107778924160834,0.0086388441583826,139.5169709322935,1262931000.0,1426044000.0,974732000.0,1336066000.0,10422500.0,144683500.0,385549500.0,1.4819752550234866,26.115037935283056,72.08267946306984,60.72975894497892,3.446290226460071,1.248566239079802,0.0121954940131026,0.065047855370436,2009-04-21,2.31,bmo,429721192.0,2025-04-25,2009-03-31,0.3073593073593073,403.4827868852459,104766.60655737705
2008-12-31,NVR,USD,906163,2009-02-25,2009-02-25 15:32:04,2008,Q4,910174000.0,875779000.0,34395000.0,0.0377894776,0,75662000.0,0.0,75662000.0,0.0,75662000.0,951441000.0,0.0,0.0,2929000.0,-28938000.0,-0.0317939207,-31867000.0,-0.0350119867,-20877000.0,-52744000.0,-0.0579493591,-22287000.0,-30457000.0,-0.0334628324,-5.54,-5.4,5496000,5642000,https://www.sec.gov/Archives/edgar/data/906163/000095013309000438/0000950133-09-000438-index.htm,https://www.sec.gov/Archives/edgar/data/906163/000095013309000438/w72880e10vk.htm,165.6066229985444,-5.541666666666667,44.90556768558952,44.574599708879184,222.00345705967976,249.96160844250363,241.05931586608443,249.96160844250363,38.28038573508006,2507550000.0,1570296000.0,-20.58270676691729,2.7550226659957326,10.16021004777128,10.23564996611996,1.8252803014145549,1.8252803014145549,1.7252701131871488,-54.264150943396224,6.362599827391299,6.409842355764913,-0.0121461187214611,0.0976977527865845,0.1531450608499558,0.100031094941319,32.388347501555046,2.7675928012391835,0.0,-8.103260334241718,0.0,0.0,0.0831291599188726,0.0,0.023262724677592,0.0073703104930693,0.0019985189645056,0.6210310686241038,0.0155893268759599,,-0.0116158571667071,-0.014825909831481,127.30431222707423,996210000.0,1324862000.0,830360000.0,1071554000.0,11019000.0,175194000.0,505795000.0,1.146440131227655,15.941727307916723,41.16483724775314,78.50388131792306,5.64556137874129,2.18633197693287,-0.0221700712409256,0.3309679767103348,2009-01-29,6.97,bmo,1149672563.0,2025-04-25,2008-12-31,-1.7948350071736012,463.95984375,113145.28125
2008-09-30,NVR,USD,906163,2008-11-03,2008-11-03 16:31:34,2008,Q3,939211000.0,805931000.0,133280000.0,0.1419063448,0,74557000.0,0.0,74557000.0,0.0,74557000.0,880488000.0,929000.0,3489000.0,3249000.0,67345000.0,0.0717038024,58723000.0,0.0625237566,1884000.0,60607000.0,0.0645296957,24056000.0,36551000.0,0.0389167077,6.72,6.12,5438000,5968000,https://www.sec.gov/Archives/edgar/data/906163/000095013308003531/0000950133-08-003531-index.htm,https://www.sec.gov/Archives/edgar/data/906163/000095013308003531/w71375e10vq.htm,172.71257815373298,6.721404928282457,21.07613093048915,20.831555719014343,177.46248620816476,252.38598749540276,250.23317396101507,252.38598749540276,54.59746230231703,3110536000.0,2438907000.0,21.275313944898908,3.311860700098274,27.13970613897323,27.45834289648841,2.266369879232773,2.266369879232773,2.596761537077398,36.21511619273888,21.279682755732384,21.52951925283805,0.0117507079165777,0.0364188037045705,0.2137831290187435,0.1271198777203581,-9.972960130670428,3.0415715279894635,16.830897105187734,3.1356734425870703,0.0,0.0,0.0793825881511183,0.0,0.0050720229863544,0.0116043695250061,0.0014160822222056,0.4093567251461988,0.0120143396957659,195.36821505575887,0.0188644776457191,0.0159163402563527,63.020779698418536,1064898000.0,1360768000.0,650828000.0,1104342000.0,13316500.0,199285500.0,618328500.0,1.0007974778830315,21.80520416760244,68.23388106425985,89.92828418230563,4.127455047346884,1.3189928316585382,0.0266314504817938,0.2445752114748069,2008-10-21,7.86,bmo,1213162745.0,2025-04-25,2008-09-30,-0.2213740458015267,559.17671875,89035.046875
2008-06-30,NVR,USD,906163,2008-08-01,2008-08-01 11:55:41,2008,Q2,955723000.0,772369000.0,183354000.0,0.1918484749,0,98279000.0,0.0,98279000.0,0.0,100860000.0,873229000.0,869000.0,3412000.0,3626000.0,82235000.0,0.0860448059,82494000.0,0.0863158049,3923000.0,86417000.0,0.0904205507,35085000.0,51332000.0,0.0537101231,9.58,8.64,5357000,5938000,https://www.sec.gov/Archives/edgar/data/906163/000095013308002591/0000950133-08-002591-index.htm,https://www.sec.gov/Archives/edgar/data/906163/000095013308002591/w64112e10vq.htm,178.40638417024454,9.58222885943625,4.836102296061228,4.502706738846369,162.05693485159605,245.65111069628523,243.461825648684,245.65111069628523,60.166884450252006,2678928560.0,2129691560.0,13.047068884906102,2.8030387047292997,103.40558767900568,111.06208531984578,2.035732704739455,2.035732704739455,2.228356500785269,25.89762947650027,82.20525572239163,88.29200945234443,0.0191613918961691,0.009003972842038,0.2423354025561703,0.1378228108502909,-6.678871526722198,1.8988517339684785,24.177608440797187,0.5046949271409648,0.0,0.0,0.1028320967476978,0.0,0.0050685976433268,0.0689388968232524,0.0018687423029476,0.4925537782680639,0.0126595258249513,230.1356472843713,0.0299731317397319,0.0222976403995088,36.437791674444654,714766000.0,1304225000.0,512063000.0,756591000.0,12405500.0,198024000.0,628357000.0,1.5245107630558228,23.690619380114946,72.90211026076913,59.03533263326951,3.798972013181841,1.234532164817618,0.039007472151361,0.3333955572148591,2008-07-22,7.69,bmo,854889467.0,2025-04-25,2008-06-30,0.1235370611183355,590.405,83617.59375
2008-03-31,NVR,USD,906163,2008-04-25,2008-04-25 15:28:34,2008,Q1,887931000.0,726931000.0,161000000.0,0.1813203954,0,91820000.0,0.0,91820000.0,0.0,95829000.0,822760000.0,810000.0,3373000.0,3837000.0,80385000.0,0.0905306831,65171000.0,0.0733964689,-3373000.0,73175000.0,0.0824106828,29709000.0,43466000.0,0.0489520019,8.32,7.42,5224000,5859000,https://www.sec.gov/Archives/edgar/data/906163/000095013308001616/0000950133-08-001616-index.htm,https://www.sec.gov/Archives/edgar/data/906163/000095013308001616/w55836e10vq.htm,169.97147779479326,8.320444104134763,14.364663093415007,13.988705972434916,146.94831546707505,234.37557427258807,232.12672281776412,234.37557427258807,52.52201378254211,3121340000.0,2624684000.0,17.952767680485895,3.5152956704969194,41.59512799669514,42.71302872312766,2.549327086896367,2.549327086896367,2.9559549109108705,32.65141506499969,34.97666608920457,35.91669061400988,0.013925429462987,0.0234120602049119,0.2213385082057992,0.1226488701904799,-6.178466131740996,2.732169689345494,19.321375630002965,1.7264298532186078,0.0,0.0,0.1034089360547159,0.0,0.0053168571707875,0.026172359110353,0.002211883581044,0.5118582225697159,0.0071323109565946,209.4694475692457,0.0219615717104796,0.0197767978203935,19.997128637059724,892251000.0,1212630000.0,422159000.0,935969000.0,9738500.0,215168500.0,659965500.0,0.8739192572395829,23.86253991094065,78.13249125432813,102.98434237995824,3.771601863669853,1.1518895475512496,0.0355004745266576,0.3759571209800919,2008-04-18,6.63,bmo,799978301.0,2025-04-25,2008-03-31,0.1191553544494721,554.2547540983606,127740.91803278688
2007-12-31,NVR,USD,906163,2008-02-22,2008-02-22 14:58:53,2007,Q4,1427397000.0,1224313000.0,203084000.0,0.1422757649,0,98237000.0,0.0,98237000.0,0.0,125769000.0,1350082000.0,0.0,0.0,4140000.0,81455000.0,0.0570654135,77315000.0,0.0541650291,30667000.0,107982000.0,0.0756495915,40708000.0,67274000.0,0.047130546,12.88,12.88,5132000,5224000,https://www.sec.gov/Archives/edgar/data/906163/000095013308000733/0000950133-08-000733-index.htm,https://www.sec.gov/Archives/edgar/data/906163/000095013308000733/w50131e10vk.htm,278.13659392049885,13.108729540140295,73.63581449727202,72.9427123928293,129.42498051441933,220.06527669524556,217.7694855806703,220.06527669524556,55.78390491036633,2689168000.0,2311242000.0,9.993340666527931,1.883966408784662,7.116102450654804,7.183719700167226,2.381111676812396,2.381111676812396,1.6192005447678537,28.374464428211898,6.116031002992863,6.174145567422304,0.0250166594277486,0.139203649604636,0.2534879911455451,0.1304597669721693,-4.639690626726414,1.5818659021295003,0.0,5.617311294110652,0.0,0.0,0.0688224789599529,0.0,0.0053690822524079,0.0094125679083564,0.0024919486309695,0.8591787439613526,0.0407272818984487,254.76943370608168,0.0340252477807075,0.0308223916607181,-9.404471940763834,501697000.0,1117593000.0,298877000.0,547271000.0,14260500.0,259657500.0,834125500.0,0.6844276679858512,17.466048306274622,50.638080294826565,131.4967296176877,5.152854178679204,1.7773185609722817,0.0595674598782512,0.6931021044427124,2008-01-29,16.63,bmo,2034620904.0,2025-04-25,2007-12-31,-0.2952495490078171,484.290155890625,121009.375
2007-09-30,NVR,USD,906163,2007-11-01,2007-11-01 16:23:15,2007,Q3,1292088000.0,1087399000.0,204689000.0,0.1584172285,0,60907000.0,0.0,60907000.0,0.0,60907000.0,1148306000.0,0.0,0.0,4264000.0,148046000.0,0.1145788832,143782000.0,0.1112787983,13439000.0,145814000.0,0.1128514467,54701000.0,91113000.0,0.0705160949,17.25,15.26,5283000,5969000,https://www.sec.gov/Archives/edgar/data/906163/000095013307004342/0000950133-07-004342-index.htm,https://www.sec.gov/Archives/edgar/data/906163/000095013307004342/w41695e10vq.htm,244.5746734809767,17.246450880181715,12.49290176036343,11.942078364565589,60.03993942835511,199.1440469430248,196.90743895513916,199.1440469430248,59.537194775695625,2553273836.604,2550617836.604,7.00578906578644,1.9760835458606536,38.685967221272726,40.47034136319544,2.4268864443548863,2.4268864443548863,1.974027958315533,17.228549481944803,38.645724797030304,40.42824277387859,0.0356847740707614,0.0247094530541672,0.2989654759437988,0.140000284865539,-0.0179403698850357,1.325242914244919,0.0,0.7243752263672583,0.0,0.0,0.0471384301998006,0.0,0.0052593300140563,0.044090909090909,0.0022521685829448,0.6824577861163227,0.0,277.9871949081077,0.0657415736297738,0.0407690332003196,-70.87961385576376,322546000.0,1040262000.0,119658000.0,369885000.0,15570000.0,284111000.0,932979500.0,1.230519902669168,23.316593081288467,81.06107325829801,73.13981659685271,3.859912110068296,1.1102739747007595,0.0866028944621976,0.5508233957978421,2007-10-19,11.97,bmo,1017920642.0,2025-04-25,2007-09-30,0.2748538011695906,576.3252374603175,139795.2380952381
2007-06-30,NVR,USD,906163,2007-07-31,2007-07-31 16:36:54,2007,Q2,1316668000.0,1061937000.0,254731000.0,0.1934663864,0,110152000.0,0.0,110152000.0,0.0,110152000.0,1172089000.0,0.0,0.0,4295000.0,148874000.0,0.1130687463,144579000.0,0.1098067242,8421000.0,147677000.0,0.1121596333,56930000.0,90747000.0,0.0689217024,16.19,14.14,5606000,6420000,https://www.sec.gov/Archives/edgar/data/906163/000095013307003138/0000950133-07-003138-index.htm,https://www.sec.gov/Archives/edgar/data/906163/000095013307003138/w37659e10vq.htm,234.86764181234392,16.18747770246165,7.546022119158045,7.103460577952194,102.40492329646808,228.25900820549413,226.14537995005352,228.25900820549413,60.4848376739208,3810678500.0,3575674500.0,10.49808395869836,2.8941832717131426,90.08057348178616,95.6927954397067,2.977976664947406,2.977976664947406,2.7156994018233904,24.018126066337977,84.5253173533792,89.79143438300437,0.023813869367358,0.0104501075071014,0.2649833544333474,0.1354534309172642,-1.5785429289197577,1.4442126878722297,0.0,0.4661641707163873,0.0,0.0,0.0836596621167978,0.0,0.0047333879017177,0.0586483228139848,0.0018843018893145,0.5776484284051222,0.0,288.33330735197774,0.0548856487345067,0.0364236310683976,-34.99687834463075,453411000.0,1267771000.0,250457000.0,502045000.0,12826500.0,267233500.0,844461000.0,0.9210066622717344,24.28160992601256,75.13683015094115,97.71916283212111,3.706508764214362,1.1978147044425544,0.0709171472780981,0.4425615412058509,2007-07-20,16.05,bmo,1501934936.0,2025-04-25,2007-06-30,-0.1190031152647975,747.6852387777777,121293.6507936508
2007-03-31,NVR,USD,906163,2007-05-04,2007-05-04 14:13:57,2007,Q1,1093189000.0,853410000.0,239779000.0,0.2193390164,0,106729000.0,0.0,106729000.0,0.0,106729000.0,960139000.0,0.0,0.0,4337000.0,137387000.0,0.1256754322,133050000.0,0.1217081401,6773000.0,138032000.0,0.1262654491,53211000.0,84821000.0,0.0775904258,14.98,12.96,5663000,6545000,https://www.sec.gov/Archives/edgar/data/906163/000095013307002084/0000950133-07-002084-index.htm,https://www.sec.gov/Archives/edgar/data/906163/000095013307002084/w34366e10vq.htm,193.0406145152746,14.978103478721524,12.813702984283948,12.53169698039908,98.40049443757724,221.63658838071697,210.8945788451351,221.63658838071697,49.81105421154865,3765895000.0,3490733000.0,11.09953608186652,3.444870923509109,51.89756628631277,53.06543886595178,3.000407129790746,3.000407129790746,3.1931651342997416,25.40802987182193,48.10557576759826,49.18811560302676,0.0225234638777767,0.018844657113382,0.2247420183439458,0.1142974302122371,-2.002824139110688,1.47386216758941,0.0,0.8554956909255963,0.0,0.0,0.0976308762711662,0.0,0.0246488275477552,0.0220081583154181,0.0014608635835157,0.3682268849435093,0.0131020345063845,273.3004838951748,0.0531870435703724,0.0352376184768903,-43.30968567896875,441042000.0,1194296000.0,158962000.0,540483000.0,12196000.0,268840500.0,767988000.0,1.0026719990779271,26.149787323795127,84.61630400393715,89.7601609327531,3.441710591584967,1.0636248068198813,0.0675795616064656,0.2820060038848667,2007-04-20,8.81,bmo,748850000.0,2025-04-25,2007-03-31,0.47105561861521,675.3439351147541,79922.95081967213
2006-12-31,NVR,USD,906163,2007-02-21,2007-02-21 16:00:12,2006,Q4,1627130000.0,1297372000.0,329758000.0,0.2026623564,0,114309000.0,0.0,114309000.0,0.0,159600000.0,1456972000.0,0.0,0.0,4069000.0,174227000.0,0.1070762631,170158000.0,0.104575541,49601000.0,219759000.0,0.1350592761,84592000.0,135167000.0,0.0830708057,23.87,23.87,5530000,5663000,https://www.sec.gov/Archives/edgar/data/906163/000095013307000704/0000950133-07-000704-index.htm,https://www.sec.gov/Archives/edgar/data/906163/000095013307000704/w30408e10vk.htm,294.2368896925859,24.44249547920434,77.85985533453888,76.52332730560579,100.56401446654613,208.33164556962024,206.1732368896926,208.33164556962024,64.49041591320072,3566850000.0,3367363000.0,6.597116899835019,2.192111263390141,8.284115058121305,8.428802336627486,3.096025081722181,3.096025081722181,2.0695107336230048,19.32744637742715,7.820800575987366,7.9573957757329135,0.0378953418282237,0.1186408175280709,0.309556504182891,0.1441631686856862,-1.1449832689537214,1.1638522724631566,0.0,3.185429875635325,0.0,0.0,0.0702519159501699,0.0,0.0048249500365428,0.0171658170078849,0.004542353714823,1.8164168100270337,0.035727938148765,338.48673439699155,0.069370010378435,0.0549041542371008,-70.46062386980108,183294000.0,1140138000.0,-19786000.0,236828000.0,14487500.0,291023500.0,872377500.0,0.6755268478855407,20.098167680511065,50.89167948745618,133.22934577908785,4.478020157393345,1.7684619746570414,0.1173249287806165,1.3365280289330923,2007-01-25,21.58,bmo,1691743720.0,2025-04-25,2006-12-31,-0.0333642261353104,584.2901582063492,67198.41269841269
2006-09-30,NVR,USD,906163,2006-10-24,2006-10-24 14:57:43,2006,Q3,1553411000.0,1238671000.0,314740000.0,0.202612187,0,104421000.0,0.0,104421000.0,0.0,104421000.0,1343092000.0,0.0,0.0,3767000.0,214086000.0,0.1378167143,210319000.0,0.1353917283,14150000.0,212107000.0,0.1365427437,82774000.0,129333000.0,0.0832574251,22.59,19.63,5725000,6588000,https://www.sec.gov/Archives/edgar/data/906163/000095013306004536/0000950133-06-004536-index.htm,https://www.sec.gov/Archives/edgar/data/906163/000095013306004536/w26177e10vq.htm,271.3381659388646,22.590917030567685,21.933275109170307,20.869868995633187,41.67772925764192,189.7844541484716,187.69414847161573,189.7844541484716,64.8389519650655,3062875000.0,3195473000.0,5.920521058043964,1.9717093544464408,24.392162015800203,25.63504352192836,2.818987479245589,2.818987479245589,2.057068605797178,14.926118475752736,25.44814761722732,26.744835955808504,0.042226013141248,0.0390091009264171,0.3416452219755622,0.1501177840820626,0.619367917565838,1.0676741168863684,0.0,0.9708891002296398,0.0,0.0,0.0672204587195532,0.0,0.0048395608928538,0.0484836901121304,0.0039191173488535,1.6161401645872049,0.0,310.59074244187195,0.087974953074508,0.0525577683155489,-109.95336244541484,80277000.0,1074549000.0,-119723000.0,130489000.0,17967000.0,311908000.0,1014584000.0,0.9711402841875072,21.240046792086037,73.46786192620962,92.67456150817326,4.237278800795,1.2250254416059514,0.1190346023436378,1.063406113537118,2006-10-17,23.31,bmo,1851262862.0,2025-04-25,2006-09-30,-0.1578721578721578,498.42460461904767,88633.33333333333
2006-06-30,NVR,USD,906163,2006-07-24,2006-07-24 09:52:00,2006,Q2,1748928000.0,1304183000.0,444745000.0,0.2542957743,0,129403000.0,0.0,129403000.0,0.0,129403000.0,1433586000.0,0.0,0.0,3311000.0,318653000.0,0.1821990385,315342000.0,0.1803058788,-2264000.0,313078000.0,0.1790113715,122726000.0,190352000.0,0.1088392432,33.27,28.08,5722000,6779000,https://www.sec.gov/Archives/edgar/data/906163/000095013306003334/0000950133-06-003334-index.htm,https://www.sec.gov/Archives/edgar/data/906163/000095013306003334/w23401e10vq.htm,305.6497728067109,33.266689968542465,31.32016777350577,30.427997203774904,30.75288360713037,174.8002446696959,172.70342537574274,174.8002446696959,64.90527787486893,2810932500.0,3006352500.0,3.691755931117088,1.6072316870677352,15.684781880879845,16.144670867100494,2.81035075739322,2.81035075739322,1.7189687054012517,9.434565185326983,16.775210084033613,17.26707120252256,0.0677184528621729,0.0619399434173534,0.371311138594311,0.1469199224946653,0.6132689791089366,1.0819192160611857,0.0,0.9414873497520384,0.0,0.0,0.0739898955245727,0.0,0.0047463709923072,0.0284854977847712,0.0029189309108208,1.5418302627604954,0.0,361.71546107634543,0.1217554281161138,0.0756617702005065,-144.749650471863,91857000.0,988209000.0,-314450000.0,139959000.0,15872500.0,315286500.0,1020169500.0,0.9865929300691624,22.87563171732801,70.25287862209521,91.22303359065305,3.9343175791655214,1.281086295184125,0.1903126052907048,0.8921705697308633,2006-07-20,25.23,bmo,1575706944.0,2025-04-25,2006-06-30,0.1129607609988108,664.4752381269842,83560.31746031746
2006-03-31,NVR,USD,906163,2006-04-26,2006-04-26 16:37:10,2006,Q1,1204655000.0,861039000.0,343616000.0,0.2852401725,0,123174000.0,0.0,123174000.0,0.0,123174000.0,984213000.0,0.0,0.0,3011000.0,223453000.0,0.1854912817,220442000.0,0.1829918109,-2415000.0,218027000.0,0.1809870876,85467000.0,132560000.0,0.1100398039,23.69,19.48,5596000,6805000,https://www.sec.gov/Archives/edgar/data/906163/000095013306002040/0000950133-06-002040-index.htm,https://www.sec.gov/Archives/edgar/data/906163/000095013306002040/w20203e10vq.htm,215.2707290922087,23.68834882058613,-9.36097212294496,-10.227126518942102,18.675482487491067,138.2941386704789,136.14438884917797,138.2941386704789,88.75160829163688,4135164267.152,4527310267.152,7.798665259414605,3.4326543841614403,-78.93945225931581,-72.25392299893414,5.343321265124165,5.343321265124165,3.758179949572285,20.260682412641582,-86.42544034728162,-79.10590881081932,0.0320567676242031,-0.0138400789672659,0.6417597241999551,0.2115489054620623,1.75493727987541,0.9832431401551076,0.0,-0.3951719975859988,0.0,0.0,0.1022483615640992,0.0,0.0051241575275918,-0.0925282529016493,0.0040235586122167,1.6097641979408834,0.0112563348012501,271.49419040754503,0.1054885886972631,0.0567545200034422,-169.53471229449607,-19418000.0,761864000.0,-434418000.0,26721000.0,26567500.0,293536000.0,908142500.0,0.939331177806094,31.261719852410867,106.85683226892162,95.8128529388372,2.878920303326156,0.8422484373624439,0.1712896081375485,0.8661543959971408,2006-04-19,17.58,bmo,1090808316.0,2025-04-25,2006-03-31,0.1080773606370877,756.8041932903226,61522.58064516129
2005-12-31,NVR,USD,906163,2006-02-23,2006-02-23 14:34:43,2005,Q4,1662499000.0,1180762000.0,481737000.0,0.2897667908,0,111318000.0,0.0,111318000.0,0.0,131826000.0,1312588000.0,0.0,0.0,3272000.0,353183000.0,0.21244103,349911000.0,0.2104729086,14505000.0,364416000.0,0.2191977258,141879000.0,222537000.0,0.1338569226,39.77,39.77,5596000,5596000,https://www.sec.gov/Archives/edgar/data/906163/000095013306000855/0000950133-06-000855-index.htm,https://www.sec.gov/Archives/edgar/data/906163/000095013306000855/w17469e10vk.htm,297.08702644746245,39.76715511079343,43.81719085060757,42.28073624017155,31.72373123659757,121.00822015725518,118.85293066476056,121.00822015725518,82.168691922802,3928392000.0,4210682000.0,4.4131897167662,2.362943977710663,16.02110921244204,16.60330595977228,5.801258782979553,5.801258782979553,2.5327425760857603,11.922097043175915,17.172368791318142,17.79640156718216,0.0566483691036943,0.0602289690030933,0.6790339682380288,0.2025988857889625,0.7992740307432691,0.7848942087409436,0.0,1.101843738344635,0.0,0.0,0.0669582357643523,0.0,0.0053141803710629,0.0350651098486547,0.0051717324341247,2.627750611246944,0.0568180792890702,329.0492894160063,0.1879361502317461,0.0985755652091868,-176.4637240886347,-277363000.0,665101000.0,-580363000.0,-233203000.0,29887000.0,293628000.0,855278000.0,2.195838914790325,21.951011296095235,60.51833477025853,40.98661308613973,4.100038890509326,1.4871526181554835,0.3286318488042743,1.5364546104360255,2006-01-26,29.15,bmo,1599929844.0,2025-04-25,2005-12-31,0.0391080617495712,719.1004764761905,87839.68253968254
2005-09-30,NVR,USD,906163,2005-11-03,2005-11-03 15:36:54,2005,Q3,1376173000.0,970437000.0,405736000.0,0.2948292112,0,94583000.0,0.0,94583000.0,0.0,111110000.0,1081547000.0,0.0,0.0,2621000.0,297247000.0,0.2159953727,294626000.0,0.2140908156,13345000.0,307971000.0,0.2237879976,118528000.0,189443000.0,0.1376592914,30.08,24.33,6298000,7787000,https://www.sec.gov/Archives/edgar/data/906163/000119312505215577/0001193125-05-215577-index.htm,https://www.sec.gov/Archives/edgar/data/906163/000119312505215577/d10q.htm,218.50952683391552,30.07986662432518,17.530168307399176,17.178151794220387,39.02286440139727,143.7597650047634,134.24690377897744,143.7597650047634,50.34106065417593,5573415175.576,5644697175.576,7.355002791837123,4.04993788976822,50.48154681016258,51.516020035271936,6.155755833147596,6.155755833147596,4.101735156536279,18.98992143091772,51.127187859028126,52.17489162916405,0.0339904697626301,0.0194114374385932,0.3501748952671695,0.1430648423321183,0.2398072983074682,1.066999528611137,0.0,0.5827874347429042,0.0,0.0,0.0687290042748985,0.0,0.0270347103082242,0.02008061229111,0.0016109893160234,0.8458603586417398,0.0,311.92335202573616,0.1482551436076138,0.0878595790190343,-94.03771038424895,74193000.0,845487000.0,-129156000.0,160262000.0,27779000.0,276571500.0,862987000.0,1.2564408689895818,27.75463013054943,85.00530173519765,71.6309077659796,3.242702193351778,1.0587574911546278,0.2092370325127374,0.3520165131787869,2005-10-18,25.9,bmo,1465005343.0,2025-04-25,2005-09-30,-0.0606177606177606,861.912814125,46060.9375
2005-06-30,NVR,USD,906163,2005-07-29,2005-07-29 14:37:20,2005,Q2,1279803000.0,907284000.0,372519000.0,0.2910752671,0,92128000.0,0.0,92128000.0,0.0,105916000.0,1013200000.0,0.0,0.0,2391000.0,268994000.0,0.2101839111,266603000.0,0.2083156548,10504000.0,277107000.0,0.216523168,109458000.0,167649000.0,0.1309959423,26.31,21.42,6372000,7825000,https://www.sec.gov/Archives/edgar/data/906163/000119312505152574/0001193125-05-152574-index.htm,https://www.sec.gov/Archives/edgar/data/906163/000119312505152574/d10q.htm,200.84792843691147,26.310263653483997,20.431732580037664,19.53892027620841,41.60059635907093,128.12146892655366,118.71421845574388,128.12146892655366,51.983050847457626,5161320000.0,5227477000.0,7.6966161444446435,4.032901938814021,39.644215037905845,41.45571958683394,6.322125454745894,6.322125454745894,4.084595050957061,19.43343345948237,40.15236844328717,41.98709257682607,0.0324818069796098,0.0241221237977881,0.4057325542939036,0.156641576157506,0.2459422886755838,1.0146708356283631,0.0,0.7765689028863876,0.0,0.0,0.0719860791074876,0.0,0.0283470576857871,0.0436973369895,0.0044452153964321,2.3793391886240065,0.0,275.4005566632153,0.1405458815510126,0.0815942040271226,-94.34808537350912,16061000.0,756447000.0,-187403000.0,102485000.0,26732500.0,231848000.0,750886500.0,2.55597150498944,25.18368008253204,80.28949039110135,35.21166015517526,3.5737429837518464,1.1209437195528007,0.2053540587219343,0.892812303829253,2005-07-19,18.3,bmo,1093386554.0,2025-04-25,2005-06-30,0.1704918032786885,766.61015515625,49781.25
2005-03-31,NVR,USD,906163,2005-05-05,2005-05-05 15:50:34,2005,Q1,942442000.0,679547000.0,262895000.0,0.2789508532,0,79051000.0,0.0,79051000.0,0.0,73546000.0,753093000.0,0.0,0.0,2406000.0,197240000.0,0.2092860887,189349000.0,0.2009131596,5576000.0,194925000.0,0.2068297041,76995000.0,117930000.0,0.1251323689,17.71,14.38,6659000,8200000,https://www.sec.gov/Archives/edgar/data/906163/000119312505097415/0001193125-05-097415-index.htm,https://www.sec.gov/Archives/edgar/data/906163/000119312505097415/d10q.htm,141.52905841717975,17.70986634629824,7.054362516894429,6.729088451719478,38.09866346298243,118.03138609400813,109.02477849526956,118.03138609400813,45.40636732242079,5227315000.0,5275977000.0,11.081393623335876,5.546564138695008,111.27865886109632,116.6577026936553,6.650773374590156,6.650773374590156,5.59819808539942,26.74902149665382,112.314571580628,117.74368988372872,0.0225603392946474,0.0085720871996426,0.3846973997768365,0.1639234144707095,0.2467146623402961,1.1271115833423049,0.0,0.3983295175103875,0.0,0.0,0.0838789018316246,0.0,0.0325151285479304,0.0461096327833954,0.0022982846689769,0.9002493765586035,0.0771983846220775,216.86908868911493,0.1052587898479482,0.0660838496630244,-66.95100615708064,108626000.0,725996000.0,-95357000.0,194830000.0,15569500.0,218386000.0,640460000.0,1.6348061737486232,27.788938807764584,91.69961753933136,55.05239792043928,3.2386987003207497,0.981465380282504,0.1500437039025613,0.3252740651749512,2005-04-19,15.09,bmo,1003831293.0,2025-04-25,2005-03-31,-0.0470510271703114,782.0783601803278,67222.95081967213
2004-12-31,NVR,USD,906163,2005-02-28,2005-02-28 16:10:34,2004,Q4,1258369000.0,929102000.0,329267000.0,0.2616617224,0,80046000.0,0.0,80046000.0,0.0,54453000.0,983555000.0,0.0,0.0,2382000.0,277196000.0,0.2202819682,274814000.0,0.2183890417,-9919000.0,264895000.0,0.2105066161,105957000.0,158938000.0,0.1263047643,23.87,23.87,6447428,6659000,https://www.sec.gov/Archives/edgar/data/906163/000119312505038619/0001193125-05-038619-index.htm,https://www.sec.gov/Archives/edgar/data/906163/000119312505038619/d10k.htm,195.1737964347954,24.65138036438716,34.95362802035168,34.45513466765352,56.97853469631611,129.50823180964565,120.93023760792676,129.50823180964565,33.160975198172046,4960651257.938272,4807089257.938272,7.802808733497138,3.9421276731533217,22.01202185798906,22.33048953142861,5.940935284568496,5.940935284568496,3.820095105599607,17.341842082635655,21.330617355879117,21.63922653890565,0.0320397447302226,0.0447818216699893,0.2560530302576662,0.1202513882428639,-0.5539834629648336,1.3126695944620006,0.0,1.417917678591652,0.0,0.0,0.0636109122205013,0.0,0.0311063141216906,0.0142615625596265,0.0025540997910787,1.3492863140218303,0.0736357936344585,268.01590505009773,0.1572175361175606,0.092263074394788,-42.00465674064139,231030000.0,779689000.0,26953000.0,312662000.0,15010500.0,232774000.0,647423000.0,1.002726545234347,21.984227781233923,57.010532750978896,89.75527817403709,4.093844045630995,1.5786556563700005,0.1903460499763471,0.4984933526981612,2005-01-27,20.72,bmo,1314737009.0,2025-04-25,2004-12-31,-0.0284749034749034,656.7678136875,64665.625
2004-09-30,NVR,USD,906163,2004-10-29,2004-10-29 15:21:23,2004,Q3,1146271000.0,848195000.0,298076000.0,0.2600397288,0,71037000.0,0.0,71037000.0,0.0,71037000.0,919232000.0,0.0,0.0,2237000.0,234269000.0,0.2043748817,227039000.0,0.1980674727,19092000.0,246131000.0,0.2147232199,98452000.0,147679000.0,0.1288342809,23.16,19.04,6377000,7758000,https://www.sec.gov/Archives/edgar/data/906163/000119312504181635/0001193125-04-181635-index.htm,https://www.sec.gov/Archives/edgar/data/906163/000119312504181635/d10q.htm,179.75082327113063,23.158068057080133,20.85588834875333,20.41869217500392,40.91108671789242,101.61204328053944,92.93931315665674,101.61204328053944,48.07480006272542,3513727000.0,3559410000.0,5.94825093615206,3.065354527855978,26.419397284169687,26.98507795100223,5.422585573628815,5.422585573628815,3.105208105238639,15.193687598444525,26.76288365238575,27.33591890023808,0.0420291616280946,0.0370575175589907,0.4731210839840736,0.1796560566886461,0.1950023263854799,1.5311661472957674,0.0,0.9005884384374218,0.0,0.0,0.0619722561244243,0.0,0.0324100878786529,0.0209627212439284,0.002432234611187,1.2463120250335271,0.0,230.09914995164223,0.1167609954089052,0.0894407372369844,-67.80935392817939,341074000.0,592674000.0,-75267000.0,421856000.0,19398000.0,223201500.0,678506000.0,1.2563259473545088,25.31697310170421,74.94448800099035,71.63746015874008,3.554927346110806,1.2008888498752666,0.2279067255162196,0.4371961737494119,2004-10-18,16.91,bmo,1037869012.0,2025-04-25,2004-09-30,0.1259609698403311,498.8596878125,39925.0
2004-06-30,NVR,USD,906163,2004-07-28,2004-07-28 16:15:36,2004,Q2,1002333000.0,735978000.0,266355000.0,0.2657350402,0,70611000.0,0.0,70611000.0,0.0,70611000.0,806589000.0,0.0,0.0,2163000.0,197907000.0,0.1974463576,195744000.0,0.1952883922,-2460000.0,193284000.0,0.192834118,77314000.0,115970000.0,0.1157000717,17.91,14.82,6475000,7825000,https://www.sec.gov/Archives/edgar/data/906163/000119312504126283/0001193125-04-126283-index.htm,https://www.sec.gov/Archives/edgar/data/906163/000119312504126283/d10q.htm,154.8004633204633,17.91042471042471,9.351969111969112,9.067490347490349,22.0619305019305,78.9850193050193,70.44355212355212,78.9850193050193,45.6972972972973,3135195077.7000003,3288234077.7000003,6.758633865870484,3.127897692383669,51.775193673415465,53.39956189024391,6.130276554471011,6.130276554471011,3.280580483432153,16.615046853825284,54.302508136539295,56.00616701355771,0.0369897238053449,0.0187267454001846,0.5785565123536451,0.1978560744001428,0.7732874531977141,1.4424811286081818,0.0,0.522152280762266,0.0,0.0,0.0704466479702853,0.0,0.036982081350415,0.030419130032698,0.0018377126164657,0.8515950069348127,0.0,178.40892055630175,0.1150170645400881,0.0805249362056694,-77.02745173745174,250416000.0,456122000.0,-167701000.0,330628000.0,21327500.0,199164000.0,635356500.0,2.0467748742184484,25.41181937503567,79.57240569690943,43.9716165825839,3.54165904738073,1.1310453568892864,0.2267572366002643,0.2844787644787644,2004-07-19,13.88,bmo,939662887.0,2025-04-25,2004-06-30,0.0677233429394812,449.84306433870967,45443.54838709677
2004-03-31,NVR,USD,906163,2004-05-07,2004-05-07 08:09:16,2004,Q1,878561000.0,643011000.0,235550000.0,0.2681088735,0,64694000.0,0.0,64694000.0,0.0,64694000.0,707705000.0,0.0,0.0,2076000.0,159838000.0,0.1819315904,170856000.0,0.1944725523,-3161000.0,167695000.0,0.1908746234,67078000.0,100617000.0,0.114524774,15.27,12.58,6591000,7997000,https://www.sec.gov/Archives/edgar/data/906163/000119312504081262/0001193125-04-081262-index.htm,https://www.sec.gov/Archives/edgar/data/906163/000119312504081262/d10q.htm,133.29707176452737,15.265817023213472,6.829767865270824,6.538916704597178,32.058564709452284,78.49810347443484,70.10696404187529,78.49810347443484,44.66560461235017,3031860000.0,3114953000.0,7.533170339008319,3.4509385233353176,67.352215928024,70.34804399276068,5.860014186837166,5.860014186837166,3.545517044348657,19.48818804039089,69.19811174053093,72.27604529212492,0.0331865587461162,0.0142150363143416,0.5690023406348513,0.2030791156682673,0.5198576058258987,1.8002681900765445,0.0,0.4473896061301768,0.0,0.0,0.0736363212116176,0.0,0.0381516200262548,0.042585804731756,0.0021819771194032,0.9234104046242776,0.0,164.2029168345526,0.0960943981117378,0.0721614881975657,-60.09095736610529,378366000.0,462075000.0,-81091000.0,458883000.0,14705000.0,194300500.0,578293500.0,2.034463173302708,26.66669777033363,86.78021060292903,44.2377139979859,3.374996063446741,1.037102806903793,0.1944737050645462,0.2908511606736458,2004-04-16,11.36,bmo,793393958.0,2025-04-25,2004-03-31,0.1073943661971831,453.508064516129,63714.51612903226
2003-12-31,NVR,USD,906163,2004-02-17,2004-02-17 13:40:45,2003,Q4,1168778000.0,829707000.0,339071000.0,0.2901072744,0,70192000.0,0.0,70192000.0,0.0,119631000.0,949338000.0,0.0,0.0,2069000.0,221509000.0,0.1895218767,219440000.0,0.1877516517,-7892000.0,211548000.0,0.1809993001,84058000.0,127490000.0,0.1090797397,19.34,19.34,6591000,6591000,https://www.sec.gov/Archives/edgar/data/906163/000119312504024751/0001193125-04-024751-index.htm,https://www.sec.gov/Archives/edgar/data/906163/000119312504024751/d10k.htm,177.32938856015778,19.343043544226976,41.419663177059626,40.776513427401,35.232741617357,75.08238507055076,66.6912456379912,75.08238507055076,38.43726293430436,3071406000.0,3092527000.0,6.022837085261589,2.6278780059172915,11.250695062583103,11.428147255151474,6.206515676907781,6.206515676907781,2.645949016836388,13.961179906911232,11.328062213137873,11.506734683246638,0.0415086771335342,0.0875032476982854,0.51193449566349,0.1858550881993683,0.0953505275180692,1.1727103980907554,0.0,2.1413208879127774,0.0,0.0,0.060055887431146,0.0,0.0405735434907802,0.0155276431609138,0.0036268649820581,2.048815853069116,-0.0153485092977451,180.76847481251207,0.1756893749015239,0.0974843993610639,-54.70573509330906,114631000.0,439562000.0,-89888000.0,195343000.0,12497000.0,194463500.0,572778000.0,0.7353834517761286,21.486030610805983,58.20392017905116,122.38513089005237,4.188768117771192,1.5462875992396288,0.2576242553569841,0.6431497496586254,2004-01-27,12.27,bmo,917328571.0,2025-04-25,2003-12-31,0.215158924205379,487.355936515625,64446.875
2003-09-30,NVR,USD,906163,2003-10-28,2003-10-27 17:36:28,2003,Q3,956848000.0,719507000.0,237341000.0,0.2480446215,0,63871000.0,0.0,63871000.0,0.0,63871000.0,783378000.0,0.0,0.0,1878000.0,175348000.0,0.1832558567,173470000.0,0.1812931626,-147323000.0,184792000.0,0.1931257629,75389000.0,109403000.0,0.1143368644,15.3,12.55,7151000,8716000,https://www.sec.gov/Archives/edgar/data/906163/000119312503067729/0001193125-03-067729-index.htm,https://www.sec.gov/Archives/edgar/data/906163/000119312503067729/d10q.htm,133.80618095371275,15.29897916375332,12.404279121801146,12.150188784785344,31.22486365543281,79.01999720318837,72.31338274367221,79.01999720318837,52.10991469724514,3335941500.0,3485290500.0,7.623057640101277,3.486386029965052,37.607989583215904,38.39446516124577,5.903568925729818,5.903568925729818,3.642470381920639,19.8764200333052,39.29168686515676,40.113372695255855,0.0327952393649588,0.0260454207605259,0.659452246793329,0.2576176461844882,0.8517291329242421,1.98644395859842,0.0,0.8107912945714468,0.0,0.0,0.0667514589569085,0.0,0.0331557294032328,0.0204840873476658,0.0018989431968295,0.9675186368477104,-0.0060145394043777,164.92670809016062,0.0919096261274947,0.0782278097242938,-47.831771780170605,420962000.0,517113000.0,-33696000.0,491945000.0,14909000.0,187796500.0,576534000.0,1.4526445161613966,23.87234592575194,76.17415813883673,61.95596995596996,3.77005260731053,1.1815030477391557,0.1936089560268426,0.2540903370158019,2003-10-16,12.46,bmo,973369243.0,2025-04-25,2003-09-30,0.0072231139646869,432.837811484375,72978.125
2003-06-30,NVR,USD,906163,2003-08-07,2003-08-07 16:12:43,2003,Q2,848501000.0,623210000.0,225291000.0,0.2655164814,0,65299000.0,0.0,65299000.0,0.0,65299000.0,688509000.0,0.0,0.0,2312000.0,162304000.0,0.1912832159,159992000.0,0.1885584107,-4103000.0,155889000.0,0.1837228241,60797000.0,95092000.0,0.1120705809,13.35,10.9,7124000,8725000,https://www.sec.gov/Archives/edgar/data/906163/000119312503030865/0001193125-03-030865-index.htm,https://www.sec.gov/Archives/edgar/data/906163/000119312503030865/d10q.htm,119.10457608085343,13.348119034250422,16.37043795620438,16.114963503649633,55.275968556990456,78.05783267827063,70.29449747332959,78.05783267827063,60.97361033127456,2927964000.0,2968554000.0,7.697713792958398,3.450749026813168,25.106231189388023,25.50424640471068,5.265326821127744,5.265326821127744,3.4985863304816376,18.29008527208202,25.454275743206743,25.85780859385208,0.0324771752658161,0.0392091569431864,0.7811337855431914,0.2839333478009637,0.2500862578864353,2.21929295071537,0.0,1.226422832625247,0.0,0.0,0.0769580707624387,0.0,0.0361512093980332,0.0156058410433619,0.0021449591691701,0.78719723183391,-0.0065044118981592,153.1121090843767,0.0802968692985557,0.0644890020385935,-41.71188938798428,523173000.0,500778000.0,-21516000.0,601469000.0,12258000.0,167796000.0,496801500.0,1.5246416916420842,26.679690633975707,78.57428475152837,59.03026297481564,3.3733524587945545,1.1454129081111282,0.1710029420015681,0.2554744525547445,2003-07-18,10.85,bmo,844607798.0,2025-04-25,2003-06-30,0.0046082949308756,384.1280948730159,72288.88888888889
2003-03-31,NVR,USD,906163,2003-05-15,2003-05-15 14:25:46,2003,Q1,743574000.0,539437000.0,204137000.0,0.2745348815,0,56427000.0,0.0,56427000.0,0.0,56427000.0,595864000.0,0.0,0.0,2168000.0,149878000.0,0.2015643366,147710000.0,0.1986486886,-3767000.0,143943000.0,0.1935826159,56137000.0,87806000.0,0.1180864312,12.41,10.1,7078000,8697000,https://www.sec.gov/Archives/edgar/data/906163/000092838503001610/0000928385-03-001610-index.htm,https://www.sec.gov/Archives/edgar/data/906163/000092838503001610/d10q.htm,105.05425261373269,12.405481774512577,10.520203447301498,10.296976547047189,13.515682396157109,60.45422435716304,52.640435151172646,60.45422435716304,36.40901384571913,2328662000.0,2490701000.0,6.63013347607225,3.131715202521874,31.27315946388762,31.95112647841717,5.44213416842917,5.44213416842917,3.3496343336372707,16.618189460761418,33.44928957051919,34.17443264454872,0.0377066315334728,0.0312978010548546,0.6022575631872306,0.225412442237094,1.081139326652344,1.3258736817475307,0.0,0.8480286085233355,0.0,0.0,0.0758861929007738,0.0,0.0483760783939834,0.0212188767424995,0.0021248725748883,0.7287822878228782,-0.0241253728613426,129.90067365198422,0.1044919026921594,0.0807081240320053,-54.72308561740605,136486000.0,372589000.0,-160039000.0,214759000.0,10474500.0,156269000.0,443092500.0,1.2275577144978174,25.16740601775555,74.99669099449983,73.31630842042989,3.5760538824106547,1.200052946424003,0.2052045478446815,0.2232269002543091,2003-04-16,9.87,bmo,726666534.0,2025-04-25,2003-03-31,0.0233029381965552,331.58475429508195,88791.80327868853
2002-12-31,NVR,USD,906163,2003-02-07,2003-02-07 16:35:19,2002,Q4,834189000.0,590441000.0,243748000.0,0.2921975715,0,65085000.0,0.0,65085000.0,0.0,103421000.0,693862000.0,0.0,0.0,2165000.0,142492000.0,0.1708150072,140327000.0,0.168219672,-11313000.0,129014000.0,0.1546579972,50067000.0,78947000.0,0.0946392244,11.15,11.15,7078000,7078000,https://www.sec.gov/Archives/edgar/data/906163/000092838503000218/0000928385-03-000218-index.htm,https://www.sec.gov/Archives/edgar/data/906163/000092838503000218/d10k.htm,117.85659790901384,11.153857021757558,17.384006781576716,16.886408589997174,20.181548460016955,56.9716021474993,49.1578129415089,56.9716021474993,35.922153150607514,2310967000.0,2422379000.0,7.318096317782817,2.7703158396958005,18.781630961282143,19.33507638761065,5.730925367952485,5.730925367952485,2.903873103097739,17.00010526906774,19.687095673092557,20.267222770703302,0.0341618898063018,0.0517194750076483,0.6305273468982876,0.2150550458094813,0.781882491648654,0.89560032769973,0.0,1.5585646066348309,0.0,0.0,0.0780218871262987,0.0,0.0467787882478719,0.0286239068950944,0.0042220647838799,1.6267898383371824,-0.0449166795534345,119.57296874589764,0.1296332560891078,0.070051695590524,-57.89145945182255,-68814000.0,347939000.0,-188717000.0,9559000.0,11937500.0,160690000.0,436598000.0,1.165958793510823,24.646306743603507,66.56153620768205,77.1896918663829,3.651662739422726,1.3521322542674856,0.1957792409081327,0.4975981915795422,2003-01-24,8.85,bmo,828533481.0,2025-04-25,2002-12-31,0.0067796610169492,323.4695310625,100217.1875
2002-09-30,NVR,USD,906163,2002-10-22,2002-10-22 15:35:24,2002,Q3,847044000.0,645869000.0,201175000.0,0.2375024202,0,68000000.0,0.0,68000000.0,0.0,68000000.0,713869000.0,0.0,0.0,1879000.0,135054000.0,0.1594415402,133175000.0,0.1572232375,16141000.0,149316000.0,0.1762789182,57336000.0,91980000.0,0.1085894003,12.58,10.14,7311606,9071006,https://www.sec.gov/Archives/edgar/data/906163/000092838502003376/0000928385-02-003376-index.htm,https://www.sec.gov/Archives/edgar/data/906163/000092838502003376/d10q.txt,115.84924023531904,12.579999524044377,17.193349860482087,16.24034446057405,11.30928006788112,48.7906487302516,41.22651029062562,48.7906487302516,36.75348480210777,2192238731.929122,2378276731.929122,5.958465785847799,2.588104905918845,17.4387184250314,18.46204603159026,6.145234687443227,6.145234687443227,2.8077369439239543,17.6098207526554,18.918604831153377,20.02877417556506,0.0419571092602034,0.0541651774829782,0.7532895290100858,0.2471146038609271,1.3775082559568763,0.8715597982708934,0.0,1.3667210263100673,0.0,0.0,0.0802791826634743,0.0,0.0508580093594333,0.0554287214324919,0.0082262550705748,3.7083555082490687,0.0,117.51677582625632,0.1301212098894095,0.0891146952050713,-57.43881713538722,-78441000.0,301432000.0,-198442000.0,-2075000.0,10563500.0,161360000.0,451811500.0,1.3884992987377278,22.25220594269117,60.82809362270058,64.81818181818181,4.0445428301260575,1.4795794942752023,0.2578362832106476,0.9530053999080366,2002-10-16,9.21,bmo,761511869.0,2025-04-25,2002-09-30,0.1009771986970683,300.68984365625,127835.9375
2002-06-30,NVR,USD,906163,2002-07-24,2002-07-24 14:55:21,2002,Q2,788439000.0,585828000.0,202611000.0,0.2569773946,0,64435000.0,0.0,64435000.0,0.0,75890000.0,661718000.0,0.0,0.0,1836000.0,128557000.0,0.1630525634,126721000.0,0.1607239114,7837000.0,134558000.0,0.1706638053,50728000.0,83830000.0,0.1063240149,11.42,8.9,7340630,9419101,https://www.sec.gov/Archives/edgar/data/906163/000092838502002554/0000928385-02-002554-index.htm,https://www.sec.gov/Archives/edgar/data/906163/000092838502002554/d10q.txt,107.40753859001202,11.420000735631683,7.30019085555327,7.192979349183926,13.153503173433345,52.81358684472586,45.27935613155819,52.81358684472586,32.65482662932201,2345331285.0,2488483285.0,6.99430778062746,2.974651539307416,43.76597904381578,44.41831186909339,6.049579645846499,6.049579645846499,3.156215363522098,19.357042284745287,46.43732337463612,47.129472642563584,0.0357433512852321,0.0225132373996367,0.6183035196099926,0.2223249670974222,1.113529407189029,1.0022983709791655,0.0,0.6392460932840272,0.0,0.0,0.0817247751569874,0.0,0.0512955592881727,0.0146861237590505,0.0009981748746573,0.4286492374727669,0.0,116.492283065908,0.124820988422241,0.0819551128825851,-48.2721850849314,1311000.0,332379000.0,-118783000.0,71969000.0,7223000.0,152251500.0,448205000.0,0.9199316624367896,25.04624224175014,71.76012413199778,97.83335401414568,3.5933534113144128,1.2541784325017502,0.2162322504094819,0.1072115063693443,2002-07-19,7.76,bmo,672611621.0,2025-04-25,2002-06-30,0.1469072164948454,349.94312621875,136575.0
2002-03-31,NVR,USD,906163,2002-04-22,2002-04-22 00:00:00,2002,Q1,692255000.0,513231000.0,179024000.0,0.2586099053,0,52498000.0,0.0,52498000.0,0.0,52825000.0,566056000.0,0.0,0.0,1777000.0,127976000.0,0.1848682928,126199000.0,0.1823013196,-3064000.0,123135000.0,0.1778752049,46422000.0,76713000.0,0.110816101,10.37,8.17,7397589,7397589,https://www.sec.gov/Archives/edgar/data/906163/000092838502001559/0000928385-02-001559-index.htm,https://www.sec.gov/Archives/edgar/data/906163/000092838502001559/d10q.txt,93.57846184750194,10.370000279820898,10.661987304241965,10.52883581393884,9.952026261529262,42.28269507808557,34.80647546112659,42.28269507808557,31.954735522614197,2335418936.0710683,2498185936.0710683,7.610896901669431,3.373639679122676,29.609865683707586,29.984322823426822,7.4664117653092115,7.4664117653092115,3.60876546369628,19.52073776388595,31.67352498410189,32.074079910526244,0.0328476398024999,0.0333507615259097,0.7557402730266313,0.2420527607600678,1.2718556604363318,0.936888596204008,0.0,1.0281568964842986,0.0,0.0,0.0758362164231388,0.0,0.0566313433279029,0.0124884307684505,0.0014228860752179,0.554305008441193,0.0,99.3257775972829,0.1431628167684391,0.0832668505390804,-50.11649741557689,-34309000.0,257484000.0,-154490000.0,36803000.0,6066000.0,139742500.0,415842000.0,0.8303732006269366,24.80847805374188,75.28346884736112,108.38500078284014,3.627792071929428,1.1954815762073472,0.2452540042840244,0.1331514903031244,2002-04-16,6.74,bmo,545381906.0,2025-04-25,2002-03-31,0.2121661721068248,253.4071658,122533.33333333331
2001-12-31,NVR,USD,906163,2002-02-08,2002-02-08 00:00:00,2001,Q4,737703000.0,559408000.0,178295000.0,0.2416894062,0,56654000.0,0.0,56654000.0,0.0,91346000.0,650754000.0,0.0,0.0,4328000.0,91277000.0,0.1237313661,86949000.0,0.1178645064,24752000.0,111701000.0,0.1514173048,44681000.0,67020000.0,0.0908495695,9.06,9.06,7397589,7397589,https://www.sec.gov/Archives/edgar/data/906163/000092838502000316/0000928385-02-000316-index.htm,https://www.sec.gov/Archives/edgar/data/906163/000092838502000316/d10k.txt,99.7220851280059,9.05970850773137,7.85431577774867,7.575170775235012,18.73732103797602,47.19348425547837,39.71726463851939,47.19348425547837,31.592860863181237,1509108156.0,1604208156.0,5.629320188003581,2.045685263581685,25.97298170490336,26.930085941682428,4.322630617728104,4.322630617728104,2.1745989320905568,17.575163031212682,27.60973023768136,28.627148649130948,0.0444103358222126,0.0371331900746814,0.6694326846510349,0.2348743325692153,1.0418834974856754,1.0400650598284094,0.0,0.8669501641301104,0.0,0.0,0.0767978441188391,0.0,0.0555812941499245,0.0355403335456,0.0027992295002189,0.4771256931608133,0.0,98.08201794123114,0.0887093988568755,0.0713175225939913,-40.80001605928634,21061000.0,293812000.0,-99198000.0,92545000.0,8952000.0,141010500.0,412235000.0,0.700891822318738,22.204133655578755,64.73584575122273,128.40783289817233,4.053299326875004,1.390265299782541,0.1919694773686833,0.2791450025136568,2002-01-25,6.19,bmo,624485253.0,2025-04-25,2001-12-31,0.1534733441033924,172.427656375,71365.625
2001-09-30,NVR,USD,906163,2001-10-18,2001-10-18 00:00:00,2001,Q3,692813000.0,530041000.0,162772000.0,0.2349436284,0,54747000.0,0.0,54747000.0,0.0,56832000.0,586873000.0,0.0,0.0,3572000.0,109512000.0,0.1580686275,105940000.0,0.1529128351,-1786000.0,104154000.0,0.1503349389,41662000.0,62492000.0,0.090200386,8.02,6.68,7792020,9355090,https://www.sec.gov/Archives/edgar/data/906163/000092838501502133/0000928385-01-502133-index.htm,https://www.sec.gov/Archives/edgar/data/906163/000092838501502133/d10q.txt,88.91314447344848,8.01999994866543,8.759474436667258,8.425158046308916,14.622780742349224,38.24836178551903,37.39466787816253,38.24836178551903,32.43074324757893,1104518835.0,1243278835.0,4.418640926038533,1.5942524678376415,16.182477730242915,16.824610199698395,3.706041079481398,3.706041079481398,1.7945373932071136,11.352900458397253,18.215472133501333,18.93827529741504,0.0565784828830012,0.059436741067435,0.8478988833413862,0.2563951411943279,1.267075754255241,0.966476260996809,0.0,1.0922038020866671,0.0,0.0,0.0790213232142006,0.0,0.0067492430945056,0.0381662613180179,0.0037600333711982,0.7292833146696529,0.0,83.07777584901383,0.11541635082867,0.0638363944674852,-45.36079861191321,-19015000.0,291380000.0,-139365000.0,4509000.0,12736500.0,140228000.0,408620000.0,1.5795171279984643,24.452297086451804,71.67096507628656,56.97943909861009,3.6806357980112216,1.255738637036686,0.2096821817791378,0.334316390358341,2001-10-16,5.89,bmo,612366017.0,2025-04-25,2001-09-30,0.134125636672326,157.71406789830507,73020.33898305085
2001-06-30,NVR,USD,906163,2001-07-26,2001-07-26 00:00:00,2001,Q2,648465000.0,505676000.0,142789000.0,0.2201953845,0,54041000.0,0.0,54041000.0,0.0,56127000.0,561803000.0,0.0,0.0,4022000.0,90684000.0,0.1398440934,86662000.0,0.133641754,12274000.0,98936000.0,0.1525695296,39574000.0,59362000.0,0.0915423346,7.3,6.1,8131781,9731475,https://www.sec.gov/Archives/edgar/data/906163/000102140801503927/0001021408-01-503927-index.htm,https://www.sec.gov/Archives/edgar/data/906163/000102140801503927/d10q.txt,79.74452337071055,7.299999840133422,3.249472655498224,3.078415417237626,10.981235230019106,37.37963430151402,36.52791436463919,37.37963430151402,28.336842814630646,1203503588.0,1344635588.0,5.0684932616825575,1.855926824115411,45.54585180139267,48.07668229936484,3.959375279228064,3.959375279228064,2.073566943474205,14.82770486524635,50.886905389040265,53.71452035313386,0.0493243232441447,0.0208001041705245,0.7580823981866214,0.2522791494095068,1.5563054122006088,1.0169804574569157,0.0,0.4451332502274182,0.0,0.0,0.0833368030657013,0.0,0.0075827495185512,0.0526415379957614,0.0021450656550469,0.3458478368970661,0.0,78.35563029909981,0.0973022619650006,0.0654875047299227,-38.43819699522159,8311000.0,297037000.0,-111670000.0,30670000.0,11772500.0,129346500.0,384430500.0,1.8478406698896623,24.284957166248745,70.32773950118258,48.70549797205948,3.705997889305816,1.279722633463665,0.1952935061175209,0.1710572382605975,2001-07-20,4.99,bmo,543337377.0,2025-04-25,2001-06-30,0.222444889779559,171.46714298412698,85809.52380952382
2001-03-31,NVR,USD,906163,2001-04-30,2001-04-30 00:00:00,2001,Q1,531696000.0,407165000.0,124531000.0,0.234214664,0,39434000.0,0.0,39434000.0,0.0,41519000.0,448684000.0,0.0,0.0,3240000.0,86252000.0,0.162220517,83012000.0,0.1561268093,-3145000.0,79867000.0,0.1502117751,31947000.0,47920000.0,0.0901266889,5.74,4.84,8348432,9900826,https://www.sec.gov/Archives/edgar/data/906163/000102140801500457/0001021408-01-500457-index.htm,https://www.sec.gov/Archives/edgar/data/906163/000102140801500457/d10q.txt,63.68812730342656,5.740000038330551,-0.2951452440410367,-0.3709678655824231,13.08964366003101,34.731192635934505,27.356993504888106,34.731192635934505,27.093950097455423,1360794416.0,1477708416.0,7.099303088480801,2.559346724444043,-552.270461038961,-439.39115789473686,4.693187524788672,4.693187524788672,2.779235533086576,17.13245392570607,-599.7193246753246,-477.1418844042622,0.0352147241615371,-0.0022758764759657,0.7801042245068994,0.2587736759974922,1.3554932059546445,1.0626345192210327,0.0,-0.0514190317195325,0.0,0.0,0.0741664409737895,0.0,0.0704308013344133,-0.2568993506493506,0.0011905299268755,0.1953703703703703,0.0,66.97412604046745,0.0964984357521206,0.0589763565361974,-33.57897027849062,29072000.0,228388000.0,-90916000.0,105884000.0,8450500.0,120034500.0,354198500.0,1.73179786945924,27.021109378261883,82.60641263369887,51.96911347864334,3.330729273180907,1.0895037943251025,0.1652693041238002,0.0758226215413864,2001-04-20,4.12,bmo,438778252.0,2025-04-25,2001-03-31,0.1747572815533979,138.46564459677418,88611.29032258065
2000-12-31,NVR,USD,906163,2001-03-07,2001-03-07 00:00:00,2000,Q4,629991000.0,492498000.0,137493000.0,0.2182459749,0,52295000.0,0.0,52295000.0,0.0,55869000.0,548367000.0,0.0,0.0,3574000.0,85198000.0,0.1352368526,81624000.0,0.1295637557,-3120000.0,78504000.0,0.124611304,31950000.0,46554000.0,0.0738962938,5.58,5.58,8348432,8348432,https://www.sec.gov/Archives/edgar/data/906163/000092838501000729/0000928385-01-000729-index.htm,https://www.sec.gov/Archives/edgar/data/906163/000092838501000729/0000928385-01-000729-0001.txt,75.46219457737692,5.576376498005853,6.996643201980923,6.77612274975708,16.495073565910342,29.64389001431646,28.74887164439981,29.64389001431646,20.800912075465188,1031866178.503136,1067813178.503136,5.541232646513382,1.6379062216811606,17.665613985433154,18.240519330089025,4.169493205524228,4.169493205524228,1.694965766976252,12.533312736251274,18.281028890160005,18.875962144301504,0.0451163154388226,0.0548230004806074,0.7016930661063521,0.2064225090935026,0.4219230498368506,1.1724830818556726,0.0,1.254693474244963,0.0,0.0,0.0830091223525415,0.0,0.0088819152224044,0.0315180359863724,0.0029222639688503,0.5151091214325686,0.0,60.9866670729706,0.0995637365046848,0.0558343367858496,-33.985902981541926,70474000.0,240008000.0,-114721000.0,93811000.0,8016000.0,117710500.0,347349500.0,0.9528707552965042,21.53137677716457,61.160228061839845,94.45142428785609,4.179946360673547,1.471544545402936,0.188112170680459,0.2205204522238427,2001-01-31,3.18,bmo,604731925.0,2025-04-25,2000-12-31,0.4182389937106917,94.92158746031748,37782.53968253968
2000-09-30,NVR,USD,906163,2000-10-25,2000-10-25 00:00:00,2000,Q3,617672000.0,484150000.0,133522000.0,0.2161697471,0,52351000.0,0.0,52351000.0,0.0,55700000.0,539850000.0,0.0,0.0,3349000.0,81171000.0,0.1314144076,77822000.0,0.1259924361,-3768000.0,74054000.0,0.119892111,30140000.0,43914000.0,0.0710959862,4.93,3.97,8907505,11061461,https://www.sec.gov/Archives/edgar/data/906163/000092838500002873/0000928385-00-002873-index.htm,https://www.sec.gov/Archives/edgar/data/906163/000092838500002873/0000928385-00-002873-0001.txt,69.34287435145981,4.930000039292708,7.812962215569904,7.695196354085684,12.09182593779066,29.803519616323538,28.93391583838572,29.803519616323538,24.149635616258426,721507905.0,828912905.0,4.107505038256593,1.1681084863811213,10.3673866281576,10.526047195273176,2.7177998116583484,2.7177998116583484,1.3419952741908328,10.211934126720134,11.910694959335576,12.092974031658034,0.0608641980159593,0.0950024241245146,0.8102947546849986,0.2642766493564251,1.3231942442497937,1.1184441256177269,0.0,1.5847793414400877,0.0,0.0,0.0847553394034374,0.0,0.0095163329315981,0.0150731384889501,0.0016983123729098,0.3132278292027471,0.0,57.49743854981334,0.096024917144416,0.0544688008156552,-28.487831328750307,50524000.0,257729000.0,-71406000.0,73667000.0,11400000.0,120875500.0,363199500.0,1.3641220583092646,21.860435815346484,66.92475472477538,65.97650074770348,4.11702679490123,1.3447938714175405,0.1654167059045107,0.1177658614842203,2000-10-25,3.7,bmo,573080604.0,2025-04-25,2000-09-30,0.0729729729729729,69.2305555873016,19685.714285714286
2000-06-30,NVR,USD,906163,2000-07-26,2000-07-26 00:00:00,2000,Q2,558506000.0,453590000.0,104916000.0,0.1878511601,0,44614000.0,0.0,44614000.0,0.0,48092000.0,501682000.0,0.0,0.0,3478000.0,60302000.0,0.1079701919,56824000.0,0.101742864,5914000.0,62738000.0,0.1123318281,25534000.0,37204000.0,0.0666134294,4.09,3.37,9096333,11039763,https://www.sec.gov/Archives/edgar/data/906163/000092838500002007/0000928385-00-002007-index.htm,https://www.sec.gov/Archives/edgar/data/906163/000092838500002007/0000928385-00-002007-0001.txt,61.39902749822374,4.089999783429213,0.3878485978910402,0.2461431436162242,9.949064089892047,25.08593297980626,24.20436894735494,25.08593297980626,27.75569012260215,518490981.0,680465981.0,3.484107763950113,0.9283534662116432,146.9645637755102,231.5725685573917,2.2721897585345543,2.2721897585345543,1.2183682556677995,11.284302029783424,192.87584495464853,303.91513220187585,0.0717543821654247,0.0043183007651969,1.1064244708357072,0.317205949236997,2.686063480481576,1.1314503052843787,0.0,0.0948285130631114,0.0,0.0,0.079880968154326,0.0,0.0100749559636854,0.3653628117913832,0.0023079429764407,0.370615296147211,0.0,48.04719409317119,0.0701048828165059,0.0472182913131492,-31.218624032343584,54641000.0,220171000.0,-97425000.0,78436000.0,11510500.0,119105000.0,348338000.0,2.1654556978797004,24.63427324235543,72.69624550805794,41.56169072778688,3.653446526088568,1.238028172858309,0.1630395722862526,0.141705454274816,2000-07-25,3.23,bmo,546512166.0,2025-04-25,2000-06-30,0.043343653250774,57.08234126984127,39874.60317460317
2000-03-31,NVR,USD,906163,2000-05-02,2000-05-02 00:00:00,2000,Q1,490581000.0,398487000.0,92094000.0,0.1877243513,0,37185000.0,0.0,37185000.0,0.0,40624000.0,439111000.0,0.0,0.0,3439000.0,54909000.0,0.1119264709,51470000.0,0.1049164154,88000.0,51558000.0,0.1050957946,20984000.0,30574000.0,0.0623220223,3.22,2.72,9495031,11240441,https://www.sec.gov/Archives/edgar/data/906163/000092838500001352/0000928385-00-001352-index.html,https://www.sec.gov/Archives/edgar/data/906163/000092838500001352/,51.66712989141373,3.220000018957284,6.54795123891644,6.458641367258306,12.840295097509424,23.31872323534278,22.445424348798863,23.31872323534278,26.7619979334454,512731674.0,644918674.0,4.192546559167921,1.045151919866444,8.246854325832757,8.360891545046881,2.3157357053818224,2.3157357053818224,1.314601817029196,11.745227084813054,10.372970163897511,10.516407240114146,0.0596296299806904,0.1196044697640427,1.1476613733672971,0.3242781758666675,2.407383124806498,1.120727773989142,0.0,2.033525217505069,0.0,0.0,0.0757978804723379,0.0,0.0105818620350814,0.0136393611374712,0.0017285626634541,0.246583309101483,0.0,41.102816306756,0.0641864573351115,0.0394343961729004,-28.218891544429923,49746000.0,213120000.0,-100396000.0,73685000.0,5891500.0,113522000.0,326897500.0,1.7580583022987029,25.76003734124325,74.59854399265221,51.19284149013879,3.49378375534825,1.20645786342512,0.1380864632449912,0.0893098716581336,2000-04-27,2.56,bmo,471811764.0,2025-04-25,2000-03-31,0.0625,46.74206349206349,26980.95238095238
1999-12-31,NVR,USD,906163,2000-03-08,2000-03-08 00:00:00,1999,Q4,561300000.0,410700000.0,150600000.0,0.2683057189,0,53200000.0,0.0,53200000.0,0.0,57400000.0,468100000.0,0.0,0.0,4200000.0,97400000.0,0.1735257438,93200000.0,0.1660431142,-55700000.0,37500000.0,0.0668091929,13200000.0,24300000.0,0.043292357,2.56,2.56,9298549,9495031,https://www.sec.gov/Archives/edgar/data/906163/000092838500000615/0000928385-00-000615-index.html,https://www.sec.gov/Archives/edgar/data/906163/000092838500000615/,60.364256831899255,2.613310958516216,10.345700173220576,10.238156512376284,9.582140181226125,21.57325836536432,20.35801499782385,21.57325836536432,29.90789208079669,444005714.75,633005714.75,4.56796002829218,0.791031025743809,4.61544402027027,4.663925575105042,2.2133884085244264,2.2133884085244264,1.1277493581863531,6.499031978952772,6.580100984927235,6.649219692752101,0.0547290253092401,0.214411654709451,1.3863409770687936,0.3624397237065033,1.9404517453798769,1.001206854936037,0.0,3.9588477366255135,0.0,0.0,0.0947799750579013,0.0,0.0147269646813501,0.0103950103950103,0.0017815784785319,0.238095238095238,0.0,35.61596174729716,0.1261353383458646,0.0321428571428571,-33.79021823727552,500000.0,189300000.0,-151900000.0,24900000.0,5800000.0,112444000.0,326200000.0,0.3527525387493319,24.759970781592404,70.89116143170197,255.13636363636363,3.634899281339611,1.269551777434312,0.121136590229312,0.1075436608442887,2000-02-03,1.76,bmo,427353409.0,2025-04-25,1999-12-31,0.2386363636363637,46.6767578125,27718.75
1999-09-30,NVR,USD,906163,1999-11-02,1999-11-02 00:00:00,1999,Q3,523600000.0,432000000.0,91600000.0,0.1749427044,0,46700000.0,0.0,46700000.0,0.0,50300000.0,482300000.0,0.0,0.0,3700000.0,62147000.0,0.1186917494,41300000.0,0.0788770053,-5500000.0,52900000.0,0.1010313216,22600000.0,30300000.0,0.057868602,3.06,2.52,9901961,12023810,https://www.sec.gov/Archives/edgar/data/906163/000092838599003208/0000928385-99-003208-index.html,https://www.sec.gov/Archives/edgar/data/906163/000092838599003208/,52.8784146897771,3.059999933346536,2.514653410571906,2.2419801491845908,7.281385980009414,18.662969890509565,17.4813857578312,18.662969890509565,34.79108835108521,500049030.5,772449030.5,4.125817083333334,0.9550210666539344,20.082290381526104,22.524731103603603,2.7058930221861472,2.7058930221861472,1.4752655280748663,12.4293856581975,31.022049417670683,34.79500137387387,0.06059405808607,0.0443956465185067,1.8641774891774887,0.4227512578230458,4.3831560654577055,0.8555347091932458,0.0,0.8217821782178217,0.0,0.0,0.0891902215431627,0.0,0.0143575898883298,0.108433734939759,0.0051566080977845,0.7297297297297297,0.0,35.84613576067402,0.0446841057715586,0.0377241035856573,-39.032672417110106,-69300000.0,173100000.0,-219700000.0,-41700000.0,8300000.0,117950000.0,321850000.0,1.615737203972498,23.3125,68.52083333333333,55.70212765957447,3.86058981233244,1.313469139556096,0.1639610389610389,0.2726732613873151,1999-10-21,2.2,bmo,447440000.0,2025-04-25,1999-09-30,0.1454545454545453,55.2109375,33985.9375
1999-06-30,NVR,USD,906163,1999-07-27,1999-07-27 00:00:00,1999,Q2,509000000.0,406800000.0,102200000.0,0.2007858546,0,43400000.0,0.0,43400000.0,0.0,47000000.0,453800000.0,0.0,0.0,3600000.0,58800000.0,0.1155206287,55200000.0,0.1084479371,-5700000.0,49500000.0,0.0972495088,21200000.0,28263000.0,0.0555265226,2.66,2.26,9171608,9171608,https://www.sec.gov/Archives/edgar/data/906163/000092838599002367/0000928385-99-002367-index.html,https://www.sec.gov/Archives/edgar/data/906163/000092838599002367/,55.49735662492335,3.081575226503357,5.211736044540936,4.928252494001052,10.281730313811927,21.3921048522789,20.05100959395561,21.3921048522789,38.27027932288428,478643292.5,735343292.5,4.233833037009518,0.9403601031434184,10.013458002092053,10.589453373893804,2.439568259429154,2.439568259429154,1.444682303536346,12.50583830782313,15.38375088912134,16.268656913716814,0.0590481480527589,0.0944335807233734,1.788990825688073,0.420863309352518,4.365646258503402,0.8610134436401241,0.0,1.6890459363957595,0.0,0.0,0.0852652259332023,0.0,0.0147482014388489,0.0543933054393305,0.0051080550098231,0.7222222222222222,0.0,38.51273890545517,0.0576521517697988,0.0343957648776925,-41.50853372712833,-67200000.0,183900000.0,-221500000.0,-40300000.0,8300000.0,111650000.0,300450000.0,1.2730844793713163,27.43362831858407,69.64601769911505,70.69444444444444,3.2806451612903227,1.2922490470139771,0.1440519877675841,0.2834835505398835,1999-07-22,2.03,bmo,451330049.0,2025-04-25,1999-06-30,0.1133004926108374,47.81746031746032,34885.71428571428
1999-03-31,NVR,USD,906163,1999-04-29,1999-04-29 00:00:00,1999,Q1,446500000.0,355500000.0,91000000.0,0.2038073908,0,37500000.0,0.0,37500000.0,0.0,40700000.0,396200000.0,0.0,0.0,3200000.0,53500000.0,0.1198208287,50300000.0,0.1126539754,-1800000.0,45200000.0,0.1012318029,19200000.0,26000000.0,0.0582306831,2.38,2.02,10924370,12871287,https://www.sec.gov/Archives/edgar/data/906163/000092838599001484/0000928385-99-001484-index.html,https://www.sec.gov/Archives/edgar/data/906163/,40.87192213372487,2.3799999450769245,4.2565383633106535,3.8171537580656825,9.47423055059468,17.58453805574143,16.44946115885859,17.58453805574143,35.11415303582724,460189086.25,740289086.25,4.424895060096153,1.0306586478163493,9.896539489247312,11.03570950239808,2.3955704646017697,2.3955704646017697,1.6579822760358345,13.837179182242991,15.920195403225806,17.752735881294964,0.0564985150166628,0.0906149260074939,1.9968766267568976,0.4632850241545894,5.235514018691589,0.8283163794893087,0.0,1.7884615384615383,0.0,0.0,0.083986562150056,0.0,0.014975845410628,0.1032258064516129,0.0107502799552071,1.5,0.0,30.68634861228235,0.050266901178916,0.0318783717508582,-34.99515303857339,-82700000.0,179700000.0,-236900000.0,-57100000.0,5450000.0,99650000.0,287350000.0,1.8947368421052635,25.139240506329116,72.43037974683544,47.5,3.580060422960725,1.2425725270884307,0.1353461738677772,0.4393846052449706,1999-04-22,1.53,bmo,327433332.0,2025-04-25,1999-03-31,0.5555555555555555,43.62909836065574,32911.475409836065
1998-12-31,NVR,USD,906163,1999-03-15,1999-03-15 00:00:00,1998,Q4,441500000.0,325900000.0,115600000.0,0.2618346546,0,43800000.0,0.0,43800000.0,0.0,47100000.0,373000000.0,0.0,0.0,3300000.0,71800000.0,0.1626274066,68500000.0,0.1551528879,-44000000.0,24500000.0,0.0554926387,9500000.0,12300000.0,0.0278595696,1.13,1.13,10663482,10924370,https://www.sec.gov/Archives/edgar/data/906163/000092838599000765/0000928385-99-000765-index.html,https://www.sec.gov/Archives/edgar/data/906163/,41.40298637912082,1.153469382702573,-1.078446983827609,-1.2941363805931307,6.423792903668802,15.53901436697694,14.629367780618,15.53901436697694,30.037092949563757,508514797.875,760314797.875,10.33566662347561,1.1517888966591163,-44.21867807608696,-36.84889839673913,3.068888339619795,3.068888339619795,1.7221173224801811,10.5893425887883,-66.11433025,-55.09527520833333,0.0241880866621771,-0.0271378533282963,1.9330114665057327,0.4421590281612368,3.5069637883008355,0.8874041078940856,0.0,-0.7666666666666667,0.0,0.0,0.09920724801812,0.0,0.0133903920485919,-0.2,0.0052095130237825,0.696969696969697,0.0,20.081956813714008,0.0862760245015513,0.0172100181894501,-32.33230946514469,-45500000.0,156000000.0,-200100000.0,-18200000.0,4300000.0,96650000.0,276300000.0,0.305775764439411,27.615833077631176,79.69929426204358,294.3333333333333,3.259,1.1292446292446292,0.0742305371152685,0.2156893967655218,1999-01-28,0.96,bmo,358718750.0,2025-04-25,1998-12-31,0.1874999999999999,37.658203125,36437.5
1998-09-30,NVR,USD,906163,1998-11-06,1998-11-06 00:00:00,1998,Q3,441000000.0,371800000.0,69200000.0,0.1569160998,0,38000000.0,0.0,38000000.0,0.0,41300000.0,413100000.0,0.0,0.0,3300000.0,31200000.0,0.0707482993,27900000.0,0.0632653061,9100000.0,37000000.0,0.0839002268,12200000.0,24800000.0,0.0562358277,2.25,1.87,11022222,13262032,https://www.sec.gov/Archives/edgar/data/906163/000092838598002198/0000928385-98-002198-index.html,https://www.sec.gov/Archives/edgar/data/906163/,40.01008145181616,2.250000045362904,5.6612904367195656,5.615927532579184,9.95262116839962,15.350806761104977,14.45262125912543,15.350806761104977,30.4929441631642,363733326.0,590133326.0,3.666666592741936,0.8247921224489796,5.829059711538461,5.876144200323102,2.14972414893617,2.14972414893617,1.3381708072562355,18.91452967948718,9.45726483974359,9.53365631663974,0.0681818195564516,0.1701796221993692,1.986406619385343,0.4621837183718372,7.256410256410256,1.6745822339489886,0.0,2.526315789473684,0.0,0.0,0.0861678004535147,0.0,0.0136138613861386,0.0080128205128205,0.0011337868480725,0.1515151515151515,0.0,27.877134141603864,0.0370014652563129,0.0345740973093545,-28.21345823011005,153400000.0,159300000.0,-177200000.0,179500000.0,6550000.0,92050000.0,269350000.0,1.4489795918367347,22.584722969338355,63.905325443786985,62.11267605633803,3.984994640943194,1.4083333333333334,0.1465721040189125,0.0453629041403811,1998-10-22,1.16,bmo,423417024.0,2025-04-25,1998-09-30,0.6120689655172415,38.8271484375,47992.1875
1998-06-30,NVR,USD,906163,1998-07-29,1998-07-29 00:00:00,1998,Q2,385700000.0,324700000.0,61000000.0,0.1581540057,0,36000000.0,0.0,36000000.0,0.0,39300000.0,364000000.0,0.0,0.0,3300000.0,25000000.0,0.0648172155,21700000.0,0.056261343,7100000.0,28800000.0,0.0746694322,13300000.0,8800000.0,0.0228156598,0.77,0.65,11428571,13538462,https://www.sec.gov/Archives/edgar/data/906163/000092838598001507/0000928385-98-001507-index.html,https://www.sec.gov/Archives/edgar/data/906163/,33.74875126557817,0.7700000288750011,-0.3325000124687505,-0.3587500134531255,6.361250238546884,13.82500051843752,6.168750231328134,13.82500051843752,30.45000114187504,469285696.6875,744585696.6875,13.331980019531253,1.2167116844373866,-123.49623597039472,-114.45992602134146,2.970162637262658,2.970162637262658,1.9304788609994816,29.7834278675,-195.94360439144737,-181.6062674847561,0.0187519032907154,-0.0087366822149924,2.2025316455696204,0.4891075193253689,11.012,1.6732954545454546,0.0,-0.2451612903225806,0.0,0.0,0.0933367902514907,0.0,0.1229796205200281,-0.0789473684210526,0.000777806585429,0.0909090909090909,0.0,15.476373701996872,0.023080670838823,0.0141025641025641,-29.65812611217973,142200000.0,70500000.0,-200100000.0,246600000.0,5350000.0,82850000.0,260300000.0,1.400051853772362,25.167847243609483,76.14105327995073,64.28333333333333,3.5759911894273126,1.1820167455405897,0.0556962025316455,0.026250000984375,1998-07-23,1.04,bmo,267023076.0,2025-04-25,1998-06-30,0.3076923076923077,34.23015873015873,58423.80952380953
1998-03-31,NVR,USD,906163,1998-05-12,1998-05-12 00:00:00,1998,Q1,291500000.0,246700000.0,44800000.0,0.1536878216,0,25500000.0,0.0,25500000.0,0.0,29000000.0,275700000.0,0.0,0.0,3500000.0,19300000.0,0.0662092624,15800000.0,0.0542024014,4400000.0,20200000.0,0.069296741,9300000.0,10900000.0,0.0373927959,0.95,0.81,11473684,13456790,https://www.sec.gov/Archives/edgar/data/906163/000092838598000984/0000928385-98-000984-index.html,https://www.sec.gov/Archives/edgar/data/906163/,25.405963768916767,0.950000017431193,-5.124770736234326,-5.203211104646075,3.425229420646412,13.622477314173896,12.70733968270348,13.622477314173896,25.955046347799016,362138151.25,620638151.25,8.305920900229358,1.2423264193825043,-6.158812096088435,-6.065965682579565,2.316942746321178,2.316942746321178,2.129118872212693,32.15741716321244,-10.555070599489795,-10.395948932160804,0.0300990104532655,-0.1648542132165093,1.9053103007037748,0.4697160883280757,13.393782383419689,1.5614224137931034,0.0,-5.394495412844036,0.0,0.0,0.0874785591766723,0.0,0.0165615141955835,-0.0153061224489795,0.0030874785591766,0.2571428571428571,0.0,17.064010605166292,0.0187750331958983,0.0174819566960705,-27.18612435203898,104200000.0,145800000.0,-187900000.0,132200000.0,4050000.0,75900000.0,234950000.0,1.451114922813036,27.324685853263077,89.7081475476287,62.02127659574468,3.293724966622163,1.0032533550223668,0.0697376839411388,0.0784403684117498,1998-04-23,0.6,bmo,284212498.0,2025-04-25,1998-03-31,0.3500000000000001,28.77561475409836,32527.868852459014
1997-12-31,NVR,USD,906163,1998-03-09,1998-03-09 00:00:00,1997,Q4,298500000.0,271800000.0,26700000.0,0.0894472362,0,37700000.0,0.0,37700000.0,0.0,41200000.0,313000000.0,0.0,0.0,3500000.0,-11000000.0,-0.0368509213,-14500000.0,-0.0485762144,23700000.0,9200000.0,0.0308207705,4100000.0,5100000.0,0.0170854271,0.44,0.44,11473684,11473684,https://www.sec.gov/Archives/edgar/data/906163/000102140898000150/0001021408-98-000150-index.html,https://www.sec.gov/Archives/edgar/data/906163/,26.01605552323037,0.4444954209999159,0.2004587192744719,0.1133027543725276,3.983027596018855,12.602752524821147,11.661468103880148,12.602752524821147,21.623394892172385,250986837.5,453386837.5,12.303276348039216,0.8408269262981575,109.12471195652174,193.06679807692308,1.7357319329183956,1.7357319329183956,1.518883877721943,-41.21698522727273,197.12471195652176,348.7591057692308,0.0203197906742818,0.0051795544856012,1.7157676348547717,0.4394261424017003,-18.4,0.9746609564596715,0.0,0.4509803921568627,0.0,0.0,0.1262981574539363,0.0,0.0191285866099893,0.4347826086956521,0.0033500837520938,0.2857142857142857,0.0,11.226841953940472,-0.0204634508102364,0.0092091007583965,-22.638761883280036,-7100000.0,133800000.0,-146900000.0,21500000.0,6250000.0,72500000.0,212600000.0,1.0251256281407035,25.4635761589404,74.17218543046357,87.79411764705883,3.5344603381014306,1.2133928571428572,0.0352697095435684,0.0871559649019443,1998-01-29,0.3,bmo,208950000.0,2025-04-25,1997-12-31,0.3000000000000001,22.5087890625,39068.75
1997-09-30,NVR,USD,906163,1997-10-31,1997-10-31 00:00:00,1997,Q3,323300000.0,271000000.0,52300000.0,0.1617692546,0,29000000.0,0.0,29000000.0,0.0,32200000.0,303200000.0,0.0,0.0,3200000.0,23300000.0,0.0720692855,20100000.0,0.0621713579,-3200000.0,16900000.0,0.0522734303,7900000.0,9000000.0,0.0278379214,0.68,0.68,13235294,13235294,https://www.sec.gov/Archives/edgar/data/906163/000095010997006567/0000950109-97-006567-index.html,https://www.sec.gov/Archives/edgar/data/906163/,24.42711132824099,0.6800000060444445,1.7755555713382718,1.7000000151111112,4.314222260570864,10.653333428029631,10.653333428029631,10.653333428029631,16.962222372997534,344117644.0,511517644.0,9.558823444444444,1.0643911042375502,14.643304,15.29411751111111,2.4405506666666663,2.4405506666666663,1.5821764429322611,21.9535469527897,21.76670825531915,22.734117511111112,0.0261538463863247,0.0653846159658119,1.5921985815602837,0.4233452762587215,7.184549356223176,1.621588841722256,0.0,2.611111111111111,0.0,0.0,0.0896999690689761,0.0,0.0,0.0425531914893617,0.0030931023816888,0.3125,0.0,12.766988795236983,0.0292862982539926,0.0169715255515745,-16.983000150960002,102500000.0,141000000.0,-121900000.0,119700000.0,8800000.0,67350000.0,197950000.0,2.5332508506031552,22.616236162361623,66.81918819188192,35.527472527472526,3.9794419970631423,1.3469184890656063,0.0638297872340425,0.0755555562271605,1997-10-23,0.79,bmo,368316455.0,2025-04-25,1997-09-30,-0.1392405063291139,19.9443359375,23079.6875
1997-06-30,NVR,USD,906163,1997-07-25,1997-07-25 00:00:00,1997,Q2,288100000.0,241400000.0,46700000.0,0.1620964943,0,22900000.0,0.0,22900000.0,0.0,26200000.0,267600000.0,0.0,0.0,3300000.0,23800000.0,0.0826102048,20500000.0,0.0711558487,-3500000.0,17000000.0,0.0590072891,8000000.0,9000000.0,0.0312391531,0.71,0.71,12676056,12676056,https://www.sec.gov/Archives/edgar/data/906163/000092838597001192/0000928385-97-001192-index.html,https://www.sec.gov/Archives/edgar/data/906163/,22.727889494965943,0.7100000189333339,-2.003777831211853,-2.0353333876088904,3.605222318361484,10.870889178779269,10.870889178779269,10.870889178779269,18.396889379472604,193309854.0,380809854.0,5.369718166666667,0.6709817910447761,-7.610624173228346,-7.49263,1.4028291291727142,1.4028291291727142,1.321797480041652,16.000414033613445,-14.992513937007876,-14.760071860465116,0.0465573782907104,-0.1334644844333698,1.6923076923076923,0.446145016261718,7.878151260504202,1.6385780118499012,0.0,-2.8222222222222224,0.0,0.0,0.0794862894828184,0.0,0.0,-0.0157480314960629,0.0013884068031933,0.1212121212121212,0.0,13.178105298638256,0.0292610978066071,0.0172182896498947,-18.576361606480752,97000000.0,137800000.0,-136000000.0,114900000.0,7200000.0,62100000.0,182700000.0,2.6553280111072546,24.83015741507871,72.58906379453191,33.89411764705882,3.6246246246246248,1.2398561890087314,0.0653120464441219,0.031555556397037,1997-07-24,0.74,bmo,299779729.0,2025-04-25,1997-06-30,-0.0405405405405405,14.330078125,19259.375
1997-03-31,NVR,USD,906163,1997-04-24,1997-04-24 00:00:00,1997,Q1,244100000.0,206100000.0,38000000.0,0.1556739041,0,21100000.0,0.0,21100000.0,0.0,24400000.0,230500000.0,0.0,0.0,3300000.0,16900000.0,0.0692339205,13600000.0,0.055714871,-2700000.0,10900000.0,0.0446538304,5100000.0,5800000.0,0.0237607538,0.42,0.42,13809524,13809524,https://www.sec.gov/Archives/edgar/data/906163/000092838597000694/0000928385-97-000694-index.html,https://www.sec.gov/Archives/edgar/data/906163/,17.67620665274198,0.4199999942068966,-1.1151723984114152,-1.1658620528846613,4.14931028759572,9.754137796494652,9.754137796494652,9.754137796494652,16.01068943433532,208869050.5,372669050.5,9.002976314655172,0.8556700143383859,-13.562925357142856,-12.97323295031056,1.5506239829250186,1.5506239829250186,1.5267064748054076,22.05142310650887,-24.19928899350649,-23.14714599378882,0.0277685946583072,-0.0770817886204734,1.641425389755011,0.4432638331996792,9.692307692307692,1.6333798882681565,0.0,-2.655172413793104,0.0,0.0,0.0864399836132732,0.0,0.0,-0.0454545454545454,0.0028676771814829,0.2121212121212121,0.0,9.60086459156013,0.0203449458749126,0.0116279069767441,-15.71560323150892,90700000.0,134700000.0,-130200000.0,109200000.0,4400000.0,59950000.0,171200000.0,2.175337976239246,25.1528384279476,74.5414847161572,41.3728813559322,3.578125,1.2073813708260106,0.0430586488492947,0.0506896544732461,1997-04-24,,--,,2025-04-25,1997-03-31,,13.596311475409836,29185.245901639344
1996-12-31,NVR,USD,906163,1997-03-12,1997-03-12 00:00:00,1996,Q4,254400000.0,212500000.0,41900000.0,0.1647012579,0,25500000.0,0.0,25500000.0,0.0,31700000.0,244200000.0,0.0,0.0,6200000.0,16400000.0,0.0644654088,10200000.0,0.0400943396,-2600000.0,7600000.0,0.0298742138,2600000.0,5000000.0,0.0196540881,0.36,0.36,13809524,13809524,https://www.sec.gov/Archives/edgar/data/906163/000095010997002133/0000950109-97-002133-index.html,https://www.sec.gov/Archives/edgar/data/906163/,18.42206871141974,0.3620689605231867,0.9341379181498218,0.8327586092033296,5.416551649426874,11.006896399904877,11.006896399904877,11.006896399904877,14.59862048829489,179523812.0,306323812.0,8.976190599999999,0.7056753616352202,13.91657457364341,15.610766260869566,1.181077710526316,1.181077710526316,1.204103034591195,18.678281219512197,23.746031937984498,26.636853217391305,0.0278514585017835,0.0640583545541022,1.326315789473684,0.4022346368715084,7.731707317073171,1.6885578876100202,0.0,2.58,0.0,0.0,0.1002358490566037,0.0,0.0,0.1085271317829457,0.005503144654088,0.2258064516129032,0.0,9.469332057080331,0.0189777327935222,0.0099760574620909,-13.496120503501784,101700000.0,152000000.0,-99800000.0,120500000.0,10150000.0,60850000.0,167650000.0,1.025943396226415,26.385882352941177,72.72,87.72413793103448,3.4109149277688604,1.2376237623762376,0.0328947368421052,0.1013793089464922,1997-04-17,0.46,bmo,265326086.0,2025-04-25,1996-12-31,-0.0869565217391305,10.10546875,44242.1875
1996-09-30,NVR,USD,906163,1996-10-25,1996-10-25 00:00:00,1996,Q3,318900000.0,270600000.0,48300000.0,0.1514581373,0,27100000.0,0.0,27100000.0,0.0,28900000.0,299500000.0,0.0,0.0,1800000.0,21200000.0,0.0664785199,19400000.0,0.0608341173,-3000000.0,16400000.0,0.0514267796,8100000.0,8300000.0,0.0260269677,0.58,0.58,14310345,14310345,https://www.sec.gov/Archives/edgar/data/906163/000091205796023699/0000912057-96-023699-index.html,https://www.sec.gov/Archives/edgar/data/906163/,22.28457804476412,0.5799999930120483,3.535903571856584,3.473012006349253,5.143132468155031,10.95012034999855,10.95012034999855,10.95012034999855,19.244819045243144,135053880.9375,336853880.9375,4.067887980045181,0.4234991562793979,2.6690490303853758,2.717381910211268,0.8618626735003191,0.8618626735003191,1.056299407141737,15.88933400648585,6.657191322875494,6.777744083249497,0.0614569529019388,0.3680012721959473,1.757498404594767,0.4686861810755616,9.5188679245283,1.637299035369775,0.0,6.096385542168675,0.0,0.0,0.0849796174349325,0.0,0.0,0.0177865612648221,0.0028222013170272,0.5,0.0,11.95403985461842,0.0227170122233383,0.0141252552756977,-18.33987929710989,99100000.0,156700000.0,-176300000.0,117700000.0,13950000.0,59850000.0,174450000.0,4.910630291627469,19.75609756097561,54.41241685144124,18.32758620689655,4.555555555555555,1.6540342298288508,0.0529674537332482,0.0628915655073305,1996-10-25,,--,,2025-04-25,1996-09-30,,10.125,22884.375
1996-06-30,NVR,USD,906163,1996-07-25,1996-07-25 00:00:00,1996,Q2,283500000.0,243700000.0,39800000.0,0.1403880071,0,0.0,0.0,22200000.0,3700000.0,25900000.0,269600000.0,0.0,0.0,3700000.0,17600000.0,0.0620811287,13900000.0,0.0490299824,3500000.0,17400000.0,0.0613756614,8600000.0,8800000.0,0.0310405644,0.56,0.56,15714286,15714286,https://www.sec.gov/Archives/edgar/data/906163/000091205796015406/0000912057-96-015406-index.html,https://www.sec.gov/Archives/edgar/data/906163/,18.040908762892567,0.559999989818182,-1.069090889652893,-1.1390908883801656,3.0036363090247944,9.558181644396695,9.558181644396695,9.558181644396695,19.71454509609918,168928574.5,431528574.5,4.799107230113637,0.595867987654321,-10.055272291666666,-9.437350530726256,1.1246909087882824,1.1246909087882824,1.522146647266314,24.51866900568182,-25.686224672619048,-24.107741592178773,0.052093022308668,-0.1059619431051316,2.062583222370173,0.507369800196528,14.920454545454543,1.6018457481872117,0.0,-1.9090909090909087,0.0,0.0,0.0,0.0,0.0,-0.0654761904761904,0.0038800705467372,0.2972972972972973,0.0,10.974200951764365,0.0152823588205897,0.0144120537176547,-19.89749963822728,91300000.0,150200000.0,-217400000.0,108700000.0,9000000.0,56800000.0,179650000.0,3.333333333333333,22.26918342224046,68.43249897414854,27.0,4.041459369817579,1.3151645979492714,0.0585885486018641,0.0699999987272727,1996-07-24,0.54,bmo,283500000.0,2025-04-25,1996-06-30,0.0,10.1875,27477.777777777777
1996-03-31,NVR,USD,906163,1996-03-31,1996-03-30 19:00:00,1996,Q1,200200000.0,172200000.0,28000000.0,0.1398601399,0,0.0,0.0,19900000.0,3700000.0,23600000.0,195800000.0,0.0,0.0,3700000.0,8100000.0,0.0404595405,4400000.0,0.021978022,3000000.0,7400000.0,0.036963037,3700000.0,3700000.0,0.0184815185,0.23,0.23,16086957,16086957,,,12.444864494882406,0.2299999931621623,-0.4910810664813737,-0.5470270107640618,2.8097296461972268,9.32432404711469,9.32432404711469,9.32432404711469,19.28891834546459,153831526.3125,418931526.3125,10.394022048141892,0.7683892423201798,-19.472345102848102,-17.48085526278409,1.02554350875,1.02554350875,2.092565066496004,51.71994152006173,-53.02930712816456,-47.60585526278409,0.0240522868666313,-0.0572054390341502,2.0686666666666667,0.5148498423759748,32.72839506172839,1.5897615708274897,0.0,-2.135135135135135,0.0,0.0,0.0,0.0,0.0,-0.1139240506329113,0.0044955044955044,0.2432432432432432,0.0,6.946464964948625,0.004780530204259,0.0061390409822465,-19.573310228901587,84100000.0,150000000.0,-226000000.0,102600000.0,7700000.0,55250000.0,164350000.0,3.3716283716283715,27.857142857142858,90.94076655052264,26.69333333333333,3.230769230769231,0.9896551724137932,0.0246666666666666,0.0559459442826881,1996-04-23,0.24,--,,2025-04-25,1996-03-31,0.0,10.058531746031743,34503.1746031746
1995-12-31,NVR,USD,906163,1995-12-31,1995-12-30 19:00:00,1995,Q4,244800000.0,217000000.0,27800000.0,0.1135620915,0,0.0,0.0,29600000.0,3900000.0,33500000.0,250500000.0,0.0,0.0,3900000.0,-1800000.0,-0.0073529412,-5700000.0,-0.0232843137,14800000.0,9100000.0,0.0371732026,4300000.0,4800000.0,0.0196078431,0.31,0.31,14942642,15526316,,,16.38264505031975,0.3212283343199951,1.8805242071649717,1.826986151444972,3.720894872539943,9.78407968282985,9.78407968282985,9.78407968282985,21.408530031034672,151294250.25,415594250.25,7.8799088671875,0.6180320680147059,5.384137019572954,5.541913928571429,1.0348443929548563,1.0348443929548563,1.697688930759804,-230.88569458333333,14.78983096975089,15.22323260989011,0.031726255241481,0.1804430766859231,2.188098495212038,0.5210946408209807,-146.83333333333334,1.4743243243243245,0.0,5.854166666666667,0.0,0.0,0.0,0.0,0.0,0.0284697508896797,0.0032679738562091,0.2051282051282051,0.0,8.40926759211613,-0.0064519171815309,0.0078188630070043,-22.005813965160915,70200000.0,146200000.0,-249500000.0,88800000.0,7300000.0,57100000.0,164000000.0,2.9044117647058822,23.723502304147463,64.16129032258065,30.9873417721519,3.7937062937062938,1.4027149321266967,0.0328317373461012,0.0535380557199991,1996-02-05,0.35,--,,2025-04-25,1995-12-31,0.2571428571428572,9.808531746031743,42103.1746031746
1995-09-30,NVR,USD,906163,1995-09-30,1995-09-29 20:00:00,1995,Q3,263300000.0,219200000.0,44100000.0,0.1674895556,0,0.0,0.0,25000000.0,3900000.0,28900000.0,248100000.0,0.0,0.0,3900000.0,19100000.0,0.072540828,15200000.0,0.0577288264,-3400000.0,11800000.0,0.0448157995,5900000.0,5900000.0,0.0224078997,0.38,0.38,15526316,15526316,,,16.958304854802645,0.3799999948474577,-0.1416949133329503,-0.1932203363631141,2.930508434840564,9.100677842702671,9.100677842702671,9.100677842702671,27.14745725901753,151381581.0,527381581.0,6.41447377118644,0.574939540448158,-68.80980954545454,-50.460527,1.0713487685774947,1.0713487685774947,2.0029684048613747,27.61160109947644,-239.71890045454543,-175.79386033333333,0.0389743584458931,-0.0198174703962168,2.9830148619957537,0.6630486078338839,19.68586387434555,2.5451467268623027,0.0,-0.3728813559322034,0.0,0.0,0.0,0.0,0.0,-0.3636363636363636,0.0030383592859855,0.2051282051282051,0.0,8.821042710476252,0.013503909026297,0.0092811074406166,-23.007711552437808,136900000.0,141300000.0,-268900000.0,155600000.0,5200000.0,54600000.0,170000000.0,2.2901633118116216,23.403284671532848,71.15419708029198,39.298507462686565,3.8456140350877193,1.264858626658973,0.0417551309271054,0.0515254230301637,1995-09-29,,--,,2025-04-25,1995-09-30,,8.778769841269842,32084.126984126982
1995-06-30,NVR,USD,906163,1995-06-30,1995-06-29 20:00:00,1995,Q2,212300000.0,175800000.0,36500000.0,0.1719265191,0,0.0,0.0,18300000.0,3700000.0,22000000.0,197800000.0,0.0,0.0,3700000.0,18200000.0,0.0857277438,14500000.0,0.0682995761,-3400000.0,11100000.0,0.0522845031,6000000.0,5300000.0,0.0249646726,0.34,0.34,15588235,15588235,,,13.619245539985766,0.3400000064150945,-3.784905731790674,-3.868301959779282,2.328679289220364,8.679622805275901,8.679622805275901,8.679622805275901,26.77018918434319,113988968.4375,494988968.4375,5.376838133844339,0.5369240152496467,-1.9320164141949152,-1.8903643190298507,0.8424905279933482,0.8424905279933482,2.331554255475742,27.197196067994504,-8.389643532838983,-8.208772279228855,0.0464957273730043,-0.528998558602295,3.084257206208426,0.6878193505851327,20.93406593406593,3.0486725663716814,0.0,-10.925925925925926,0.0,0.0,0.0,0.0,0.0,-0.0220338983050847,0.0061234102684879,0.3513513513513513,0.0,8.148565254888382,0.0120560299713394,0.0087357837481457,-22.387075894095773,138900000.0,135300000.0,-264700000.0,155500000.0,6000000.0,52800000.0,152900000.0,1.568535091851154,26.72354948805461,85.34129692832765,57.37837837837838,3.367816091954023,1.0545890821835633,0.0391722099039172,0.083396227988608,1995-10-26,0.46,--,,2025-04-25,1995-06-30,-0.1739130434782609,6.9523809523809526,19944.444444444445
1995-03-31,NVR,USD,906163,1995-03-31,1995-03-30 19:00:00,1995,Q1,147900000.0,124100000.0,23800000.0,0.1609195402,0,0.0,0.0,17000000.0,3300000.0,20300000.0,144400000.0,0.0,0.0,3300000.0,6800000.0,0.0459770115,3500000.0,0.0236646383,-2900000.0,600000.0,0.0040567951,300000.0,1100000.0,0.0074374577,0.07,0.07,15714286,15714286,,,9.411818010694216,0.0699999987272727,-1.5909090619834716,-1.6354545157190088,2.5581817716694224,8.253636213570251,8.253636213570251,8.253636213570251,18.12999967036364,92321430.25,337021430.25,20.982143238636365,0.6242152146720757,-3.69285721,-3.5922735505836574,0.7118074807247493,0.7118074807247493,2.2787114959432047,49.56197503676471,-13.48085721,-13.113674328793774,0.0119148934003868,-0.2783752367181291,2.1966075558982268,0.5236169821723948,35.98529411764706,1.4475308641975309,0.0,-83.33333333333333,0.0,0.0,0.0,0.0,0.0,-0.028,0.0047329276538201,0.2121212121212121,0.0,3.6054787199509337,0.0042209358417752,0.0020216871898548,-18.9906814728967,58000000.0,129700000.0,-226800000.0,76100000.0,6500000.0,53450000.0,124300000.0,5.050709939148073,38.72683319903304,100.87832393231264,17.819277108433734,2.3239700374531838,0.8921639108554996,0.0084811102544333,0.0445454537355372,1995-03-30,,--,,2025-04-25,1995-03-31,,5.783730158730159,19901.5873015873
1994-12-31,NVR,USD,906163,1994-12-31,1994-12-30 19:00:00,1994,Q4,241500000.0,204600000.0,36900000.0,0.1527950311,0,0.0,0.0,24300000.0,3500000.0,27800000.0,232400000.0,0.0,0.0,3500000.0,12600000.0,0.052173913,9100000.0,0.0376811594,-3400000.0,5700000.0,0.0236024845,3600000.0,2900000.0,0.0120082816,0.18,0.18,16190476,16190476,,,14.916176646072666,0.17911764916609,2.1247059073494814,2.0938235540449828,4.416176522543253,7.998529505865053,1.087058836318339,7.998529505865053,18.59117668930796,89047618.0,318547618.0,7.676518793103448,0.3687271966873706,2.588593546511628,2.6267733923303838,0.6876263938223938,0.6876263938223938,1.3190377556935815,25.281556984126983,9.260105174418603,9.396684896755165,0.0325668453029254,0.3806951916445423,2.324324324324324,0.5321782178217822,18.214285714285715,1.4115470022205774,0.0,16.38095238095238,0.0,0.0,0.0,0.0,0.1978429985855728,0.0145348837209302,0.0020703933747412,0.1428571428571428,0.0,5.677609579938859,0.0077877620881471,0.0063918889133788,-18.920073752000867,55600000.0,17600000.0,-245400000.0,185600000.0,4500000.0,52600000.0,124700000.0,1.751552795031056,23.53372434017595,48.16715542521994,51.38297872340426,3.824299065420561,1.868493150684932,0.0223938223938223,0.0308823533044982,1995-02-01,0.2,--,,2025-04-25,1994-12-31,0.2499999999999999,5.486111111111111,24576.19047619048
1994-09-30,NVR,USD,906163,1994-09-30,1994-09-29 20:00:00,1994,Q3,231800000.0,195000000.0,36800000.0,0.1587575496,0,0.0,0.0,22100000.0,3400000.0,25500000.0,220500000.0,0.0,0.0,3400000.0,14700000.0,0.0634167386,11300000.0,0.0487489215,-3300000.0,8000000.0,0.0345125108,4600000.0,3400000.0,0.0146678171,0.21,0.21,16190476,16190476,,,14.3170589919654,0.2100000024705882,2.8288235626920417,2.8164706213702426,3.106764742432526,7.998529505865053,0.1544117665224913,7.998529505865053,20.079706118584777,95119046.5,369919046.5,6.994047536764707,0.4103496397756687,2.076835076419214,2.0859440021929823,0.7345100115830115,0.7345100115830115,1.5958543852459015,25.16456098639456,8.076835076419213,8.112259791666666,0.0357446812715894,0.4793992547013179,2.5104247104247106,0.5520461878077773,18.693877551020407,1.4504101416853097,0.0,13.470588235294118,0.0,0.0,0.0,0.0,0.2156563083715401,0.0043668122270742,0.0008628127696289,0.0588235294117647,0.0,6.147605416732317,0.0105595866314863,0.0073609006278415,-20.748309067627165,60400000.0,2500000.0,-264900000.0,205900000.0,3850000.0,52150000.0,139300000.0,1.669542709232097,23.861538461538466,64.56923076923077,53.906976744186046,3.771760154738878,1.3938527519656898,0.0262548262548262,0.0123529413217993,1994-10-26,0.24,--,,2025-04-25,1994-09-30,-0.125,6.0,38739.0625
1994-06-30,NVR,USD,906163,1994-06-30,1994-06-29 20:00:00,1994,Q2,215500000.0,179800000.0,35700000.0,0.1656612529,0,0.0,0.0,19700000.0,3400000.0,23100000.0,202900000.0,0.0,0.0,3400000.0,16000000.0,0.0742459397,12600000.0,0.0584686775,-3400000.0,9200000.0,0.0426914153,5300000.0,3900000.0,0.0180974478,0.22,0.22,17727273,17727273,,,12.156410069388563,0.2199999966153846,-0.2707692266035503,-0.3271794821459567,2.995384569301776,7.553333217128207,0.2425640988323472,7.553333217128207,21.813845818248527,110795456.25,444395456.25,7.102272836538462,0.5141320475638052,-23.08238671875,-19.10266487068965,0.8274492625093353,0.8274492625093353,2.0621598897911837,27.774716015625,-92.58238671875,-76.61990625,0.0351999994584615,-0.052348717143353,2.8879761015683347,0.5929162833486661,20.85,1.4832826747720365,0.0,-1.2,0.0,0.0,0.0,0.0,0.1987120515179392,-0.2083333333333333,0.0046403712296983,0.2941176470588235,0.0,6.114654434190804,0.010259900783377,0.0074626865671641,-22.186153504828408,63600000.0,4300000.0,-323100000.0,212200000.0,3050000.0,50650000.0,132500000.0,1.419953596287703,26.32925472747497,69.42714126807564,63.38235294117647,3.418250950570342,1.2963229992790195,0.029126213592233,0.0564102555424063,1994-06-29,,--,,2025-04-25,1994-06-30,,7.104838709677419,62559.67741935484
1994-03-31,NVR,USD,906163,1994-03-31,1994-03-30 19:00:00,1994,Q1,157100000.0,131600000.0,25500000.0,0.1623169955,0,0.0,0.0,19100000.0,3500000.0,22600000.0,154200000.0,0.0,0.0,3500000.0,6400000.0,0.0407383832,2900000.0,0.0184595799,-3900000.0,-1000000.0,-0.0063653724,-500000.0,100000.0,0.0006365372,0.01,0.01,18115000,18115000,,,8.67237096329009,0.0055202870549268,1.0433342533811758,0.993651669886834,5.189069831631245,7.457907811206183,0.1490477504830251,7.457907811206183,23.521943141043337,135862500.0,467962500.0,339.65625,0.8648154042011458,7.188492063492063,7.547916666666667,1.0056439674315325,1.0056439674315325,2.978755569700827,73.119140625,24.75992063492064,25.997916666666665,0.0007360382739902,0.1324868893182445,3.153960029607698,0.610458452722063,51.890625,1.615942028985507,0.0,189.0,0.0,0.0,0.0,0.0,0.1896848137535816,0.0476190476190476,0.0057288351368555,0.2571428571428571,0.0,0.962455359384728,0.0025842095883086,0.0001768033946251,-22.28677891250345,85000000.0,2700000.0,-339900000.0,236000000.0,,,,1.5467854869509867,33.30547112462006,86.37537993920972,58.18518518518518,2.702258726899384,1.041963578780681,0.000740192450037,0.0496825834943417,1994-07-28,0.2,--,,2025-04-25,1994-03-31,0.0999999999999999,9.688492063492063,36746.03174603175
