date,symbol,reportedCurrency,cik,fillingDate,acceptedDate,calendarYear,period,revenue,costOfRevenue,grossProfit,grossProfitRatio,researchAndDevelopmentExpenses,generalAndAdministrativeExpenses,sellingAndMarketingExpenses,sellingGeneralAndAdministrativeExpenses,otherExpenses,operatingExpenses,costAndExpenses,interestIncome,interestExpense,depreciationAndAmortization,ebitda,ebitdaratio,operatingIncome,operatingIncomeRatio,totalOtherIncomeExpensesNet,incomeBeforeTax,incomeBeforeTaxRatio,incomeTaxExpense,netIncome,netIncomeRatio,eps,epsdiluted,weightedAverageShsOut,weightedAverageShsOutDil,link,finalLink,revenuePerShare,netIncomePerShare,operatingCashFlowPerShare,freeCashFlowPerShare,cashPerShare,bookValuePerShare,tangibleBookValuePerShare,shareholdersEquityPerShare,interestDebtPerShare,marketCap,enterpriseValue,peRatio,priceToSalesRatio,pocfratio,pfcfRatio,pbRatio,ptbRatio,evToSales,enterpriseValueOverEBITDA,evToOperatingCashFlow,evToFreeCashFlow,earningsYield,freeCashFlowYield,debtToEquity,debtToAssets,netDebtToEBITDA,currentRatio,interestCoverage,incomeQuality,dividendYield,payoutRatio,salesGeneralAndAdministrativeToRevenue,researchAndDdevelopementToRevenue,intangiblesToTotalAssets,capexToOperatingCashFlow,capexToRevenue,capexToDepreciation,stockBasedCompensationToRevenue,grahamNumber,roic,returnOnTangibleAssets,grahamNetNet,workingCapital,tangibleAssetValue,netCurrentAssetValue,investedCapital,averageReceivables,averagePayables,averageInventory,daysSalesOutstanding,daysPayablesOutstanding,daysOfInventoryOnHand,receivablesTurnover,payablesTurnover,inventoryTurnover,roe,capexPerShare,report_date,epsEstimated,time,revenueEstimated,updatedFromDate,fiscalDateEnding,surprise(%),QuarterAvgPrice,QuarterAvgVolume
2025-03-30,NXPI,USD,1413447,2025-04-29,2025-04-29 06:13:52,2025,Q1,2835000000.0,1275000000.0,1560000000.0,0.5502645503,547000000,0.0,0.0,281000000.0,9000000.0,837000000.0,2112000000.0,35000000.0,106000000.0,209000000.0,946000000.0,0.333686067,723000000.0,0.255026455,-92000000.0,631000000.0,0.2225749559,130000000.0,490000000.0,0.1728395062,1.9313465426926124,1.9214329968864945,253709000,255018000,https://www.sec.gov/Archives/edgar/data/1413447/000141344725000031/0001413447-25-000031-index.htm,https://www.sec.gov/Archives/edgar/data/1413447/000141344725000031/nxpi-20250330.htm,11.174219282721545,1.9313465426926124,2.2269608094312776,1.5805509461627298,15.718795943383956,38.14212345640084,-4.107067545889188,36.74288259383782,46.71493719182212,48219932540.0,55956932540.0,24.602006397959183,17.008794546737214,85.34501334513274,120.24920832917704,5.172702482299936,5.172702482299936,19.73789507583774,57.86652796277146,99.03881865486726,139.54347266832917,0.0101617728227539,0.0083160630651516,1.2577773010083673,0.4656473391580619,8.001034126163391,2.084957131722525,5.692913385826771,1.13682092555332,0.0053504844658581,0.5265306122448979,0.0,0.1929453262786596,0.4256949960285941,0.0,0.0,0.0,0.0447971781305114,39.9583894005853,0.0251443696362489,0.033884240370652,-37.62184234694079,4176000000.0,-1042000000.0,-7478000000.0,18105000000.0,1046000000.0,940000000.0,2353000000.0,33.65079365079365,60.91764705882353,165.88235294117646,2.6745283018867925,1.477404403244496,0.5425531914893617,0.0525638275048272,0.0,2025-04-28,2.61,amc,2830973432.0,2025-05-11,2025-03-30,0.0114942528735633,213.3115,2927349.0166666666
2024-12-31,NXPI,USD,1413447,2025-02-20,2025-02-20 06:04:10,2024,Q4,3111000000.0,1433000000.0,1678000000.0,0.5393764063,612000000,0.0,0.0,324000000.0,67000000.0,1003000000.0,2436000000.0,9000000.0,100000000.0,-9000000.0,675000000.0,0.2169720347,675000000.0,0.2169720347,-91000000.0,584000000.0,0.18772099,77000000.0,495000000.0,0.1591128255,1.95,1.93,255208000,257848000,https://www.sec.gov/Archives/edgar/data/1413447/000141344725000019/0001413447-25-000019-index.htm,https://www.sec.gov/Archives/edgar/data/1413447/000141344725000019/nxpi-20241231.htm,12.19005673803329,1.9395943700824425,1.532083633741889,1.532083633741889,12.899282154164446,37.34600796213285,-4.839189994044074,37.34600796213285,42.92185197956177,53044982800.0,60606982800.0,26.790395353535352,17.05078199935712,135.6649176470588,135.6649176470588,5.5655212254747655,5.5655212254747655,19.481511668273868,89.78812266666667,155.00507109974424,155.00507109974424,0.0093317025262566,0.0073711023995279,1.1388101983002832,0.4451096985851958,11.202962962962962,2.357972885732731,6.75,0.7742574257425743,0.0048637964682307,0.5212121212121212,0.0,0.1967213114754098,0.4415009226983801,0.4245524296675191,0.0533590485374477,0.640926640926641,0.0376084860173577,40.37093512341715,0.0268968518992411,0.0363462809310522,-37.65555938685308,4207000000.0,-1235000000.0,-7549000000.0,18240000000.0,1051000000.0,958000000.0,2295000000.0,29.85535197685632,63.87299371946965,147.96929518492672,3.01453488372093,1.4090462143559488,0.6082342954159593,0.0519357884796978,0.6504498291589605,2025-02-03,3.14,amc,3103099769.0,2025-05-03,2024-12-31,0.0127388535031847,227.49453125,2304094.703125
2024-09-29,NXPI,USD,1413447,2024-11-05,2024-11-05 07:06:13,2024,Q3,3250000000.0,1413000000.0,1837000000.0,0.5652307692,577000000,0.0,0.0,265000000.0,0.0,842000000.0,2255000000.0,14000000.0,96000000.0,218000000.0,1244000000.0,0.3827692308,990000000.0,0.3046153846,-82000000.0,908000000.0,0.2793846154,173000000.0,718000000.0,0.2209230769,2.82,2.79,254458000,257716999,https://www.sec.gov/Archives/edgar/data/1413447/000141344724000089/0001413447-24-000089-index.htm,https://www.sec.gov/Archives/edgar/data/1413447/000141344724000089/nxpi-20240929.htm,12.77224532142829,2.821683735626312,3.061408955505428,2.2282655683845665,12.371393314417311,38.2931564344607,-3.729495633857061,36.96484292103216,40.3917345888123,61072464580.0,68506464580.0,21.264785717270197,18.79152756307692,78.39854246469832,107.7115777425044,6.492926278970868,6.492926278970868,21.07891217846154,55.06950528938907,87.94154631578948,120.82268885361552,0.0117565257098717,0.0092840530327259,1.08250053157559,0.4301829397101694,5.97588424437299,2.3482620320855614,10.3125,1.0685871056241427,0.0042408637309982,0.3607242339832869,0.0,0.1775384615384615,0.4517723604715028,0.2721437740693196,0.0652307692307692,0.9724770642201837,0.0353846153846153,48.44398477990639,0.0378436273131081,0.0553329223181257,-34.809280902938795,4034000000.0,-949000000.0,-6899000000.0,18036000000.0,998500000.0,914000000.0,2191000000.0,29.63076923076923,57.261146496815286,142.29299363057325,3.037383177570093,1.57174638487208,0.6324977618621307,0.0763342547310227,0.8331433871208608,2024-11-04,3.43,amc,3254289188.0,2025-04-25,2024-09-29,0.0058309037900874,250.68515625,2491965.21875
2024-06-30,NXPI,USD,1413447,2024-07-23,2024-07-23 06:06:40,2024,Q2,3127000000.0,1367000000.0,1760000000.0,0.5628397825,598000000,0.0,0.0,268000000.0,-4000000.0,866000000.0,2233000000.0,39000000.0,97000000.0,213000000.0,1148000000.0,0.36712504,894000000.0,0.2858970259,-75000000.0,821000000.0,0.2625519667,154000000.0,658000000.0,0.2104253278,2.58,2.54,255478000,258732000,https://www.sec.gov/Archives/edgar/data/1413447/000141344724000072/0001413447-24-000072-index.htm,https://www.sec.gov/Archives/edgar/data/1413447/000141344724000072/nxpi-20240630.htm,12.2398014701853,2.575564236450888,2.953510462740432,2.021886103695817,12.756480010020432,36.57849208150996,-5.448610056443216,35.29853842600929,40.22655571125498,67872840260.00001,75193840260.0,25.78755329027356,21.705417416053727,89.95058705615573,131.39711456267509,7.526373947660235,7.526373947660235,24.0466390342181,65.49986085365853,99.65296941286124,145.57006315342767,0.0096945994521432,0.0076105171968826,1.128853404302506,0.4388687704776686,6.377177700348432,2.210796915167095,9.216494845360824,1.1467430790273556,0.003800011860591,0.3919720334346505,0.0,0.1912376079309242,0.4628815312984997,0.3154295103394356,0.0761143357850975,1.1174156244131457,0.0364566677326511,45.22783652025466,0.0352867387044036,0.0528132273858255,-34.534284752503154,3768000000.0,-1392000000.0,-6971000000.0,17794000000.0,904000000.0,941500000.0,2124999999.5,26.680524464342817,61.16313094367228,141.41916605705927,3.373247033441208,1.4714747039827771,0.6364059590316573,0.0729651807496118,0.9316243590446144,2024-07-22,3.21,amc,3125468609.0,2025-04-25,2024-06-30,-0.0031152647975077,257.8636507936508,1989172.873015873
2024-03-31,NXPI,USD,1413447,2024-04-30,2024-04-30 06:02:20,2024,Q1,3126000000.0,1397000000.0,1729000000.0,0.5531030072,567000000,0.0,0.0,307000000.0,-6000000.0,874000000.0,2271000000.0,50000000.0,105000000.0,235000000.0,1141000000.0,0.3650031991,855000000.0,0.2735124761,-69000000.0,786000000.0,0.2514395391,141000000.0,639000000.0,0.2044145874,2.49,2.47,256567000,258954000,https://www.sec.gov/Archives/edgar/data/1413447/000141344724000038/0001413447-24-000038-index.htm,https://www.sec.gov/Archives/edgar/data/1413447/000141344724000038/nxpi-20240331.htm,12.183951946275242,2.4905775099681566,3.316872392006766,2.311287110189541,12.893318306719102,35.663199086398485,-6.368706809527336,34.41206390143705,40.07919958529351,63187320760.0,70457320761.0,24.72117400625978,20.21347433788019,74.25067078055308,106.55534698145026,7.156792475609559,7.156792475609559,22.53913012909121,61.75050022874672,82.79356150857058,118.81504344182125,0.0101127883302263,0.0093847941781287,1.152791935797122,0.4364493996756625,6.3716038571428575,2.354508197183917,8.142857142857142,1.3317683886256155,0.0041305755151628,0.4084507042253521,0.0,0.1813819575116385,0.4624356775498471,0.3031727371365132,0.0825335889579442,1.09787234084201,0.0367882277788829,43.91335821309262,0.0344067349123007,0.0509731971961529,-35.66417349659153,3966000000.0,-1634000000.0,-7276000000.0,18053999999.0,887500000.0,1059000000.0,2117999999.5,25.36468330945767,61.46027205544758,135.4187545063842,3.548240634506243,1.4643605859538784,0.6646051378042841,0.0723751274291964,1.005585281817225,2024-04-29,3.19,amc,3129199417.0,2025-04-25,2024-03-31,0.0156739811912226,230.95803278688524,2417409.655737705
2023-12-31,NXPI,USD,1413447,2024-02-22,2024-02-22 06:07:33,2023,Q4,3422000000.0,1548000000.0,1874000000.0,0.5476329632,651000000,0.0,0.0,311000000.0,-5000000.0,962000000.0,2510000000.0,53000000.0,78000000.0,269000000.0,1176000000.0,0.3436586791,912000000.0,0.2665108124,-78000000.0,829000000.0,0.2422559906,124000000.0,697000000.0,0.2036820573,2.71,2.68,257285000,260298000,https://www.sec.gov/Archives/edgar/data/1413447/000141344724000013/0001413447-24-000013-index.htm,https://www.sec.gov/Archives/edgar/data/1413447/000141344724000013/nxpi-20231231.htm,13.300425598072176,2.7090580484676527,4.28517174728414,3.475150098140195,16.600268185086577,34.825193851176714,-7.450881318382339,33.5969838894611,43.73748955438521,59093218800.0,66406218800.0,21.195559110473457,17.26862033898305,53.59878519351454,66.09210926541517,6.836327950023138,6.836327950023138,19.40567469316189,56.4678731292517,60.231829121055206,74.27124732681962,0.01179492358267,0.0151303992430346,1.2928042572882923,0.4588757031987845,6.218537414965986,1.912916565312576,11.692307692307692,1.5817939928263989,0.004242261922615,0.3596684533715925,0.0,0.190239625949737,0.4466390177801503,0.1890289810804716,0.0609019345412039,0.7747450557620817,0.0312682641729982,45.25333182456966,0.03641757253226,0.0517215791035915,-36.47511514468391,3753000000.0,-1917000000.0,-7529000000.0,17953000000.0,916500000.0,1061500000.0,2137000000.0,23.51256575102279,67.67441860465117,124.06976744186046,3.8277404921700224,1.3298969072164948,0.725398313027179,0.0806339657565941,0.8100216491439455,2024-02-05,3.64,amc,3397480000.0,2025-04-25,2023-12-31,0.0192307692307691,201.3084126984127,2177002.714285714
2023-10-01,NXPI,USD,1413447,2023-11-07,2023-11-07 06:22:50,2023,Q3,3434000000.0,1469000000.0,1965000000.0,0.5722189866,601000000,0.0,0.0,294000000.0,-7000000.0,966000000.0,2435000000.0,49000000.0,109000000.0,273000000.0,1299000000.0,0.3782760629,992000000.0,0.2888759464,-75000000.0,917000000.0,0.2670355271,123000000.0,787000000.0,0.2291788002,3.06,3.01,257488000,261095000,https://www.sec.gov/Archives/edgar/data/1413447/000141344723000107/0001413447-23-000107-index.htm,https://www.sec.gov/Archives/edgar/data/1413447/000141344723000107/nxpi-20231001.htm,13.336543838936183,3.056453116261729,3.837072018890201,2.89722239483005,14.823991797676008,34.16858261355869,-8.346020008699435,32.9646430124899,43.81175045050643,51546522720.0,58901522720.0,16.374371893265565,15.010635620267909,52.172593846153845,69.09721544235924,6.072870254476909,6.072870254476909,17.15245274315667,45.34374343341032,59.61692582995951,78.95646477211797,0.0152677612081608,0.0144723632290826,1.3162111215834118,0.4655775962660443,5.662047729022325,1.9212916246215943,9.10091743119266,1.2474747474747474,0.0051127588844658,0.3348728614993647,0.0,0.1750145602795573,0.4562010335055843,0.2449392712550607,0.0704717530576587,0.8864468864468864,0.029994175888177,47.612865193081525,0.0408416157962175,0.0603111349528699,-37.30950568570186,3652000000.0,-2149000000.0,-7582000000.0,17796000000.0,1000000000.0,963000000.0,2123500000.0,24.609784507862557,58.75425459496256,131.10959836623553,3.6570820021299255,1.5318039624608968,0.6864485981308411,0.0927191328934967,0.9398496240601504,2023-11-06,3.59,amc,3398830000.0,2025-04-25,2023-10-01,0.0306406685236769,206.9661904761905,2114365.761904762
2023-07-02,NXPI,USD,1413447,2023-07-25,2023-07-25 06:08:12,2023,Q2,3299000000.0,1418000000.0,1881000000.0,0.5701727796,589000000,0.0,0.0,274000000.0,81000000.0,944000000.0,2362000000.0,43000000.0,109000000.0,281000000.0,1218000000.0,0.3692027887,937000000.0,0.2840254623,-74000000.0,863000000.0,0.2615944226,158000000.0,698000000.0,0.2115792664,2.69,2.67,259160000,261303000,https://www.sec.gov/Archives/edgar/data/1413447/000141344723000059/0001413447-23-000059-index.htm,https://www.sec.gov/Archives/edgar/data/1413447/000141344723000059/nxpi-20230702.htm,12.729587899367186,2.693316869887328,2.917116839018367,1.944744559345578,14.905849668158666,32.70952307454854,-9.966815866646089,31.532643926531872,43.52137675567217,53679810800.0,60986810800.0,19.226293266475643,16.271540103061533,71.00504074074074,106.50756111111112,6.568748262359276,6.568748262359276,18.48645371324644,50.071273234811166,80.67038465608465,121.005576984127,0.0130030264562705,0.0093890047764475,1.3668624571708272,0.4694263500735449,5.999178981937603,1.8230110159118729,8.596330275229358,1.0738636363636365,0.0049826168724126,0.3831890128939828,0.0,0.1785389511973325,0.4648035301533936,0.3333333333333333,0.0763867838739011,0.896797153024911,0.0309184601394361,43.71345949920077,0.036962282675895,0.0548095798979191,-37.06494057724957,3362000000.0,-2583000000.0,-7871000000.0,17574000000.0,1062000000.0,984500000.0,2042000000.0,28.945134889360418,61.37517630465444,133.7306064880113,3.10933081998115,1.466390899689762,0.6729947793070716,0.0854136074400391,0.972372279672789,2023-07-24,3.29,amc,3398830000.0,2025-04-25,2023-07-02,0.0425531914893617,177.71580645161288,2217604.129032258
2023-04-02,NXPI,USD,1413447,2023-05-02,2023-05-02 06:09:54,2023,Q1,3121000000.0,1353000000.0,1768000000.0,0.5664851009,577000000,0.0,0.0,274000000.0,92000000.0,943000000.0,2296000000.0,0.0,0.0,279000000.0,1122000000.0,0.3595001602,825000000.0,0.2643383531,-84000000.0,741000000.0,0.2374239026,118000000.0,615000000.0,0.1970522269,2.35,2.35,261702127,261209999,https://www.sec.gov/Archives/edgar/data/1413447/000141344723000020/0001413447-23-000020-index.htm,https://www.sec.gov/Archives/edgar/data/1413447/000141344723000020/nxpi-20230402.htm,11.925772387780402,2.350000005922764,2.414959355679979,1.45585366220581,15.017073208579616,31.51674804691213,-11.115691084925723,30.374227718829356,42.67065051404798,47624553071.46,54861553071.46,19.359574419292684,15.25938900078821,75.35530549281646,124.9988269592126,5.991263438351994,5.991263438351994,17.578197075123356,48.89621485869875,86.80625485990507,143.9935776153806,0.0129135070113351,0.0080000750753149,1.404830796326582,0.4705460980953986,6.450089126559715,1.7462615713268457,0.0,1.0276422764227642,0.0045984683503778,0.3560975609756097,0.0,0.1848766421018904,0.4701247261082083,0.3971518987341772,0.0804229413649471,0.8776223776223776,0.0317206023710349,40.075395128193534,0.0338072565083285,0.0489065606361829,-37.32583342740657,3144000000.0,-2909000000.0,-8127000000.0,17424000000.0,1011500000.0,1309500000.0,1879500000.0,30.65363665491829,66.65188470066519,131.50776053215077,2.936030103480715,1.3502994011976048,0.6843702579666161,0.0773682224179142,0.9591056934741689,2023-05-01,3.02,amc,3036690000.0,2025-04-25,2023-04-02,0.0562913907284767,178.18403225806452,2066687.0483870967
2022-12-31,NXPI,USD,1413447,2023-03-01,2023-03-01 16:07:30,2022,Q4,3312000000.0,1421000000.0,1891000000.0,0.5709541063,540000000,0.0,0.0,261000000.0,109000000.0,910000000.0,2331000000.0,32000000.0,108000000.0,302000000.0,1282000000.0,0.3870772947,980000000.0,0.2958937198,-103000000.0,877000000.0,0.264794686,137000000.0,722000000.0,0.2179951691,2.78,2.76,259618000,261447999,https://www.sec.gov/Archives/edgar/data/1413447/000141344723000006/0001413447-23-000006-index.htm,https://www.sec.gov/Archives/edgar/data/1413447/000141344723000006/nxpi-20221231.htm,12.757204816307036,2.7810090209461595,4.144550840080426,3.104561317011917,14.81022117110524,29.81303299463057,-13.535271052084216,28.692155397545623,43.42148849463442,41027432540.0,48347432540.0,14.206174702216066,12.387509824879228,38.12958414498141,50.9025217617866,5.507777223788428,5.507777223788428,14.597654752415458,37.712505881435256,44.93255812267658,59.984407617866005,0.0175979815284829,0.0196453921218244,1.498858907235871,0.4805043897400585,5.709828393135726,2.120795107033639,9.074074074074074,1.465940054495913,0.005638766251689,0.3204211939058172,0.0,0.1630434782608695,0.484334653124462,0.2509293680297397,0.0815217391304347,0.8940397350993378,0.0292874396135265,42.371520120201936,0.0413021287739093,0.0602570522450342,-38.672203005954906,3665000000.0,-3514000000.0,-8561000000.0,18024000000.0,986000000.0,1575500000.0,1681500000.0,26.08695652173913,102.41379310344828,112.86418015482056,3.45,0.8787878787878788,0.7974186307519641,0.0969257618472278,1.0399895230685083,2023-01-30,3.6,amc,3296040455.0,2025-04-25,2022-12-31,0.036111111111111,158.6068253968254,2225300.222222222
2022-10-02,NXPI,USD,1413447,2022-11-01,2022-11-01 06:12:57,2022,Q3,3445000000.0,1478000000.0,1967000000.0,0.5709724238,548000000,0.0,0.0,289000000.0,131000000.0,968000000.0,2446000000.0,21000000.0,109000000.0,321000000.0,1342000000.0,0.3895500726,1001000000.0,0.2905660377,-98000000.0,903000000.0,0.2621190131,149000000.0,738000000.0,0.2142235123,2.81,2.79,262180000,264705000,https://www.sec.gov/Archives/edgar/data/1413447/000141344722000067/0001413447-22-000067-index.htm,https://www.sec.gov/Archives/edgar/data/1413447/000141344722000067/nxpi-20221002.htm,13.13982759935922,2.814860019833702,4.363414448089099,3.0971088565107943,14.337478068502556,28.167671065680068,-15.031657639789458,27.10351666793806,42.98954916469601,39840872800.0,47243872800.0,13.496230623306234,11.564839709724238,34.825937762237764,49.06511428571429,5.60665251899803,5.60665251899803,13.713751175616837,35.204078092399406,41.29709160839161,58.18210935960591,0.0185236905753731,0.020381079603256,1.570785251899803,0.4865736704446382,5.516393442622951,2.0823237030133583,9.18348623853211,1.5253333333333334,0.004972907822441,0.2684620433604336,0.0,0.1590711175616836,0.4937227550130776,0.2902097902097902,0.0963715529753265,1.0342679127725856,0.0258345428156748,41.431674151223866,0.0423827116963815,0.0635439986223523,-39.08192844610573,3484000000.0,-3941000000.0,-8852000000.0,17781000000.0,1004000000.0,1498000000.0,1521500000.0,26.43831640058055,93.41001353179972,96.27198917456022,3.4041501976284585,0.9634941329856584,0.9348513598987982,0.1038558964255558,1.266305591578305,2022-10-31,3.63,amc,3424880881.0,2025-04-25,2022-10-02,0.0495867768595041,167.53875,2146887.859375
2022-07-03,NXPI,USD,1413447,2022-07-26,2022-07-26 06:03:59,2022,Q2,3312000000.0,1430000000.0,1882000000.0,0.568236715,542000000,0.0,0.0,265000000.0,2000000.0,941000000.0,2371000000.0,6000000.0,106000000.0,317000000.0,1251000000.0,0.3777173913,943000000.0,0.2847222222,-128000000.0,815000000.0,0.2460748792,129000000.0,670000000.0,0.202294686,2.55,2.53,262579000,264692000,https://www.sec.gov/Archives/edgar/data/1413447/000141344722000049/0001413447-22-000049-index.htm,https://www.sec.gov/Archives/edgar/data/1413447/000141344722000049/nxpi-20220703.htm,12.613346840379467,2.551613038361788,3.1190613110720964,1.9879731433206769,13.500698837302298,27.519337037615347,-16.113245918371234,26.51392533294742,42.90518282117001,38360166110.0,45975166110.0,14.31349481716418,11.58217575785024,46.83780965811966,73.48690825670498,5.509934804653835,5.509934804653835,13.881390733695651,36.75073230215827,56.13573395604396,88.07503086206897,0.0174660348987732,0.0136078659957606,1.6029876472278082,0.4951417542925596,6.087130295763389,2.1489289357361443,8.89622641509434,1.199121522693997,0.0057872533545189,0.3313432835820895,0.0,0.1636473429951691,0.5083189138826035,0.3626373626373626,0.0896739130434782,0.9369085173501576,0.0268719806763285,39.01536550512169,0.0405010652771003,0.0604584010106478,-39.18820621603403,3379000000.0,-4231000000.0,-8993000000.0,17750000000.0,960500000.0,1415500000.0,1386500000.0,27.065217391304348,92.013986013986,92.013986013986,3.325301204819277,0.9781121751025992,0.9781121751025992,0.0962367135880494,1.1310881677514195,2022-07-25,3.39,amc,3269334025.0,2025-04-25,2022-07-03,0.3982300884955752,173.75274193548387,3291054.290322581
2022-04-03,NXPI,USD,1413447,2022-05-03,2022-05-03 06:04:49,2022,Q1,3136000000.0,1359000000.0,1777000000.0,0.5666454082,518000000,0.0,0.0,251000000.0,0.0,904000000.0,2263000000.0,2000000.0,104000000.0,310000000.0,1182000000.0,0.3769132653,873000000.0,0.278380102,-105000000.0,768000000.0,0.2448979592,114000000.0,657000000.0,0.209502551,2.5,2.48,263089000,265109000,https://www.sec.gov/Archives/edgar/data/1413447/000141344722000014/0001413447-22-000014-index.htm,https://www.sec.gov/Archives/edgar/data/1413447/000141344722000014/nxpi-20220403.htm,11.9199206352223,2.497253781039876,3.253651806042822,2.006925413073142,10.198069854687958,25.694726879497058,-18.13454762456811,24.740677109267207,40.583224688223375,48042682290.0,55932682290.0,18.281081541095897,15.319732873086735,56.12462884345795,90.98992857954543,7.380962097096328,7.380962097096328,17.835676750637756,47.32037418781726,65.3419185630841,105.93311039772728,0.0136753396913634,0.0109902273318719,1.6243662620986326,0.4958960649125276,6.675126903553299,1.8541300527240776,8.39423076923077,1.2852852852852852,0.003101408849335,0.2267884322678843,0.0,0.1651785714285714,0.5408282913559401,0.3831775700934579,0.1045918367346938,1.0580645161290323,0.0283801020408163,37.28450566620933,0.0402367429367828,0.0671092951991828,-40.01972716457168,2430000000.0,-4771000000.0,-9286000000.0,16775000000.0,924000000.0,1310500000.0,1250000000.0,26.546556122448976,90.66225165562912,86.82119205298014,3.3902702702702703,0.9926953981008036,1.036613272311213,0.1009371639268705,1.2467263929696797,2022-05-02,3.18,amc,3103859905.0,2025-04-25,2022-04-03,0.0849056603773584,197.1516129032258,2688764.0
2021-12-31,NXPI,USD,1413447,2022-02-24,2022-02-24 06:09:11,2021,Q4,3039000000.0,1332000000.0,1707000000.0,0.5616979269,507000000,0.0,0.0,257000000.0,1000000.0,900000000.0,2232000000.0,1000000.0,96000000.0,310000000.0,1139000000.0,0.3747943402,807000000.0,0.2655478776,-123000000.0,684000000.0,0.2250740375,72000000.0,602000000.0,0.1980914775,2.26,2.24,265806000,268926000,https://www.sec.gov/Archives/edgar/data/1413447/000141344722000008/0001413447-22-000008-index.htm,https://www.sec.gov/Archives/edgar/data/1413447/000141344722000008/nxpi-20211231.htm,11.433150493216855,2.2648096732203187,2.953281716740781,1.7569204607871909,10.64686274952409,25.469703467942782,-18.378065205450596,24.55926502787748,40.13453420916007,60545290680.0,68287290680.0,25.143393139534883,19.922767581441263,77.12775882802548,129.64730338329764,9.274707518382352,9.274707518382352,22.4703161171438,59.95372316066725,86.99017921019109,146.22546184154174,0.0099429698534564,0.007713234088977,1.619485294117647,0.5067101226993865,6.797190517998244,2.132137030995106,8.40625,1.286885245901639,0.0024774841827549,0.2491694352159468,0.0,0.1668311944718657,0.5586177147239264,0.4050955414012739,0.104639684106614,1.0258064516129033,0.0289568937150378,35.37649463347328,0.0390975000854963,0.0653708328808774,-37.535834405543895,2776000000.0,-4885000000.0,-8866000000.0,17066000000.0,951000000.0,1196000000.0,1181000000.0,27.334649555774927,84.5945945945946,80.33783783783784,3.292524377031419,1.0638977635782747,1.12026913372582,0.0922181372549019,1.19636125595359,2022-01-31,3.01,amc,3008283095.0,2025-04-25,2021-12-31,0.0232558139534884,212.65921875,2288118.234375
2021-10-03,NXPI,USD,1413447,2021-11-02,2021-11-02 07:51:57,2021,Q3,2861000000.0,1278000000.0,1583000000.0,0.5533030409,492000000,0.0,0.0,243000000.0,-1000000.0,872000000.0,2150000000.0,1000000.0,96000000.0,306000000.0,1021000000.0,0.3568682279,711000000.0,0.2485145054,-93000000.0,618000000.0,0.2160083887,95000000.0,519000000.0,0.1814051031,1.95,1.91,266557000,271359000,https://www.sec.gov/Archives/edgar/data/1413447/000141344721000094/0001413447-21-000094-index.htm,https://www.sec.gov/Archives/edgar/data/1413447/000141344721000094/nxpi-20211003.htm,10.733164013700634,1.947050724610496,3.4664255675146403,2.558552204594139,8.639803119032702,26.1557565548832,-17.77105834774551,25.27789553453858,36.34869840221791,50365945150.0,57655945150.0,24.26105257707129,17.604314977280673,54.50859864718615,73.850359457478,7.474910233006827,7.474910233006827,20.15237509612024,56.4700736043095,62.39820903679654,84.53950901759531,0.0103045817656019,0.0135408954993074,1.4237162362718907,0.4794102948525737,7.140058765915769,1.3731820826061665,7.40625,1.7566539923954372,0.003017912193394,0.2928709055876686,0.0,0.1719678434113946,0.5851574212893553,0.2619047619047619,0.0845858091576371,0.7908496732026143,0.0283117790982174,33.27747373803959,0.0342441456658781,0.0625225876400433,-35.317962011877384,1283000000.0,-4737000000.0,-8317000000.0,15502000000.0,985000000.0,1153500000.0,1144500000.0,30.79692415239427,80.28169014084507,82.6056338028169,2.9223697650663945,1.1210526315789473,1.0895140664961638,0.0770258236865538,0.907873362920501,2021-11-01,2.74,amc,2851020000.0,2025-04-25,2021-10-03,0.0291970802919706,207.6696875,1967030.09375
2021-07-04,NXPI,USD,1413447,2021-08-03,2021-08-03 06:06:06,2021,Q2,2596000000.0,1174000000.0,1422000000.0,0.5477657935,476000000,0.0,0.0,234000000.0,1000000.0,849000000.0,2023000000.0,1000000.0,90000000.0,305000000.0,877000000.0,0.3378274268,573000000.0,0.2207241911,-100000000.0,473000000.0,0.1822033898,65000000.0,397000000.0,0.1529275809,1.46,1.42,272686000,278735000,https://www.sec.gov/Archives/edgar/data/1413447/000141344721000062/0001413447-21-000062-index.htm,https://www.sec.gov/Archives/edgar/data/1413447/000141344721000062/nxpi-20210704.htm,9.520107376249603,1.455886990897956,2.3323529627483626,1.6539169594331942,10.67161497106562,28.123922753643384,-15.376660334597302,27.29146344146747,35.50237269240078,55281632780.0,61962632780.0,34.81211132241813,21.29492788135593,86.92080625786163,122.5756824390244,7.428330123622682,7.428330123622682,23.868502611710323,70.65294501710376,97.4255232389937,137.38942966740578,0.0071814087253882,0.0081582250255669,1.2887664606288631,0.4650858306662787,7.618015963511973,2.264982876712329,6.366666666666666,1.5665024630541873,0.0028038245653278,0.3904282115869018,0.0,0.1833590138674884,0.5752109397730579,0.2908805031446541,0.0712634822804314,0.6065573770491803,0.035824345146379,29.89981518684509,0.0270293081110353,0.0453196347031963,-32.057934767461475,2955000000.0,-4193000000.0,-7662000000.0,17192000000.0,912000000.0,1100000000.0,1086000000.0,34.356702619414484,89.4633730834753,85.55366269165248,2.61957618567104,1.0059982862039418,1.0519713261648749,0.0533458747648481,0.6784360033151684,2021-08-02,2.31,amc,2576320000.0,2025-04-25,2021-07-04,0.0303030303030302,200.38380952380956,2753898.206349206
2021-04-04,NXPI,USD,1413447,2021-04-27,2021-04-27 06:17:43,2021,Q1,2567000000.0,1212000000.0,1355000000.0,0.5278535255,461000000,0.0,0.0,222000000.0,1000000.0,863000000.0,2075000000.0,1000000.0,87000000.0,341000000.0,833000000.0,0.3245033113,492000000.0,0.1916634203,-87000000.0,405000000.0,0.157771718,40000000.0,353000000.0,0.1375146085,1.27,1.25,277526000,283263000,https://www.sec.gov/Archives/edgar/data/1413447/000141344721000032/0001413447-21-000032-index.htm,https://www.sec.gov/Archives/edgar/data/1413447/000141344721000032/nxpi-20210404.htm,9.249583822776964,1.271952898106844,2.6375907122215576,1.9637799701649576,6.637215972557526,30.703429588579088,-12.625844065060573,29.917917600513103,27.737941670329988,59584832200.0,65353832200.0,42.19888966005666,23.21185516166732,81.40004398907104,109.32996733944954,7.176301601830664,7.176301601830664,25.45922563303467,78.45598103241296,89.28119153005464,119.91528844036698,0.0059243264932782,0.0091466230561944,0.9166566301336866,0.3924814356435643,6.925570228091236,1.776600441501104,5.655172413793103,2.010989010989011,0.0017621934328448,0.2974504249291784,0.0,0.1795870666147253,0.6201010726072608,0.2554644808743169,0.0728476821192053,0.5483870967741935,0.0354499415660303,29.261221692525485,0.0258893797750573,0.0479163838740328,-28.38022383488394,1759000000.0,-3504000000.0,-6847000000.0,16088000000.0,799000000.0,1012000000.0,1043000000.0,29.20529801324503,76.70792079207921,78.41584158415841,3.0816326530612246,1.1732817037754115,1.1477272727272727,0.0425147537034806,0.6738107420566001,2021-04-26,2.21,amc,2547240000.0,2025-04-25,2021-04-04,0.0452488687782805,182.6244262295082,4214259.1147540985
2020-12-31,NXPI,USD,1413447,2021-02-25,2021-02-25 06:28:54,2020,Q4,2507000000.0,1219000000.0,1288000000.0,0.5137614679,460000000,0.0,0.0,221000000.0,4000000.0,829000000.0,2048000000.0,2000000.0,86000000.0,316000000.0,719000000.0,0.2867969685,463000000.0,0.1846828879,-137000000.0,326000000.0,0.1300358995,5000000.0,309000000.0,0.1232548863,1.1,1.04,280519000,296703000,https://www.sec.gov/Archives/edgar/data/1413447/000141344721000011/0001413447-21-000011-index.htm,https://www.sec.gov/Archives/edgar/data/1413447/000141344721000011/nxpi-20201231.htm,8.937006049501104,1.1015296646572958,3.668200727936432,3.17269061988671,8.109967595777826,32.62167625009358,-10.961824332754643,31.883758319400823,27.43129698879577,44605326190.0,49939326190.0,36.088451610032365,17.7923120023933,43.3482275898931,50.11834403370786,4.987178688506261,4.987178688506261,19.91995460311129,69.45664282336578,48.531901059280855,56.11160246067416,0.0069274238391126,0.0199527741644343,0.8507379248658319,0.3833828790245377,7.418636995827538,2.1437778879524045,5.383720930232558,3.215625,0.0023539789744557,0.3398058252427184,0.0,0.1834862385321101,0.6160124955912732,0.1350826044703595,0.0554447546868767,0.439873417721519,0.0355005983246908,28.110858688692467,0.0255691964669733,0.0405458601233433,-26.138158199622843,2307000000.0,-3075000000.0,-6372000000.0,16817000000.0,760000000.0,844000000.0,1047000000.0,27.46310331072996,73.16652994257588,76.0459392945037,3.277124183006536,1.2300706357214934,1.183495145631068,0.0345483005366726,0.4955101080497221,2021-02-01,2.11,amc,2457000000.0,2025-04-25,2020-12-31,0.2701421800947868,147.38296875,2022626.0
2020-09-27,NXPI,USD,1413447,2020-10-27,2020-10-27 07:16:59,2020,Q3,2267000000.0,1177000000.0,1090000000.0,0.4808116453,438000000,0.0,0.0,203000000.0,1000000.0,1059000000.0,2236000000.0,3000000.0,100000000.0,589000000.0,619000000.0,0.2730480812,32000000.0,0.0141155712,-106000000.0,-74000000.0,-0.0326422585,-57000000.0,-22000000.0,-0.0097044552,-0.08,-0.0787,275000000,279467000,https://www.sec.gov/Archives/edgar/data/1413447/000141344720000084/0001413447-20-000084-index.htm,https://www.sec.gov/Archives/edgar/data/1413447/000141344720000084/nxpi-20200927.htm,8.243636363636364,-0.08,1.9163636363636365,1.5818181818181818,12.967272727272729,32.99272727272727,-11.876363636363635,32.276363636363634,34.38545454545454,34100000000.0,39890000000.0,-387.5,15.041905602117335,64.70588235294117,78.39080459770115,3.841820639927896,3.841820639927896,17.59594177326864,64.44264943457189,75.69259962049335,91.70114942528735,-0.0006451612903225,0.0127565982404692,1.0540784136998649,0.4429504781744153,9.353796445880452,1.642919964819701,0.32,-29.27777777777778,0.0030791788856304,-4.7727272727272725,0.0,0.1932068813409792,0.5841776346936843,0.174573055028463,0.0405822673136303,0.1561969439728353,0.0366122629025143,,0.0003765868219533,-0.0025048388933166,-26.853636363636365,2193000000.0,-3266000000.0,-6445000000.0,16787000000.0,618000000.0,713000000.0,1146000000.0,29.973533303925898,53.29651656754461,81.35938827527612,3.0026490066225167,1.6886657101865137,1.106203007518797,-0.0024785939612438,0.3345454545454545,2020-10-26,1.59,amc,2155049382.0,2025-04-25,2020-09-27,0.0691823899371068,122.01515625,2038082.96875
2020-06-28,NXPI,USD,1413447,2020-07-28,2020-07-28 06:27:10,2020,Q2,1817000000.0,957000000.0,860000000.0,0.47330765,402000000,0.0,0.0,222000000.0,-1000000.0,1004000000.0,1961000000.0,4000000.0,94000000.0,543000000.0,397000000.0,0.2184920198,-145000000.0,-0.0798018712,-96000000.0,-241000000.0,-0.1326362135,-33000000.0,-214000000.0,-0.1177765548,-0.77,-0.77,277922077,279142000,https://www.sec.gov/Archives/edgar/data/1413447/000141344720000056/0001413447-20-000056-index.htm,https://www.sec.gov/Archives/edgar/data/1413447/000141344720000056/nxpi-20200628.htm,6.537803760008601,-0.7700000025546729,1.4896261731665168,1.1190186953014172,11.75149536609141,32.58107487445123,-13.367056119115,31.8866356198108,33.991542168850444,31010545351.66,37097545351.66,-36.22727260707944,17.06689342413869,74.90469891705314,99.712364474791,3.4992716487993683,3.4992716487993683,20.41692094202532,93.44469861879094,89.6075974677778,119.28471174167204,-0.0069008783164964,0.0100288465253756,1.0554051004287972,0.4441753336182742,15.33249370277078,1.7429812834224598,-1.5425531914893618,-1.9808612440191389,0.0033859449683744,-0.4906542056074766,0.0,0.2212438084755091,0.6064491617989267,0.2487922705314009,0.0566868464501926,0.1896869244935543,0.0577875619152449,,-0.0064266023835961,-0.0258235790997948,-27.925993083305865,2223000000.0,-3715000000.0,-6787000000.0,17305000000.0,548500000.0,812000000.0,1227500000.0,23.82498624105669,68.55799373040752,115.4858934169279,3.7775467775467777,1.3127572016460904,0.7793159609120521,-0.0241480478447303,0.3706074778650995,2020-07-27,0.85,amc,1643031914.0,2025-04-25,2020-06-28,-0.1764705882352941,99.98190476190476,4864126.714285715
2020-03-29,NXPI,USD,1413447,2020-04-28,2020-04-28 06:12:12,2020,Q1,2021000000.0,1024000000.0,997000000.0,0.4933201385,425000000,0.0,0.0,233000000.0,110000000.0,929000000.0,1953000000.0,4000000.0,82000000.0,540000000.0,612000000.0,0.3028203859,68000000.0,0.0336467095,-78000000.0,-10000000.0,-0.0049480455,2000000.0,-21000000.0,-0.0103908956,-0.075,-0.075,279933000,279933000,https://www.sec.gov/Archives/edgar/data/1413447/000141344720000026/0001413447-20-000026-index.htm,https://www.sec.gov/Archives/edgar/data/1413447/000141344720000026/nxp1q20form10-q.htm,7.219584686335659,-0.0750179507239232,1.8290090843166045,1.1574198111691012,3.8544937538625312,33.07219941914673,-13.914043717603857,32.27915251149382,26.606366523418103,23774709690.000004,30061709690.000004,-283.0322582142857,11.763834581890157,46.43497986328126,73.37873361111112,2.6311099701195224,2.6311099701195224,14.874670801583376,49.120440669934645,58.71427673828126,92.78305459876545,-0.0008832915427284,0.0136279266592382,0.8151837096060204,0.3775306237507047,10.272875816993464,1.7744401966138723,0.8292682926829268,-39.38461538461539,0.004416457713642,-5.0,0.0,0.2102919346857991,0.6741325406181129,0.3671875,0.0930232558139534,0.3481481481481481,0.0529440870856011,,0.0046000338237781,-0.0033029254482541,-28.93013685417582,1418000000.0,-3895000000.0,-7004000000.0,16968000000.0,641500000.0,919500000.0,1209500000.0,27.43196437407224,78.662109375,107.841796875,3.280844155844156,1.1441340782122904,0.8345558272208639,-0.0023240371845949,0.6715892731475032,2020-04-27,1.37,amc,2021000000.0,2025-04-25,2020-03-29,0.4890510948905108,117.2174193548387,3621281.919354839
2019-12-31,NXPI,USD,1413447,2020-02-27,2020-02-27 16:38:01,2019,Q4,2301000000.0,1092000000.0,1209000000.0,0.5254237288,424000000,0.0,0.0,225000000.0,2000000.0,1014000000.0,2106000000.0,15000000.0,96000000.0,522000000.0,717000000.0,0.3116036506,197000000.0,0.08561495,-93000000.0,104000000.0,0.0451977401,-20000000.0,114000000.0,0.0495436767,0.41,0.4,280736000,286187000,https://www.sec.gov/Archives/edgar/data/1413447/000141344720000009/0001413447-20-000009-index.htm,https://www.sec.gov/Archives/edgar/data/1413447/000141344720000009/nxp10-k.htm,8.196312549868916,0.4060754587940271,2.8995212584064745,2.301094266499487,3.722358372278582,34.391741707511684,-13.9419240852616,33.62945970591588,26.57657015844067,35726463360.0,42046463360.0,78.34750736842106,15.526494289439372,43.89000412776413,55.30412284829721,3.78418211630124,3.78418211630124,18.273126188613645,58.64220831241283,51.65413189189189,65.08740458204335,0.0031909119817226,0.0180818345630951,0.7801080394026056,0.3679556354916067,8.814504881450489,1.8241206030150752,2.052083333333333,6.617886178861789,0.0029389978779024,0.9210526315789472,0.0,0.1842677096914385,0.6779076738609112,0.2063882063882063,0.0730117340286831,0.3218390804597701,0.0386788352890047,17.52889646495718,0.0128880447398965,0.0176826430898092,-29.27928730194916,1476000000.0,-3914000000.0,-7094000000.0,17493000000.0,726500000.0,903000000.0,1163000000.0,26.088657105606256,77.8021978021978,98.24175824175823,3.449775112443778,1.1567796610169492,0.9161073825503356,0.0120749920559262,0.5984269919069873,2020-02-03,2.02,amc,2335688442.0,2025-04-25,2019-12-31,0.1930693069306931,116.065625,2907294.640625
2019-09-30,NXPI,USD,1413447,2019-07-30,2019-07-30 06:01:02,2019,Q3,2265000000.0,1079000000.0,1186000000.0,0.5236203091,396000000,0.0,0.0,221000000.0,23000000.0,975000000.0,2054000000.0,17000000.0,98000000.0,517000000.0,767000000.0,0.3386313466,233000000.0,0.1028697572,-85000000.0,148000000.0,0.0653421634,28000000.0,109000000.0,0.0481236203,0.39,0.38,279074000,283518000,https://www.sec.gov/Archives/edgar/data/1413447/000156459019026717/0001564590-19-026717-index.htm,https://www.sec.gov/Archives/edgar/data/1413447/000156459019026717/nxpi-ex1_169.htm,8.116126905408601,0.3905774095759547,2.6731261242537823,2.103384765331059,12.674057776790386,34.38156187964483,-9.32369192400582,33.64698968732308,30.826949124604944,30452554880.0,35420554880.0,69.84530935779817,13.444836591611478,40.82111914209115,51.87828770017036,3.2430835867944623,3.2430835867944623,15.638214075055188,46.18064521512386,47.48063656836461,60.34166078364566,0.0035793384308646,0.0192758867790602,0.9057507987220448,0.4001599698880211,6.477183833116037,1.9014715291106845,2.377551020408163,6.26890756302521,0.0022986577078947,0.6422018348623854,0.0,0.1748344370860927,0.5738684482920862,0.2131367292225201,0.0701986754966887,0.3075435203094777,0.0370860927152317,17.19562347291685,0.0097748703326392,0.012034890140223,-24.959329783498283,2818000000.0,-2602000000.0,-5715000000.0,17416000000.0,783000000.0,816000000.0,1139000000.0,31.2317880794702,71.89990732159407,94.5875810936052,2.881679389312977,1.251740139211137,0.9514991181657848,0.0116080937167199,0.569741358922723,2019-10-28,1.93,amc,2159378238.0,2025-04-25,2019-09-30,0.2538860103626943,102.12734375,2955005.09375
2019-06-30,NXPI,USD,1413447,2019-04-30,2019-04-30 06:14:55,2019,Q2,2217000000.0,1066000000.0,1151000000.0,0.5191700496,408000000,0.0,0.0,230000000.0,-1000000.0,993000000.0,2059000000.0,12000000.0,89000000.0,506000000.0,663000000.0,0.299052774,157000000.0,0.0708164186,-89000000.0,68000000.0,0.0306720794,21000000.0,41000000.0,0.0184934596,0.15,0.14,281241000,285088000,https://www.sec.gov/Archives/edgar/data/1413447/000119312519126956/0001193125-19-126956-index.htm,https://www.sec.gov/Archives/edgar/data/1413447/000119312519126956/d730159dex1.htm,7.882918920072109,0.1457824428159478,1.8382810472157327,1.3795997027460434,10.773678091032249,33.8499720879957,-10.684786357607887,33.15661656728571,30.67475937007762,28101600720.0,33609600720.0,171.35122390243905,12.675507767253045,54.3551271179884,72.42680597938144,3.0135764847184987,3.0135764847184987,15.159946197564276,50.69321375565611,65.00889887814313,86.62268226804123,0.0014589916214566,0.0138070426615897,0.9156032171581768,0.4054323567120946,8.307692307692308,1.820650351994636,1.7640449438202248,11.23913043478261,0.0025265464664249,1.7317073170731707,0.0,0.1840324763193504,0.5947575858302864,0.2495164410058027,0.0581867388362652,0.2549407114624506,0.0392422192151556,10.42867117951944,0.0056204851029343,0.0048043121631122,-26.14128096543534,2448000000.0,-3005000000.0,-6108000000.0,17370000000.0,790000000.0,792500000.0,1192500000.0,31.66441136671177,65.0093808630394,96.58536585365854,2.8423076923076924,1.3844155844155843,0.9318181818181818,0.004396782841823,0.4586813444696897,2019-07-30,1.77,amc,2055084269.0,2025-04-25,2019-06-30,0.2655367231638419,96.90111111111112,3985515.73015873
2019-03-31,NXPI,USD,1413447,2019-02-07,2019-02-07 06:20:31,2019,Q1,2094000000.0,1022000000.0,1072000000.0,0.511938873,415000000,0.0,0.0,248000000.0,2000000.0,1020000000.0,2042000000.0,13000000.0,87000000.0,502000000.0,563000000.0,0.2688634193,54000000.0,0.0257879656,-83000000.0,-29000000.0,-0.0138490926,-9000000.0,-21000000.0,-0.0100286533,-0.0731,-0.0731,287227000,287227000,https://www.sec.gov/Archives/edgar/data/1413447/000119312519030115/0001193125-19-030115-index.htm,https://www.sec.gov/Archives/edgar/data/1413447/000119312519030115/d685020dex1.htm,7.290400972053463,-0.0731129037311951,1.0305437859254178,0.4317142886984859,7.63159452279904,34.57544033116664,-10.496924035693024,33.91394263074154,25.8575969529327,27111356530.0,32259356530.0,-322.75424440476195,12.947161666666666,91.59242070945946,218.63997201612904,2.783221078944667,2.783221078944667,15.405614388729704,57.29903468916519,108.98431260135136,260.1561010483871,-0.0007745831521474,0.0045737290888704,0.7535160661123088,0.3550696594427244,9.143872113676732,1.4163090128755365,0.6206896551724138,-18.5,0.0026925985765124,-3.4761904761904763,0.0,0.1981852913085005,0.6262577399380805,0.581081081081081,0.0821394460362941,0.3426294820717131,0.041069723018147,,0.0020044878255204,-0.0027180947450168,-25.514662618764948,1358000000.0,-3015000000.0,-6121000000.0,16711000000.0,796000000.0,907000000.0,1260000000.0,34.38395415472779,71.77103718199608,109.28571428571428,2.6175,1.2539877300613498,0.8235294117647058,-0.0021558361564521,0.598829497226932,2019-04-29,1.55,amc,1945393548.0,2025-04-25,2019-03-31,0.2580645161290322,87.85459016393443,4124208.4098360655
2018-12-31,NXPI,USD,1413447,2018-11-01,2018-11-01 06:25:13,2018,Q4,2403000000.0,1160000000.0,1243000000.0,0.5172700791,403000000,0.0,0.0,251000000.0,-1000000.0,1018000000.0,2178000000.0,10000000.0,76000000.0,503000000.0,728000000.0,0.30295464,224000000.0,0.0932168123,-77000000.0,147000000.0,0.0611735331,-141000000.0,276000000.0,0.1148564295,0.94,0.94,293170000,294947000,https://www.sec.gov/Archives/edgar/data/1413447/000119312518314691/0001193125-18-314691-index.htm,https://www.sec.gov/Archives/edgar/data/1413447/000119312518314691/d629504dex1.htm,8.196609475730805,0.9414332980864344,2.493433843844868,1.8999215472251592,9.513251696967629,36.46348534979705,-8.984548214346624,35.832452160862296,25.34365726370365,21483497600.0,26048497600.0,19.459689855072465,8.940281980857261,29.38918960328317,38.57001364452424,2.0450735459305096,2.0450735459305096,10.839990678318769,35.78090329670329,35.634059644322846,46.76570484739677,0.0128470701158083,0.0259268770090769,0.7000475963826749,0.3415699024616814,6.270604395604396,1.5435745937961596,2.9473684210526314,2.5294117647058822,0.0034445043064123,0.2681159420289855,0.0,0.1677070328755722,0.6188574082675337,0.2380300957592339,0.0724094881398252,0.345924453280318,0.0387016229712858,27.550171167659048,0.0227954053011189,0.0336339263953205,-23.25442575979807,1840000000.0,-2634000000.0,-5615000000.0,17600000000.0,818500000.0,974000000.0,1281500000.0,29.662921348314608,77.50862068965517,99.23275862068968,3.034090909090909,1.1611611611611612,0.9069585613760752,0.026273203236554,0.5935122966197087,2019-02-06,2.09,amc,2345235576.0,2025-04-25,2018-12-31,0.1004784688995215,79.18619047619048,5153119.317460317
2018-09-30,NXPI,USD,1413447,2018-07-26,2018-07-26 06:46:08,2018,Q3,2445000000.0,1189000000.0,1256000000.0,0.5137014315,433000000,0.0,0.0,252000000.0,2002000000.0,1047000000.0,2236000000.0,13000000.0,61000000.0,497000000.0,2650000000.0,1.0838445808,2211000000.0,0.9042944785,-119000000.0,2092000000.0,0.8556237219,311000000.0,1820000000.0,0.7443762781,5.64,5.6,322533000,325267000,https://www.sec.gov/Archives/edgar/data/1413447/000119312518226663/0001193125-18-226663-index.htm,https://www.sec.gov/Archives/edgar/data/1413447/000119312518226663/d584066dex1.htm,7.580619657523417,5.642833446500048,8.107697506921772,7.568217825772867,6.027290230767084,33.50044801617199,-8.749492300012712,32.96716925089836,19.895638585819125,27424980990.0,31836980990.0,3.7671677184065935,11.216761141104294,10.48756443212237,11.235141741089718,2.579232670930123,2.579232670930123,13.021260118609408,12.013955090566036,12.174753724665392,13.042597701761574,0.0663628536575332,0.089006442735186,0.597761685319289,0.3018617021276595,1.6649056603773584,1.224416017797553,36.24590163934426,1.4266230223677032,0.0029401387745501,0.0443039835164835,0.0,0.1770961145194274,0.6471789513677811,0.0665391969407265,0.0711656441717791,0.3501006036217304,0.0339468302658486,64.69648768612898,0.1019558700803034,0.2449858662000269,-21.80009487401289,807000000.0,-2822000000.0,-5848000000.0,16828000000.0,817500000.0,1010500000.0,1305000000.0,31.104294478527606,71.83347350714887,97.19091673675356,2.893491124260355,1.2528977871443625,0.92601246105919,0.1711652402896642,0.5394796811489057,2018-10-31,1.92,amc,2303447368.0,2025-04-25,2018-09-30,0.0468749999999999,95.91111111111113,8296023.396825396
2018-06-30,NXPI,USD,1413447,2018-05-03,2018-05-03 06:07:03,2018,Q2,2290000000.0,1110000000.0,1180000000.0,0.5152838428,438000000,0.0,0.0,242000000.0,0.0,1043000000.0,2153000000.0,12000000.0,61000000.0,496000000.0,623000000.0,0.2720524017,137000000.0,0.0598253275,-71000000.0,66000000.0,0.0288209607,4000000.0,54000000.0,0.023580786,0.16,0.16,344120000,347027000,https://www.sec.gov/Archives/edgar/data/1413447/000119312518149438/0001193125-18-149438-index.htm,https://www.sec.gov/Archives/edgar/data/1413447/000119312518149438/d581450dex991.htm,6.654655352783912,0.1569220039521097,1.1711031035685229,0.7671742415436476,8.662675810763687,40.36092060908985,-0.2876903405788678,39.89887248634197,15.703824247355572,37601992400.0,39963992400.0,174.08329814814817,16.42008401746725,93.30519205955336,142.4317893939394,2.738673882010197,2.738673882010197,17.45152506550218,64.14766035313002,99.16623424317618,151.37875909090909,0.0014360941150554,0.0070209045624933,0.3891478514202476,0.2359565447800742,3.791332263242376,2.978918918918919,2.2459016393442623,6.106060606060606,0.0,0.0,0.0,0.1912663755458515,0.6177353824412648,0.3449131513647642,0.0606986899563318,0.2802419354838709,0.0301310043668122,11.868982605290809,0.0061885444170498,0.0062384473197781,-13.130593978844589,3661000000.0,-99000000.0,-3244000000.0,20001000000.0,790500000.0,1028000000.0,1288500000.0,31.048034934497817,86.91891891891892,107.5135135135135,2.8987341772151898,1.0354477611940298,0.8371040723981901,0.0039329934450109,0.403928862024875,2018-07-26,1.64,bmo,2498181818.0,2025-04-25,2018-06-30,-0.2378048780487804,110.2334375,7718081.109375
2018-03-31,NXPI,USD,1413447,2018-02-08,2018-02-08 06:18:59,2018,Q1,2269000000.0,1097000000.0,1172000000.0,0.5165271045,426000000,0.0,0.0,248000000.0,0.0,1034000000.0,2131000000.0,13000000.0,75000000.0,491000000.0,628000000.0,0.2767739092,138000000.0,0.0608197444,-68000000.0,70000000.0,0.030850595,2000000.0,58000000.0,0.0255619216,0.17,0.17,343661000,346899000,https://www.sec.gov/Archives/edgar/data/1413447/000119312518035372/0001193125-18-035372-index.htm,https://www.sec.gov/Archives/edgar/data/1413447/000119312518035372/d460384dex1.htm,6.60243670361199,0.1687709690654453,1.804103462423725,1.2977905552273898,11.58990982392532,40.41773724687992,-1.3996351055255034,39.83285854373933,19.35919408952427,39596620420.0,42191620420.0,170.67508801724136,17.451132842661966,63.86551680645161,88.78166013452915,2.892586779165754,2.892586779165754,18.594808470691937,67.18410894904459,68.05100067741935,94.60004578475336,0.0014647714725346,0.0112635875301804,0.4805318138651472,0.2726406101048618,4.132165605095541,2.0729857819905213,1.84,8.857142857142858,0.0,0.0,0.0,0.1877479065667695,0.5956397397106976,0.2806451612903226,0.0766857646540326,0.3543788187372709,0.0304098721903922,12.298747012771583,0.0060356194163766,0.0059450594505945,-14.65179348253075,3396000000.0,-481000000.0,-3676000000.0,20074000000.0,835000000.0,1065000000.0,1243500000.0,31.37505509034817,80.72926162260711,102.6344576116682,2.8685208596713023,1.1148373983739837,0.876898481215028,0.0042369785959529,0.5063129071963359,2018-05-02,1.71,amc,2353559006.0,2025-04-25,2018-03-31,-0.350877192982456,120.67934426229507,3970445.672131148
2017-12-31,NXPI,USD,1413447,2017-11-01,2017-11-01 17:01:58,2017,Q4,2456000000.0,1214000000.0,1242000000.0,0.5057003257,414000000,0.0,0.0,269000000.0,-2000000.0,1030000000.0,2244000000.0,9000000.0,73000000.0,542000000.0,739000000.0,0.3008957655,210000000.0,0.085504886,-79000000.0,131000000.0,0.0533387622,-629000000.0,753000000.0,0.3065960912,2.2,2.17,342088000,347176000,https://www.sec.gov/Archives/edgar/data/1413447/000119312517329623/0001193125-17-329623-index.htm,https://www.sec.gov/Archives/edgar/data/1413447/000119312517329623/d483028dex1.htm,7.179439208624681,2.201187998409766,2.1573396319075795,1.7393185379200673,10.368677065550385,40.0949463295994,-2.961226351114333,39.54245691167185,19.4043637894343,40349279600.0,43367279600.0,13.396175166002656,16.42885977198697,54.67382059620596,67.81391529411765,2.98286978635322,2.98286978635322,17.65768713355049,58.68373423545332,58.7632514905149,72.88618420168068,0.0186620432251781,0.014746236014583,0.4853256450062837,0.2729843236725019,4.083897158322057,2.2236938925680647,2.8767123287671232,0.9609375,0.0,0.0,0.0,0.1685667752442996,0.6124578984573164,0.1937669376693767,0.0582247557003257,0.2638376383763837,0.0317589576547231,44.25391039881296,0.0551725663747406,0.080793991416309,-16.103312597928017,3326000000.0,-1013000000.0,-4289000000.0,20350000000.0,897000000.0,1099000000.0,1220500000.0,32.210912052117266,84.95881383855026,91.6309719934102,2.7940841865756543,1.0593368237347296,0.982200647249191,0.0556664448880017,0.4180210939875119,2018-02-07,1.82,amc,2237688888.0,2025-04-25,2017-12-31,0.7637362637362637,115.51301587301587,2989309.206349206
2017-09-30,NXPI,USD,1413447,2017-08-03,2017-08-03 14:29:58,2017,Q3,2387000000.0,1172000000.0,1215000000.0,0.5090071219,392000000,0.0,0.0,292000000.0,-5000000.0,1047000000.0,2219000000.0,8000000.0,76000000.0,537000000.0,700000000.0,0.293255132,163000000.0,0.0682865522,-76000000.0,87000000.0,0.0364474235,-30000000.0,108000000.0,0.0452450775,0.32,0.31,338586000,346152000,https://www.sec.gov/Archives/edgar/data/1413447/000119312517247233/0001193125-17-247233-index.htm,https://www.sec.gov/Archives/edgar/data/1413447/000119312517247233/d428834dex1.htm,7.049907556721188,0.3189736137938367,1.8990743858281205,1.3733586149456858,9.052353021093609,38.362483977482825,-6.344030763232975,37.84858204414831,19.58734265445116,38290690740.0,41781690740.0,88.63585819444445,16.041345094260578,59.5500633592535,82.34557148387097,2.9879586999609837,2.9879586999609837,17.503850330959363,59.68812962857143,64.97930130637636,89.85309836559139,0.0028205289043579,0.0121439438937632,0.511587982832618,0.2755432269995377,4.9871428571428575,2.0369959304476506,2.1447368421052637,5.227642276422764,0.0,0.0,0.0,0.1642228739002932,0.6361955196906653,0.2768273716951788,0.0745705906996229,0.3314711359404096,0.0284876413908671,16.481375164435654,0.0100199705879107,0.0124768946395563,-19.05055141086755,2803000000.0,-2148000000.0,-5298000000.0,20228000000.0,915000000.0,1060000000.0,1191500000.0,34.499371596145785,80.78498293515358,92.53412969283276,2.608743169398907,1.1140684410646389,0.9726141078838174,0.0084276238782676,0.5257157708824346,2017-10-25,1.69,amc,2161011834.0,2025-04-25,2017-09-30,-0.1715976331360947,111.54349206349204,1691648.0952380951
2017-06-30,NXPI,USD,1413447,2017-05-04,2017-05-04 10:21:05,2017,Q2,2202000000.0,1119000000.0,1083000000.0,0.4918256131,381000000,0.0,0.0,263000000.0,-16000000.0,1017000000.0,2136000000.0,6000000.0,75000000.0,560000000.0,610000000.0,0.2770208901,50000000.0,0.0227066303,-75000000.0,-25000000.0,-0.0113533152,-54000000.0,49000000.0,0.0222524977,0.15,0.14,337537000,344983000,https://www.sec.gov/Archives/edgar/data/1413447/000119312517157652/0001193125-17-157652-index.htm,https://www.sec.gov/Archives/edgar/data/1413447/000119312517157652/d388454dex1.htm,6.5237292504229165,0.1451692703318451,1.306523432986606,0.9747079579423884,7.827290045239485,38.01657299792319,-7.803588939879184,37.28183873175385,19.62155260015939,36943424650.0,40849424650.0,188.48686045918367,16.777213737511353,83.77193798185941,112.29004452887538,2.9357457604895107,2.9357457604895107,18.551055699364213,66.9662699180328,92.62908083900228,124.1623849544073,0.0013263524013873,0.0089055089807436,0.5203432930705658,0.2771288302014559,6.403278688524591,1.8684598378776711,0.6666666666666666,7.0,0.0,0.0,0.0,0.1730245231607629,0.654562383612663,0.2539682539682539,0.0508628519527702,0.2,0.0304268846503178,11.035125274307497,-0.0026715799170888,0.0060034305317324,-20.37924731214652,2357000000.0,-2634000000.0,-5725000000.0,20129000000.0,949000000.0,1021500000.0,1161000000.0,37.39782016348774,85.89812332439678,94.74530831099196,2.40655737704918,1.047752808988764,0.9499151103565364,0.0038938334392879,0.3318154750442174,2017-08-02,1.52,amc,2216486842.0,2025-04-25,2017-06-30,-0.1973684210526316,107.10603174603176,3503882.873015873
2017-03-31,NXPI,USD,1413447,2017-02-02,2017-02-02 06:17:03,2017,Q1,2211000000.0,1132000000.0,1079000000.0,0.4880144731,367000000,0.0,0.0,266000000.0,1598000000.0,998000000.0,2130000000.0,4000000.0,86000000.0,534000000.0,2163000000.0,0.9782903664,1679000000.0,0.7593848937,-136000000.0,1543000000.0,0.697874265,230000000.0,1305000000.0,0.5902306649,3.88,3.79,336396000,344011000,https://www.sec.gov/Archives/edgar/data/1413447/000119312517028191/0001193125-17-028191-index.htm,https://www.sec.gov/Archives/edgar/data/1413447/000119312517028191/d332794dex1.htm,6.57261085149645,3.87935647272857,1.8579293451765184,1.307982259004269,6.652873399208076,37.524227398661104,-9.554215864635728,36.82861865182701,19.60487045030262,34816986000.0,39087986000.0,6.669920689655172,15.747166892808684,55.7071776,79.12951363636364,2.810314472515941,2.810314472515941,17.678872003618274,18.071190938511325,62.5407776,88.83633181818182,0.0374817050505175,0.0126375097488335,0.5253854225522641,0.2756415685610231,1.9745723532131296,2.267312348668281,19.523255813953487,0.4742033383915022,0.0,0.0,0.0,0.1659882406151062,0.6706614720081308,0.296,0.0836725463591135,0.3464419475655431,0.0307553143374038,56.6974880690837,0.0662675233293694,0.1678024945351678,-22.12793850105233,2617000000.0,-3214000000.0,-6309000000.0,20733000000.0,1008000000.0,974000000.0,1128500000.0,40.0135685210312,77.51766784452296,90.95406360424028,2.249237029501526,1.161025641025641,0.9895104895104896,0.1053353781580434,0.5499470861722494,2017-05-03,1.34,amc,2129111111.0,2025-04-25,2017-03-31,0.3059701492537313,101.11596774193548,2753526.516129032
2016-12-31,NXPI,USD,1413447,2016-10-27,2016-10-27 06:17:55,2016,Q4,2440000000.0,1251000000.0,1189000000.0,0.487295082,362000000,0.0,0.0,292000000.0,1000000.0,1017000000.0,2268000000.0,2000000.0,100000000.0,530000000.0,708000000.0,0.2901639344,173000000.0,0.0709016393,-96000000.0,77000000.0,0.031557377,-64000000.0,128000000.0,0.0524590164,0.38,0.37,334768000,343546000,https://www.sec.gov/Archives/edgar/data/1413447/000119312516748620/0001193125-16-748620-index.htm,https://www.sec.gov/Archives/edgar/data/1413447/000119312516748620/d180335dex1.htm,7.288629737609329,0.3823543468909812,2.201524637958228,1.7355302776848445,5.657649476652487,32.144649428858195,-16.205252592840417,31.48449075180423,27.74160015294174,32810611680.0,40103611680.0,64.0832259375,13.446972,44.519147462686576,56.47265349397591,3.112961259962049,3.112961259962049,16.435906426229508,56.643519322033896,54.41466985074627,69.02514919104992,0.0039011768890009,0.0177076857227307,0.8716318785578747,0.3740026054388536,10.30084745762712,2.2186600904233456,1.73,5.082758620689655,0.0,0.0,0.0,0.1483606557377049,0.6589317700700211,0.2116689280868385,0.0639344262295081,0.2943396226415094,0.0336065573770491,16.45783150109783,0.0140471890649258,0.0152781093339699,-31.597255412703724,2965000000.0,-5425000000.0,-8405000000.0,21503000000.0,1095000000.0,931000000.0,1127000000.0,38.10245901639344,70.0,80.07194244604317,2.362052274927396,1.2857142857142858,1.123989218328841,0.0121442125237191,0.4659943602733833,2017-02-01,1.65,amc,2292121212.0,2025-04-25,2016-12-31,0.1818181818181818,99.37,4605654.682539683
2016-09-30,NXPI,USD,1413447,2016-07-28,2016-07-27 21:03:04,2016,Q3,2469000000.0,1285000000.0,1184000000.0,0.4795463751,379000000,0.0,0.0,270000000.0,0.0,1010000000.0,2295000000.0,5000000.0,100000000.0,526000000.0,697000000.0,0.2823005265,174000000.0,0.0704738761,-115000000.0,59000000.0,0.0238963143,-44000000.0,91000000.0,0.0368570271,0.27,0.26,335858000,344365000,https://www.sec.gov/Archives/edgar/data/1413447/000119312516660586/0001193125-16-660586-index.htm,https://www.sec.gov/Archives/edgar/data/1413447/000119312516660586/d229836dex1.htm,7.351321094033788,0.2709478410518731,2.1378082403873067,1.81624376968838,4.671617171542735,32.01948442496531,-17.304932441686667,31.412084869200672,28.232169547844624,34260874580.0,42073874580.0,94.1232818131868,13.876417407857431,47.71709551532033,56.16536816393442,3.2474762635071093,3.2474762635071093,17.04085645200486,60.36423899569584,58.598711114206125,68.9735648852459,0.0026560909817848,0.0178045659218545,0.8892890995260664,0.3784285253307518,11.209469153515064,2.030042918454936,1.74,6.648148148148148,0.0,0.0,0.0,0.1535034426893479,0.6681994191674734,0.1504178272980501,0.0437424058323207,0.2053231939163498,0.0311867152693398,13.838291910874805,0.013293772948114,0.0110624848042791,-32.84349338113131,2640000000.0,-5812000000.0,-8835000000.0,21572000000.0,1121000000.0,881000000.0,1154000000.0,42.17496962332928,62.26459143968872,79.91439688715953,2.1339671564390668,1.4454443194600677,1.126205083260298,0.0086255924170616,0.3215644706989263,2016-10-26,1.6,amc,2391843750.0,2025-04-25,2016-09-30,-0.225,84.7453125,4052033.453125
2016-06-30,NXPI,USD,1413447,2016-04-26,2016-04-26 07:56:11,2016,Q2,2365000000.0,1266000000.0,1099000000.0,0.4646934461,416000000,0.0,0.0,283000000.0,10000000.0,1135000000.0,2401000000.0,2000000.0,101000000.0,620000000.0,569000000.0,0.2405919662,-26000000.0,-0.0109936575,-125000000.0,-152000000.0,-0.0642706131,-152000000.0,-13000000.0,-0.0054968288,-0.04,-0.0381,325000000,341299000,https://www.sec.gov/Archives/edgar/data/1413447/000119312516555145/0001193125-16-555145-index.htm,https://www.sec.gov/Archives/edgar/data/1413447/000119312516555145/d188213dex1.htm,7.276923076923077,-0.04,1.3353846153846154,1.0953846153846154,4.107692307692307,34.058461538461536,-17.38769230769231,33.48,27.67692307692308,25460500000.0,33019500000.0,-489.625,10.76553911205074,58.6647465437788,71.5182584269663,2.339904420549582,2.339904420549582,13.961733615221988,58.03075571177504,76.08179723502305,92.75140449438204,-0.000510594842992,0.0139824433927063,0.8173881077106884,0.3618241731418575,13.284710017574692,1.9054783950617284,-0.2574257425742574,434.0,0.0,0.0,0.0,0.1758985200845666,0.6802001545909442,0.1797235023041474,0.0329809725158562,0.1258064516129032,0.0338266384778012,,0.0,-0.0016537336216766,-33.168461538461536,2347000000.0,-5651000000.0,-8573000000.0,21470000000.0,1069500000.0,910500000.0,1309500000.0,41.289640591966176,62.06161137440758,82.96208530805687,2.179723502304148,1.450171821305842,1.0848329048843188,-0.001194743130227,0.24,2016-07-27,1.36,amc,2294925925.0,2025-04-25,2016-06-30,0.0220588235294116,85.76265625,4447252.4375
2016-03-31,NXPI,USD,1413447,2016-03-04,2016-03-04 16:14:36,2016,Q1,2224000000.0,1627000000.0,597000000.0,0.2684352518,403000000,0.0,0.0,296000000.0,-2000000.0,1066000000.0,2693000000.0,4000000.0,107000000.0,529000000.0,49000000.0,0.0220323741,-471000000.0,-0.2117805755,-115000000.0,-587000000.0,-0.2639388489,-199000000.0,-398000000.0,-0.1789568345,-1.16,-1.16,341830000,341830000,https://www.sec.gov/Archives/edgar/data/1413447/000119312516493395/0001193125-16-493395-index.htm,https://www.sec.gov/Archives/edgar/data/1413447/000119312516493395/d139228dex991.htm,6.506158031770179,-1.1643214463329723,1.211128338647866,0.9010326770616972,4.353040985285083,33.61612497440248,-18.120118187403097,32.74142117426791,26.65945060410145,27712158100.0,35230158100.0,-17.407134484924622,12.460502742805753,66.93757995169081,89.97453928571427,2.476068450679056,2.476068450679056,15.840898426258994,718.9828183673469,85.0970002415459,114.3836301948052,-0.0143619273015045,0.0111142552986517,0.8046819156540386,0.3549442320576991,153.42857142857142,1.573387694588584,-4.401869158878505,-1.069767441860465,0.0,0.0,0.0,0.181205035971223,0.6970007488274937,0.2560386473429952,0.0476618705035971,0.2003780718336484,0.0445143884892086,,-0.0132982522448823,-0.0517689906347554,-31.82137319720329,1547000000.0,-6194000000.0,-9637000000.0,22080000000.0,1050500000.0,981000000.0,1665500000.0,42.65287769784173,52.440073755378,80.31960663798402,2.1100569259962048,1.7162447257383966,1.1205234159779611,-0.0355611150822015,0.3100956615861686,2016-04-25,1.1,amc,2121981651.0,2025-04-25,2016-03-31,0.0363636363636361,74.58147540983607,4108217.557377049
2015-12-31,NXPI,USD,1413447,2015-10-29,2015-10-29 11:06:37,2015,Q4,1606000000.0,987000000.0,619000000.0,0.3854296389,318000000,0.0,0.0,413000000.0,1258000000.0,864000000.0,1851000000.0,1000000.0,78000000.0,230000000.0,1147000000.0,0.7141967621,1013000000.0,0.6307596513,-174000000.0,839000000.0,0.5224159402,-148000000.0,972000000.0,0.6052303861,3.71,3.58,261685000,271749000,https://www.sec.gov/Archives/edgar/data/1413447/000119312515357396/0001193125-15-357396-index.htm,https://www.sec.gov/Archives/edgar/data/1413447/000119312515357396/d68314dex1.htm,6.137149626459292,3.7143894376827102,1.035596232111126,0.6649215660049296,6.167720732942278,45.1038462273344,-23.74992834896918,44.00328639394692,35.500697403366644,22046961250.0,29644961250.0,5.670514724794239,13.727871264009964,81.35410055350553,126.70667385057472,1.9146297221016064,1.9146297221016064,18.45887998132005,25.845650610287706,109.39100092250922,170.3733405172414,0.0440877084591419,0.0078922441068834,0.8,0.3495484556424072,6.624237140366173,1.8885400313971743,12.987179487179487,0.2740141557128412,0.1157529135676237,2.625514403292181,0.0,0.1980074719800747,0.683691280261061,0.3579335793357933,0.060398505603985,0.4217391304347826,0.0691158156911581,60.642560958559336,0.0489160858285813,0.1166026871401151,-42.846361082981446,2264000000.0,-6215000000.0,-9739000000.0,23204000000.0,829000000.0,875000000.0,1315000000.0,58.67372353673724,92.46200607902736,171.33738601823708,1.533906399235912,0.9733727810650888,0.525279403938265,0.0844116369952236,0.3706746661061963,2016-02-03,1.06,amc,1335831775.0,2025-04-25,2015-12-31,0.1792452830188678,85.58078125,4798634.046875
2015-09-30,NXPI,USD,1413447,2015-07-30,2015-07-30 08:57:33,2015,Q3,1522000000.0,782000000.0,740000000.0,0.4862023653,178000000,0.0,0.0,191000000.0,4000000.0,369000000.0,1151000000.0,2000000.0,55000000.0,94000000.0,465000000.0,0.3055190539,375000000.0,0.2463863338,19000000.0,391000000.0,0.2568988173,15000000.0,361000000.0,0.2371879106,1.56,1.49,231545000,242122000,https://www.sec.gov/Archives/edgar/data/1413447/000119312515269491/0001193125-15-269491-index.htm,https://www.sec.gov/Archives/edgar/data/1413447/000119312515269491/d37892dex1.htm,6.573236303958194,1.5590921851044073,1.4683970718434862,1.1272106933857349,10.762486773629316,4.99686885918504,-4.9493618950959855,3.8394264613789977,22.047550152238227,20160623150.0,22718623150.0,13.961650380886429,13.24613873193167,59.29595044117647,77.24376685823755,22.67786631046119,22.67786631046119,14.926822043363996,48.85725408602151,66.81947985294117,87.04453314176246,0.0179061925474262,0.0129460284068649,5.680539932508436,0.6121212121212121,5.501075268817204,2.475520540236354,6.818181818181818,0.8970976253298153,0.0,0.0,0.0,0.1169513797634691,0.2791515151515151,0.2323529411764706,0.0519053876478318,0.8404255319148937,0.0223390275952693,11.60540586547618,0.0514794876148019,0.060702875399361,-16.270055496771686,2622000000.0,-1146000000.0,-2694000000.0,6022000000.0,592500000.0,737500000.0,753500000.0,36.13009198423127,84.70588235294119,86.43222506393863,2.4909983633387887,1.0625,1.0412782956058588,0.40607424071991,0.3411863784577512,2015-10-28,1.5,amc,1450973333.0,2025-04-25,2015-09-30,0.0466666666666667,90.14328125,4000948.765625
2015-06-30,NXPI,USD,1413447,2015-04-30,2015-04-30 06:14:56,2015,Q2,1506000000.0,782000000.0,724000000.0,0.4807436919,195000000,0.0,0.0,198000000.0,1000000.0,393000000.0,1175000000.0,2000000.0,47000000.0,98000000.0,421000000.0,0.2795484728,332000000.0,0.2204515272,3000000.0,334000000.0,0.2217795485,14000000.0,300000000.0,0.1992031873,1.29,1.23,232681000,243288000,https://www.sec.gov/Archives/edgar/data/1413447/000119312515158581/0001193125-15-158581-index.htm,https://www.sec.gov/Archives/edgar/data/1413447/000119312515158581/d919045dex991.htm,6.472380641307198,1.2893188528500392,1.508503057834546,1.1002187544320337,10.46497135563282,3.872254288059618,-6.102775903490186,2.7978219106845854,21.89263412139367,22849274200.0,25461274200.0,19.041061833333337,15.172160823373174,65.0976472934473,89.25497734375,35.09873149001536,35.09873149001536,16.906556573705178,60.478085985748216,72.53924273504273,99.45810234375,0.0131295198864566,0.0112038569697763,7.752688172043011,0.6160136702062736,6.2042755344418055,3.225,7.0638297872340425,1.0934579439252337,0.0,0.0,0.0,0.1294820717131474,0.2832906139387282,0.2706552706552707,0.0630810092961487,0.9693877551020408,0.0239043824701195,9.00910106881688,0.0460590547835692,0.0510899182561307,-17.39935791921128,2937000000.0,-1420000000.0,-3035000000.0,6336000000.0,556500000.0,747000000.0,764000000.0,34.30278884462151,85.05115089514068,87.0076726342711,2.6236933797909407,1.0581867388362651,1.0343915343915344,0.4608294930875576,0.4082843034025124,2015-07-29,1.38,amc,1440521739.0,2025-04-25,2015-06-30,0.0434782608695652,102.5495238095238,2768264.507936508
2015-03-31,NXPI,USD,1413447,2015-02-05,2015-02-05 11:19:30,2015,Q1,1467000000.0,763000000.0,704000000.0,0.4798909339,199000000,0.0,0.0,210000000.0,0.0,409000000.0,1172000000.0,1000000.0,47000000.0,95000000.0,390000000.0,0.2658486708,295000000.0,0.2010906612,-370000000.0,-78000000.0,-0.0531697342,15000000.0,-107000000.0,-0.0729379686,-0.46,-0.46,232608695,233116000,https://www.sec.gov/Archives/edgar/data/1413447/000119312515034834/0001193125-15-034834-index.htm,https://www.sec.gov/Archives/edgar/data/1413447/000119312515034834/d868384dex991.htm,6.306728989645035,-0.4600000012897196,1.5820560792020264,1.2295327137276617,5.825233661192244,3.1598130929714388,-7.639439273755437,1.956074771839462,17.5874766848247,23344608630.2,26033608630.2,-54.543478107943926,15.913161983776416,63.43643649510869,81.6245057,51.30683215428572,51.30683215428572,17.746154485480574,66.75284264153846,70.7435017125,91.02660360209792,-0.0045834994150031,0.012251222735429,8.887912087912088,0.5723991507430998,6.894871794871795,2.1841509433962263,6.276595744680851,-4.088888888888889,0.0,0.0,0.0,0.1356509884117246,0.3555555555555555,0.2228260869565217,0.0558963871847307,0.8631578947368421,0.0238582140422631,,0.0609374167066474,-0.0235009883593235,-17.99051406913228,1569000000.0,-1777000000.0,-3436000000.0,5188000000.0,542500000.0,742000000.0,763500000.0,33.06748466257669,89.05635648754915,91.0615989515072,2.7217068645640072,1.0105960264900662,0.9883419689119172,-0.2351648351648351,0.3525233654743646,2015-04-29,1.31,amc,1410576923.0,2025-04-25,2015-03-31,0.0305343511450381,88.07819672131149,3859429.180327869
2014-12-31,NXPI,USD,1413447,2014-10-23,2014-10-23 06:30:00,2014,Q4,1537000000.0,833000000.0,704000000.0,0.4580351334,198000000,0.0,0.0,198000000.0,2000000.0,396000000.0,1229000000.0,1000000.0,41000000.0,97000000.0,498000000.0,0.3240078074,310000000.0,0.201691607,-134000000.0,173000000.0,0.1125569291,9000000.0,149000000.0,0.096942095,0.64,0.61,232367000,242901000,https://www.sec.gov/Archives/edgar/data/1413447/000119312514379336/0001193125-14-379336-index.htm,https://www.sec.gov/Archives/edgar/data/1413447/000119312514379336/d808375dex991.htm,6.614536487539109,0.6412270244914295,2.3927666148807707,1.889252776857299,5.09969143639157,3.4471331987760743,-8.146595686995141,2.315302947492544,17.3862897915797,17752838800.0,20566838800.0,29.7866422818792,11.550318022121017,31.92956618705036,40.43926833712984,32.997841635687735,32.997841635687735,13.38115731945348,41.29887309236947,36.99071726618705,46.84929111617312,0.0083930238807778,0.0247284394876609,7.433085501858736,0.5801537791962861,5.650602409638554,2.0,7.560975609756097,3.329341317365269,0.0,0.0,0.0,0.128822381262199,0.3908312781082257,0.210431654676259,0.0761223162003903,1.2061855670103092,0.022121014964216,5.779643885732045,0.0525429702073917,0.0354846391998094,-17.730572757749595,1320000000.0,-1893000000.0,-3452000000.0,5137000000.0,637000000.0,699500000.0,751500000.0,31.97137280416396,78.76350540216086,81.57262905162064,2.8150183150183152,1.142661179698217,1.1033112582781457,0.2769516728624535,0.5035138380234715,2015-02-04,1.32,amc,1502068181.0,2025-04-25,2014-12-31,0.0227272727272727,70.8853125,3843222.703125
2014-09-30,NXPI,USD,1413447,2014-07-24,2014-07-24 07:41:30,2014,Q3,1515000000.0,802000000.0,713000000.0,0.4706270627,196000000,0.0,0.0,211000000.0,1000000.0,407000000.0,1209000000.0,0.0,34000000.0,103000000.0,409000000.0,0.2699669967,307000000.0,0.202640264,-165000000.0,139000000.0,0.0917491749,4000000.0,121000000.0,0.0798679868,0.51,0.49,235095000,246550000,https://www.sec.gov/Archives/edgar/data/1413447/000119312514277918/0001193125-14-277918-index.htm,https://www.sec.gov/Archives/edgar/data/1413447/000119312514277918/d763029dex991.htm,6.444203407133287,0.5146855526489291,1.6886790446415278,1.3058550798613326,2.5266381675492884,3.5347412748038027,-8.358323231034262,2.4926093706799377,16.34232969650567,16087550850.000002,19301550850.0,33.23874142561984,10.618845445544556,40.52279811083124,52.40244576547232,27.453158447098986,27.453158447098986,12.740297590759075,47.19205586797066,48.618515994962216,62.87150114006515,0.0075213437476096,0.0190830787645964,6.498293515358362,0.6077242259814873,7.858190709046455,1.7256916996047431,9.029411764705882,2.8768115942028984,0.0,0.0,0.0,0.1293729372937293,0.4462176827322056,0.2267002518891687,0.0594059405940594,0.8737864077669902,0.0224422442244224,5.372660021669138,0.0594073456118548,0.0348703170028818,-16.678364065590507,918000000.0,-1965000000.0,-3252000000.0,4801000000.0,698500000.0,648500000.0,749500000.0,43.24752475247525,75.18703241895261,83.94014962593515,2.081043956043956,1.1970149253731344,1.072192513368984,0.2064846416382252,0.3828239647801952,2014-10-22,1.31,amc,1456730769.0,2025-04-25,2014-09-30,0.0305343511450381,66.5121875,3134912.8125
2014-06-30,NXPI,USD,1413447,2014-04-24,2014-04-24 13:51:01,2014,Q2,1349000000.0,711000000.0,638000000.0,0.4729429207,180000000,0.0,0.0,216000000.0,7000000.0,396000000.0,1107000000.0,1000000.0,35000000.0,103000000.0,351000000.0,0.2601927354,249000000.0,0.1845811712,-59000000.0,189000000.0,0.1401037806,12000000.0,159000000.0,0.1178650852,0.66,0.64,239851000,250124000,https://www.sec.gov/Archives/edgar/data/1413447/000119312514156698/0001193125-14-156698-index.htm,https://www.sec.gov/Archives/edgar/data/1413447/000119312514156698/d718263dex991.htm,5.624325101834056,0.662911557592005,1.00895972916519,0.60037273140408,2.755877607347895,5.2282458693105305,-7.258673092878495,4.27765571125407,15.071857111289926,15873339180.000002,18792339180.0,24.95808047169811,11.766745129725724,65.59231066115704,110.23152208333336,15.471090818713453,15.471090818713453,13.93057018532246,53.539427863247866,77.6542941322314,130.50235541666666,0.0100167959744938,0.0090718152221831,3.4892787524366478,0.5511083743842364,8.316239316239317,1.7231726283048212,7.114285714285714,1.3595505617977528,0.0,0.0,0.0,0.1334321719792439,0.4610529556650246,0.4049586776859504,0.072646404744255,0.9514563106796116,0.0274277242401779,7.987704096532987,0.0444426293482897,0.0454155955441302,-15.441878499568482,930000000.0,-1741000000.0,-3026000000.0,5004000000.0,629500000.0,592500000.0,745500000.0,44.63306152705708,79.36708860759494,95.0632911392405,2.01644245142003,1.1339712918660287,0.9467376830892144,0.1549707602339181,0.40858699776111,2014-07-23,1.06,amc,1297609523.0,2025-04-25,2014-06-30,0.0283018867924528,61.24,3007882.936507937
2014-03-31,NXPI,USD,1413447,2014-02-06,2014-02-06 10:20:54,2014,Q1,1246000000.0,661000000.0,585000000.0,0.4695024077,189000000,0.0,0.0,213000000.0,0.0,402000000.0,1063000000.0,1000000.0,35000000.0,102000000.0,322000000.0,0.2584269663,183000000.0,0.1468699839,-44000000.0,138000000.0,0.1107544141,15000000.0,110000000.0,0.088282504,0.45,0.43,245300000,255167000,https://www.sec.gov/Archives/edgar/data/1413447/000119312514038113/0001193125-14-038113-index.htm,https://www.sec.gov/Archives/edgar/data/1413447/000119312514038113/d672274dex991.htm,5.079494496534855,0.4484304932735426,1.112922951487974,0.8683245006114961,2.935181410517733,5.230330207908684,-7.248267427639625,4.174480228291888,14.74928658785161,14426093000.0,17289093000.0,32.786575,11.577923756019262,52.84283150183151,67.72813615023475,14.0879814453125,14.0879814453125,13.875676565008026,53.69283540372671,63.33001098901099,81.16945070422535,0.0076250721522452,0.0147649124402566,3.4990234375,0.5521652026506395,8.891304347826088,1.7708502024291497,5.228571428571429,2.2016129032258065,0.0,0.0,0.0,0.1516853932584269,0.471721374633996,0.2197802197802197,0.0481540930979133,0.5882352941176471,0.0224719101123595,6.48993028687563,0.0308275743058351,0.0320886814469078,-14.975540154912352,952000000.0,-1778000000.0,-3019000000.0,5058000000.0,566000000.0,551000000.0,740000000.0,42.61637239165329,75.97579425113464,100.75642965204236,2.111864406779661,1.1845878136200716,0.8932432432432432,0.107421875,0.2445984508764777,2014-04-23,0.91,amc,1150153846.0,2025-04-25,2014-03-31,0.0769230769230768,52.164918032786886,3393739.3278688523
2013-12-31,NXPI,USD,1413447,2013-11-01,2013-11-01 07:13:36,2013,Q4,1293000000.0,704000000.0,589000000.0,0.4555297757,168000000,0.0,0.0,224000000.0,1000000.0,392000000.0,1096000000.0,0.0,0.0,113000000.0,310000000.0,0.2397525135,198000000.0,0.1531322506,-79000000.0,119000000.0,0.0920340294,10000000.0,96000000.0,0.0742459397,0.39,0.37,246842000,256162000,https://www.sec.gov/Archives/edgar/data/1413447/000119312513421872/0001193125-13-421872-index.htm,https://www.sec.gov/Archives/edgar/data/1413447/000119312513421872/0001193125-13-421872.txt,5.238168545061213,0.3889127458050089,1.2720687727372164,0.952025992335178,2.7142868717641244,6.26311567723483,-6.348190340379676,5.270577940544964,13.453950300192025,11337453060.0,13988453060.0,29.52461734375,8.768331832946636,36.10653840764331,48.24448110638298,8.714414342813221,8.714414342813221,10.818602521268367,45.12404212903226,44.54921356687898,59.52533217021277,0.00846751025049,0.0207277594673454,2.552651806302844,0.5149635602418979,8.551612903225806,1.7535624476110645,0.0,2.730434782608695,0.0,0.0,0.0,0.1299303944315545,0.4827104977515894,0.2515923566878981,0.0610982211910286,0.6991150442477876,0.0239752513534416,6.7911991668500375,0.0342449668689227,0.0287769784172661,-14.002884436198054,899000000.0,-1567000000.0,-2811000000.0,5060000000.0,562000000.0,544500000.0,747000000.0,37.7262180974478,69.54545454545455,94.60227272727272,2.385608856088561,1.2941176470588236,0.9513513513513514,0.0737893927747886,0.3200427804020385,2014-02-05,0.95,amc,1238557894.0,2025-04-25,2013-12-31,0.0421052631578947,41.17296875,2804896.234375
2013-09-30,NXPI,USD,1413447,2013-08-02,2013-08-02 07:46:01,2013,Q3,1249000000.0,679000000.0,570000000.0,0.4563650921,163000000,0.0,0.0,239000000.0,0.0,402000000.0,1081000000.0,1000000.0,45000000.0,137000000.0,318000000.0,0.2546036829,168000000.0,0.1345076061,5000000.0,171000000.0,0.1369095276,1000000.0,155000000.0,0.1240992794,0.62,0.6,248794000,256777000,https://www.sec.gov/Archives/edgar/data/1413447/000119312513316144/0001193125-13-316144-index.htm,https://www.sec.gov/Archives/edgar/data/1413447/000119312513316144/0001193125-13-316144.txt,5.0202175293616405,0.623005377943198,1.197778081464987,0.940537151217473,3.7822455525454792,5.77988215149883,-6.720419302716303,4.831306221211123,15.040555640409334,9257624740.0,12013624740.0,14.931652806451613,7.412029415532426,31.065854832214768,39.56249888888889,7.701850865224626,7.701850865224626,9.618594667734188,37.778694150943394,40.31417697986577,51.34027666666667,0.0167429556018059,0.0252764620053069,3.0757071547420964,0.5481909845788849,8.666666666666666,1.5034267912772583,3.733333333333333,1.7325581395348837,0.0,0.0,0.0,0.1305044035228182,0.4611506524317912,0.2147651006711409,0.0512409927942353,0.4671532846715328,0.0160128102481985,8.229424011549142,0.0298032733511151,0.042652724270776,-14.274861933969468,808000000.0,-1672000000.0,-2893000000.0,4950000000.0,563000000.0,533000000.0,748000000.0,41.93755004003202,72.23858615611194,99.94108983799704,2.146048109965636,1.2458715596330274,0.9005305039787799,0.1289517470881863,0.257240930247514,2013-10-23,0.83,amc,1203304878.0,2025-04-25,2013-09-30,0.0240963855421686,35.3609375,2142547.71875
2013-06-30,NXPI,USD,1413447,2013-06-30,2013-06-30 00:00:00,2013,Q2,1188000000.0,653000000.0,535000000.0,0.4503367003,155000000,0.0,0.0,211000000.0,1000000.0,366000000.0,1019000000.0,47000000.0,0.0,132000000.0,303000000.0,0.2550505051,170000000.0,0.1430976431,-43000000.0,124000000.0,0.1043771044,-2000000.0,111000000.0,0.0934343434,0.44,0.43,249449000,255265000,,,4.762496542379404,0.4449807375455504,0.6414136757413339,0.4008835473383337,2.2810273843551188,5.343777686019988,-7.059559268628056,4.465842717349037,13.553872735509062,7777819820.0,10589819820.0,17.517612207207208,6.54698638047138,48.611373875,77.7781982,6.981884937163375,6.981884937163375,8.913989747474748,34.9499003960396,66.186373875,105.8981982,0.0142713514286578,0.0128570733591511,3.035008976660682,0.537007623888183,9.28052805280528,1.690939881456393,0.0,1.2403100775193798,0.0,0.0,0.0,0.1304713804713804,0.491423125794155,0.375,0.0505050505050505,0.4545454545454545,0.0168350168350168,6.686726754391044,0.0334447116135277,0.0346658338538413,-14.491940236280763,816000000.0,-1761000000.0,-2966000000.0,4940000000.0,528000000.0,517000000.0,736000000.0,41.21212121212121,71.80704441041347,102.26646248085756,2.1838235294117645,1.253358925143954,0.8800539083557951,0.0996409335727109,0.2405301284030002,2013-07-31,0.66,amc,1098000000.0,2025-04-25,2013-06-30,0.0757575757575756,29.26875,3224429.515625
2013-03-31,NXPI,USD,1413447,2013-05-06,2013-05-06 06:08:03,2013,Q1,1085000000.0,602000000.0,483000000.0,0.4451612903,153000000,0.0,0.0,222000000.0,7000000.0,375000000.0,977000000.0,49000000.0,0.0,132000000.0,330000000.0,0.3041474654,115000000.0,0.1059907834,-106000000.0,-37000000.0,-0.0341013825,11000000.0,-14000000.0,-0.0129032258,-0.0561,-0.0561,249668000,249668000,https://www.sec.gov/Archives/edgar/data/1413447/000119312513200163/0001193125-13-200163-index.htm,https://www.sec.gov/Archives/edgar/data/1413447/000119312513200163/0001193125-13-200163.txt,4.345771184132528,-0.0560744668920326,0.4766329685822772,0.2883829725875963,2.3831648429113863,5.106781806238685,-7.345755162856273,4.113462678436965,13.77829757918516,7205418480.0,10050418480.0,-128.66818714285714,6.64093869124424,60.549735126050415,100.07525666666666,7.015986835443037,7.015986835443037,9.263058506912442,30.455813575757578,84.4572981512605,139.58914555555555,-0.0019429822207911,0.0099924799926402,3.3495618305744888,0.5476834898901449,8.621212121212121,1.3941553813257306,0.0,-119.0,0.0,0.0,0.0,0.1410138248847926,0.4949848750199013,0.3949579831932773,0.0433179723502304,0.3560606060606061,0.0156682027649769,,0.0288622923561983,-0.0044136191677175,-14.667478411330247,553000000.0,-1834000000.0,-3050000000.0,4701000000.0,485500000.0,537500000.0,722500000.0,42.47004608294931,76.69435215946844,109.13621262458472,2.119140625,1.1734892787524367,0.8246575342465754,-0.0136319376825705,0.1882499959946809,2013-04-22,0.49,bmo,1062857142.0,2025-04-25,2013-03-31,0.4693877551020408,30.345333333333333,2599293.3666666667
2012-12-31,NXPI,USD,1413447,2012-11-01,2012-11-01 11:16:33,2012,Q4,1116000000.0,626000000.0,490000000.0,0.4390681004,171000000,0.0,0.0,288000000.0,2000000.0,459000000.0,1085000000.0,0.0,0.0,132000000.0,163000000.0,0.1460573477,33000000.0,0.0295698925,-138000000.0,-120000000.0,-0.1075268817,-7000000.0,-116000000.0,-0.1039426523,-0.47,-0.47,248505000,248505000,https://www.sec.gov/Archives/edgar/data/1413447/000119312512445691/0001193125-12-445691-index.htm,https://www.sec.gov/Archives/edgar/data/1413447/000119312512445691/d432237dex1.htm,4.490855314782399,-0.4667914126476328,0.6599464799501016,0.4426470292348242,2.4828474276171506,5.16689805034104,-7.879117120379871,4.22124303333937,14.052031146254604,6540651600.0,9415651600.0,-14.096231896551725,5.860798924731183,39.88202195121952,59.46046909090909,6.235130219256434,6.235130219256434,8.436963799283154,57.76473374233129,57.41250975609756,85.59683272727273,-0.0177352360428431,0.0168178962475237,3.328884652049571,0.5423202360615003,17.63803680981595,1.3061497326203209,0.0,-1.673469387755102,0.0,0.0,0.0,0.1532258064516129,0.503494331417922,0.3292682926829268,0.0483870967741935,0.4090909090909091,0.014336917562724,,0.0059190476190476,-0.0362840162652486,-15.437315144564495,458000000.0,-1958000000.0,-3201000000.0,4770000000.0,472000000.0,555500000.0,693000000.0,37.016129032258064,80.79872204472844,102.79552715654953,2.431372549019608,1.113879003558719,0.8755244755244755,-0.1105815061963775,0.2172994507152773,2013-01-30,0.47,amc,1044765957.0,2025-04-25,2012-12-31,0.0638297872340426,24.331451612903223,1475316.8548387096
2012-09-30,NXPI,USD,1413447,2012-08-21,2012-08-21 08:59:34,2012,Q3,1170000000.0,634000000.0,536000000.0,0.4581196581,153000000,0.0,0.0,236000000.0,21000000.0,389000000.0,1023000000.0,2000000.0,67000000.0,128000000.0,293000000.0,0.2504273504,168000000.0,0.1435897436,-20000000.0,135000000.0,0.1153846154,6000000.0,115000000.0,0.0982905983,0.46,0.45,247498000,253060000,https://www.sec.gov/Archives/edgar/data/1413447/000119312512362730/0001193125-12-362730-index.htm,https://www.sec.gov/Archives/edgar/data/1413447/000119312512362730/0001193125-12-362730.txt,4.727310927765073,0.4646502193957122,0.7757638445563196,0.3757606122069673,2.836386556659044,5.672773113318088,-7.490969623996961,4.79599835150183,14.74355348326047,6212199800.0,9092199800.0,13.504782173913044,5.309572478632479,32.355207291666666,66.79784731182795,5.233529738837405,5.233529738837405,7.77111094017094,31.031398634812287,47.355207291666666,97.76558924731182,0.0185119609321,0.0149705423190026,3.0176916596461667,0.5509921550530688,9.829351535836178,1.505729564553094,2.5074626865671643,1.465648854961832,0.0,0.0,0.0,0.1307692307692307,0.501153668666359,0.515625,0.0846153846153846,0.7734375,0.0102564102564102,7.080987780003084,0.0295315182732401,0.0354609929078014,-14.932443898536556,662000000.0,-1854000000.0,-3126000000.0,5006000000.0,476000000.0,536500000.0,657500000.0,37.30769230769231,77.93375394321767,95.25236593059938,2.4123711340206184,1.1548269581056467,0.9448584202682564,0.096882898062342,0.4000032323493523,2012-10-25,0.56,bmo,1170000000.0,2025-04-25,2012-09-30,0.0,23.641428571428573,1852239.6984126985
2012-06-30,NXPI,USD,1413447,2012-06-30,2012-06-30 00:00:00,2012,Q2,1094000000.0,556000000.0,538000000.0,0.491773309,156000000,0.0,0.0,231000000.0,0.0,382000000.0,938000000.0,1000000.0,71000000.0,139000000.0,296000000.0,0.2705667276,156000000.0,0.1425959781,-178000000.0,-22000000.0,-0.0201096892,7000000.0,-90000000.0,-0.0822669104,-0.36,-0.36,248272000,248272000,,,4.406457433782303,-0.3625056389766063,1.0834890764967455,0.7572340014177998,3.3713024424824387,4.901881807050332,-8.17651607913901,4.092285880002578,15.66829928465554,5767358560.0,8749358560.0,-16.020440444444443,5.271808555758684,21.439994646840148,30.67743914893617,5.676534015748032,5.676534015748032,7.997585521023766,29.558643783783783,32.52549650557621,46.53914127659574,-0.0156050640971418,0.0325972450029186,3.758858267716536,0.5843023255813954,10.074324324324325,1.865158371040724,2.197183098591549,-3.635135135135135,0.0,0.0,0.0,0.1425959780621572,0.4967870257037943,0.3011152416356877,0.0740402193784278,0.5827338129496403,0.0137111517367458,,0.037504352295525,-0.0273639404074186,-15.345065089901398,956000000.0,-2030000000.0,-3258000000.0,5247000000.0,450000000.0,493000000.0,631500000.0,38.41864716636197,84.82014388489209,104.24460431654676,2.342612419700214,1.0610687022900764,0.8633540372670807,-0.0885826771653543,0.3262550750789457,2012-07-24,0.4,bmo,957250000.0,2025-04-25,2012-06-30,0.1249999999999999,22.64587301587302,1507062.142857143
2012-03-31,NXPI,USD,1413447,2012-06-14,2012-06-14 10:20:34,2012,Q1,978000000.0,554000000.0,424000000.0,0.4335378323,148000000,0.0,0.0,222000000.0,0.0,370000000.0,924000000.0,1000000.0,77000000.0,134000000.0,189000000.0,0.1932515337,55000000.0,0.0562372188,-73000000.0,-18000000.0,-0.018404908,-5000000.0,-24000000.0,-0.0245398773,-0.0968,-0.0968,247979000,247979000,https://www.sec.gov/Archives/edgar/data/1413447/000119312512270420/0001193125-12-270420-index.htm,https://www.sec.gov/Archives/edgar/data/1413447/000119312512270420/0001193125-12-270420.txt,3.9438823448759774,-0.0967823888313123,0.3911621548598873,0.2056625762665387,3.1534928360869268,5.460139769899871,-8.496687219482295,4.7100762564572,15.75133378229608,6598721190.0,9645721190.0,-68.73667906249999,6.747158680981595,68.02805350515465,129.38669,5.649590059931507,5.649590059931507,9.862700603271984,51.03556185185185,99.44042463917526,189.13178803921568,-0.0036370683514209,0.0077287702467695,3.2782534246575343,0.5730320263394193,16.12169312169312,1.4166666666666667,0.7142857142857143,-8.083333333333334,0.0,0.0,0.0,0.1513292433537832,0.5179586950014966,0.4742268041237113,0.0470347648261758,0.3432835820895522,0.0,,0.0070180604632901,-0.0074511021421918,-15.77452122962025,585000000.0,-2107000000.0,-3339000000.0,5095000000.0,456000000.0,458500000.0,618500000.0,39.84662576687117,75.05415162454874,100.5595667870036,2.258660508083141,1.199134199134199,0.8949919224555735,-0.0205479452054794,0.1854995785933486,2012-04-26,0.18,amc,923666666.0,2025-04-25,2012-03-31,0.0555555555555556,22.70903225806452,1549802.935483871
2011-12-31,NXPI,USD,1413447,2011-11-10,2011-11-10 14:59:34,2011,Q4,931000000.0,542000000.0,389000000.0,0.41783029,151000000,163000000.0,73000000.0,236000000.0,-10000000.0,386000000.0,928000000.0,83000000.0,75000000.0,151000000.0,68000000.0,0.0730397422,7000000.0,0.007518797,-165000000.0,-158000000.0,-0.1697099893,2000000.0,-182000000.0,-0.1954887218,-0.74,-0.74,246646000,246646000,https://www.sec.gov/Archives/edgar/data/1413447/000119312511306687/0001193125-11-306687-index.htm,https://www.sec.gov/Archives/edgar/data/1413447/000119312511306687/0001193125-11-306687.txt,3.7746405779943726,-0.7378996618635616,-0.1378493873811049,-0.3243514997202468,3.012414553651793,5.501812314004687,-8.29123521159881,4.642280839746033,15.706721373952952,3790949020.0,6846949020.0,-5.207347554945054,4.071910870032223,-111.49850058823527,-47.38686275,3.310872506550218,3.310872506550218,7.354402814178303,100.69042676470588,-201.38085352941172,-85.58686275,-0.0480090866534522,-0.0211028952322867,3.3179039301310045,0.5745614035087719,44.94117647058823,1.8741658722592949,0.0933333333333333,0.1942857142857142,0.0,0.0,0.1750805585392051,0.1621911922663802,0.514519056261343,-1.3529411764705883,0.0494092373791621,0.304635761589404,0.0,,0.0012624412457589,-0.0566978193146417,-15.584075963121236,917000000.0,-2045000000.0,-3289000000.0,5382000000.0,462500000.0,493500000.0,614000000.0,46.30504833512352,75.55350553505535,102.619926199262,1.9436325678496869,1.1912087912087912,0.8770226537216829,-0.1589519650655022,0.1865021123391419,2012-02-09,0.24,amc,931000000.0,2025-04-25,2011-12-31,0.0,16.417142857142856,1494497.9206349207
2011-09-30,NXPI,USD,1413447,2011-09-30,2011-09-30 00:00:00,2011,Q3,1060000000.0,572000000.0,488000000.0,0.4603773585,165000000,145000000.0,74000000.0,219000000.0,0.0,379000000.0,951000000.0,2000000.0,75000000.0,152000000.0,256000000.0,0.241509434,109000000.0,0.1028301887,-174000000.0,-65000000.0,-0.0613207547,20000000.0,301000000.0,0.2839622642,1.21,1.21,248318000,248318000,,,4.268719947808858,1.2121553814061004,0.7973646694963716,0.6121183321386287,3.483436561183644,6.282267093001716,-8.175001409483002,5.464766952053416,15.689559355342746,3506250160.0,6462250160.0,2.912167906976744,3.3077831698113207,17.708334141414138,23.067435263157893,2.583824731024318,2.583824731024318,6.09646241509434,25.2431646875,32.63762707070707,42.51480368421053,0.0858466983998654,0.0433511566670416,2.815770081061165,0.5447676076418592,11.546875,1.688617886178862,1.4533333333333334,-1.8,0.0,0.0,0.1367924528301886,0.1556603773584905,0.5118334759053322,0.2323232323232323,0.0433962264150943,0.3026315789473684,0.0,12.20832912621091,0.0244365612100911,0.0879088785046729,-15.905008899878382,847000000.0,-2030000000.0,-3377000000.0,5544000000.0,458000000.0,546500000.0,590500000.0,37.86792452830189,83.7062937062937,95.97902097902096,2.376681614349776,1.075187969924812,0.9377049180327868,0.2218128224023581,0.1852463373577429,2011-11-01,0.51,bmo,1080784313.0,2025-04-25,2011-09-30,-0.0196078431372549,19.0059375,2080228.125
2011-06-30,NXPI,USD,1413447,2011-08-04,2011-08-04 17:01:38,2011,Q2,1121000000.0,598000000.0,523000000.0,0.4665477252,165000000,156000000.0,73000000.0,229000000.0,0.0,390000000.0,988000000.0,1000000.0,80000000.0,143000000.0,276000000.0,0.2462087422,133000000.0,0.1186440678,-19000000.0,114000000.0,0.1016949153,30000000.0,84000000.0,0.0749330955,0.34,0.33,249957000,256273000,https://www.sec.gov/Archives/edgar/data/1413447/000119312511210533/0001193125-11-210533-index.htm,https://www.sec.gov/Archives/edgar/data/1413447/000119312511210533/0001193125-11-210533.txt,4.4847713806774765,0.336057801941934,0.0720123861304144,-0.2200378465095996,3.436591093668111,5.64497093500082,-9.933708597878836,4.872838128158043,19.14729333445353,6681350610.0,10528350610.0,19.884972053571428,5.9601700356824265,371.186145,-121.479102,5.485509532019704,5.485509532019704,9.391927395182872,38.14619786231884,584.9083672222222,-191.42455654545452,0.0125723083405138,-0.0082318685562888,3.863711001642036,0.6034880738650936,13.93840579710145,1.176566757493188,1.6625,0.1818181818181818,0.0,0.0,0.1391614629794826,0.1471900089206066,0.4993588099512696,4.055555555555555,0.0651204281891168,0.5104895104895105,0.0,6.070007709037271,0.0148394912174439,0.0215163934426229,-19.563364898762583,324000000.0,-2483000000.0,-4228000000.0,5374000000.0,466500000.0,550000000.0,554000000.0,37.73416592328278,84.4314381270903,85.93645484949833,2.385106382978724,1.0659536541889485,1.0472854640980735,0.0689655172413793,0.292050232640014,2011-07-28,0.52,bmo,1142557692.0,2025-04-25,2011-06-30,-0.0192307692307692,28.765555555555554,1791724.0793650793
2011-03-31,NXPI,USD,1413447,2011-03-31,2011-03-30 20:00:00,2011,Q1,1082000000.0,576000000.0,506000000.0,0.4676524954,154000000,169000000.0,65000000.0,234000000.0,0.0,398000000.0,974000000.0,1000000.0,82000000.0,145000000.0,253000000.0,0.2338262477,108000000.0,0.0998151571,101000000.0,209000000.0,0.1931608133,-1000000.0,187000000.0,0.1728280961,0.75,0.73,250402000,256589000,,,4.321051748787949,0.7467991469716696,0.0519165182386722,-0.2116596512807405,3.510355348599452,5.499157354973203,-9.975958658477168,4.516737086764483,18.829721807333808,7504547940.0,11258547940.0,10.032818101604278,6.935811404805915,577.2729184615384,-141.5952441509434,6.635320901856764,6.635320901856764,10.405312329020331,44.50018948616601,866.0421492307693,-212.42543283018867,0.0249182231221778,-0.0070623840934514,4.096374889478338,0.5975751322068876,14.83794466403162,1.2819750148721,1.3170731707317074,0.0691489361702127,0.0,0.0,0.1561922365988909,0.1423290203327172,0.4998065265058687,5.076923076923077,0.0609981515711645,0.4551724137931034,0.0,8.71175335845477,0.0166769242986757,0.0482207323362558,-19.493654204039903,474000000.0,-2498000000.0,-4221000000.0,5497000000.0,450500000.0,566000000.0,525000000.0,38.51201478743069,84.21875,83.90625,2.336933045356372,1.0686456400742117,1.0726256983240223,0.165340406719717,0.2635761695194127,2011-05-04,0.42,bmo,978952380.0,2025-04-25,2011-03-31,0.0952380952380953,26.55274193548387,1412623.5806451612
2010-12-31,NXPI,USD,1413447,2011-03-09,2011-03-09 17:18:31,2010,Q4,823000000.0,407000000.0,416000000.0,0.5054678007,128000000,169000000.0,69000000.0,238000000.0,-18000000.0,350000000.0,757000000.0,1000000.0,81000000.0,160000000.0,99000000.0,0.120291616,50000000.0,0.0607533414,-192000000.0,-142000000.0,-0.1725394897,-13000000.0,-118000000.0,-0.1433778858,-0.47,-0.47,249560000,249560000,https://www.sec.gov/Archives/edgar/data/1413447/000119312511061029/0001193125-11-061029-index.htm,https://www.sec.gov/Archives/edgar/data/1413447/000119312511061029/d20f.htm,3.29780413527809,-0.4728321846449752,0.5810225997756051,0.3205641929796441,3.598333066196506,4.8845968905273285,-10.282096489822086,3.9509536784741135,18.5606667735214,5223290800.0,8876290800.0,-11.06629406779661,6.346647387606319,36.02269517241379,65.291135,5.297455172413793,5.297455172413793,10.7852865127582,89.65950303030303,61.21579862068965,110.953635,-0.0225911220566161,0.015316014953638,4.6156186612576064,0.5959146261621056,36.898989898989896,1.2219679633867278,0.6172839506172839,-0.935483870967742,0.0,0.0,0.2053462940461725,0.1555285540704738,0.49561346078303,0.4482758620689655,0.0789793438639125,0.40625,0.0,,0.0071962191399346,-0.0306334371754932,-19.7748036544318,388000000.0,-2566000000.0,-4282000000.0,5337000000.0,504000000.0,606000000.0,508500000.0,47.897934386391256,131.13022113022114,113.43980343980344,1.8789954337899544,0.6863406408094435,0.7933723196881092,-0.1196754563894523,0.2604584067959609,2011-02-15,0.47,bmo,998106382.0,2025-04-25,2010-12-31,-0.2127659574468084,14.69453125,324473.59375
2010-09-30,NXPI,USD,1413447,2010-09-30,2010-09-29 20:00:00,2010,Q3,1213000000.0,706000000.0,507000000.0,0.4179719703,149000000,165000000.0,65000000.0,230000000.0,0.0,377000000.0,1083000000.0,1000000.0,81000000.0,162000000.0,293000000.0,0.2415498763,130000000.0,0.1071723001,279000000.0,409000000.0,0.3371805441,28000000.0,369000000.0,0.3042044518,1.56,1.55,237295000,238735000,,,5.111780694915612,1.5550264438778736,0.6658378811184391,0.3666322509955962,4.054025579974294,5.499483764933943,-12.014581006763732,4.547082745106303,19.932994795507703,2940085050.0,6627085050.0,1.9919275406504064,2.423812901896125,18.6081332278481,33.79408103448276,2.724823957367933,2.724823957367933,5.463384212695796,22.61803771331058,41.943576265822784,76.17339137931035,0.1255065733557605,0.0295909807098947,4.308619091751622,0.5876627480723043,12.583617747440274,1.171850289931471,1.6049382716049383,0.4202127659574468,0.0,0.0,0.1360263808738664,0.122835943940643,0.5253444570850714,0.4493670886075949,0.0585325638911789,0.4382716049382716,0.0,12.61323760977627,0.0185651149009317,0.0982689747003994,-20.921216207673996,326000000.0,-2851000000.0,-4383000000.0,5687000000.0,579000000.0,619000000.0,487000000.0,42.29183841714757,78.90934844192635,64.24929178470255,2.1280701754385967,1.1405492730210016,1.4007936507936507,0.3419833178869323,0.2992056301228428,2010-09-29,,amc,,2025-04-25,2010-09-30,,12.047435897435898,879375.4871794871
2010-06-30,NXPI,USD,1413447,2010-06-30,2010-06-29 20:00:00,2010,Q2,1201000000.0,729000000.0,472000000.0,0.3930058285,137000000,176000000.0,65000000.0,241000000.0,0.0,379000000.0,1108000000.0,0.0,0.0,169000000.0,262000000.0,0.2181515404,93000000.0,0.0774354704,-413000000.0,-320000000.0,-0.2664446295,1000000.0,-362000000.0,-0.3014154871,-1.68,-1.68,215252000,215252000,,,5.579506810621969,-1.6817497630684035,0.3763031237804991,-0.2183487261442402,3.911694200286176,2.5551446676453646,-15.37267946407002,1.5377325181647556,23.488748072027207,3013528000.0,7227528000.0,-2.081165745856353,2.5091823480432973,37.20404938271605,-64.1176170212766,9.104314199395771,9.104314199395771,6.01792506244796,27.58598473282443,89.22874074074075,-153.7771914893617,-0.1201249830763145,-0.0155963375817314,15.274924471299094,0.6716259298618491,16.083969465648856,1.0333170014698676,0.0,-0.2314285714285714,0.0,0.0,0.1465445462114904,0.1140716069941715,0.5126195536663124,1.5802469135802468,0.1065778517901748,0.757396449704142,0.0,,0.0153035802165354,-0.0986644862360316,-25.365617973352165,68000000.0,-3309000000.0,-4869000000.0,5115000000.0,593000000.0,590000000.0,474000000.0,44.063280599500416,76.41975308641975,58.02469135802469,2.042517006802721,1.1777059773828755,1.551063829787234,-1.093655589123867,0.5946518499247394,2010-11-02,0.46,bmo,1133891304.0,2025-04-25,2010-06-30,0.0652173913043477,,
2010-03-31,NXPI,USD,1413447,2010-03-31,2010-03-30 20:00:00,2010,Q1,1165000000.0,737000000.0,428000000.0,0.3673819742,154000000,191000000.0,66000000.0,257000000.0,0.0,428000000.0,1165000000.0,-224000000.0,80000000.0,193000000.0,170000000.0,0.1459227468,-222000000.0,-0.1905579399,-302000000.0,-302000000.0,-0.2592274678,8000000.0,-345000000.0,-0.2961373391,-1.6,-1.6,215252000,215252000,,,5.412260977830636,-1.602772564250274,-0.0696857636630554,-0.0743314812405924,4.041774292457213,3.8094884135803615,-16.097411406165797,2.8478248750301973,24.422537305112147,3013528000.0,7320528000.0,-2.1837159420289853,2.586719313304721,-200.90186666666665,-188.3455,4.916032626427406,4.916032626427406,6.283715021459227,43.06192941176471,-488.0352,-457.533,-0.1144837545893052,-0.0053093915171851,8.445350734094617,0.6382690173837998,25.33529411764706,1.0166051660516606,-2.775,0.0446428571428571,0.0,0.0,0.1639484978540772,0.1321888412017167,0.5282949081494267,-0.0666666666666666,0.0008583690987124,0.005181347150259,0.0,,-0.0347697276017678,-0.0901725039205436,-26.63622173080854,36000000.0,-3465000000.0,-5087000000.0,5575000000.0,556000000.0,558500000.0,510000000.0,46.19742489270386,68.50746268656717,58.37177747625509,1.9481605351170568,1.3137254901960784,1.5418410041841004,-0.5628058727569332,0.004645717577537,2010-03-30,,amc,,2025-04-25,2010-03-31,,,
2009-12-31,NXPI,USD,1413447,2009-12-31,2009-12-30 19:00:00,2009,Q4,1161000000.0,768000000.0,393000000.0,0.338501292,230000000,241000000.0,75000000.0,316000000.0,0.0,523000000.0,1291000000.0,-1000000.0,85000000.0,207000000.0,-80000000.0,-0.0689061154,-211000000.0,-0.1817398794,-161000000.0,-372000000.0,-0.3204134367,-6000000.0,-376000000.0,-0.3238587425,-1.75,-1.75,215252000,215252000,,,5.393678107520488,-1.746789809153922,0.1068515042833516,-0.0929143515507405,5.505175329381376,5.240369427461766,-16.255365803802054,4.320517347109434,24.93821195621876,3013528000.0,7255528000.0,-2.0036755319148933,2.595631352282515,131.02295652173913,-150.6764,3.240352688172043,3.240352688172043,6.249378122308355,-90.6941,315.4577391304348,-362.7764,-0.1247707006538515,-0.0066367393964814,5.680645161290323,0.6091317883085438,-53.025,1.1154016866400356,-2.4823529411764707,-0.0626702997275204,0.0,0.0,0.2075796726959517,0.198105081826012,0.5334947538337369,1.8695652173913044,0.037037037037037,0.2077294685990338,0.0,,-0.0295301243518561,-0.092931290163124,-26.49685020348243,260000000.0,-3499000000.0,-5032000000.0,6248000000.0,,,,39.84496124031008,65.15625,63.51562499999999,2.258754863813229,1.381294964028777,1.416974169741697,-0.4043010752688172,0.1997658558340921,2009-12-30,,amc,,2025-04-25,2009-12-31,,,
2009-09-30,NXPI,USD,1413447,2009-09-30,2009-09-29 20:00:00,2009,Q3,1077000000.0,755000000.0,322000000.0,0.2989786444,172000000,160000000.0,82000000.0,242000000.0,0.0,451000000.0,1206000000.0,1000000.0,83000000.0,198000000.0,722000000.0,0.6703806871,-129000000.0,-0.1197771588,570000000.0,441000000.0,0.4094707521,13000000.0,418000000.0,0.3881151346,1.94,1.93,215252000,216429000,,,5.0034378310073775,1.941909947410477,-0.2369315964543883,-0.3019716425399067,,,,,,3013528000.0,,1.8023492822966507,2.798076137418756,-59.08878431372549,-46.36196923076923,0.0,0.0,,,,,0.1387078533864626,-0.0215694030385647,0.0,0.0,,0.0,-1.5542168674698795,-0.1180555555555555,0.0,0.0,0.1485608170844939,0.159702878365831,0.0,-0.2745098039215686,0.0129990714948932,0.0707070707070707,0.0,,0.0,0.0,,,,,,,,,,,,0.0,0.0,0.0,0.0,0.0650400460855183,2009-09-29,,amc,,2025-04-25,2009-09-30,,,
2009-06-30,NXPI,USD,1413447,2009-06-30,2009-06-29 20:00:00,2009,Q2,903000000.0,717000000.0,186000000.0,0.2059800664,188000000,164000000.0,59000000.0,223000000.0,0.0,403000000.0,1120000000.0,0.0,0.0,253000000.0,36000000.0,0.0398671096,-217000000.0,-0.2403100775,582000000.0,365000000.0,0.4042081949,2000000.0,358000000.0,0.3964562569,1.66,1.66,215252000,215252000,,,4.195082972515935,1.6631668927582557,-1.6213554345604222,-1.8350584431271253,,,,,,3013528000.0,,2.104418994413408,3.337240310077519,-8.634750716332379,-7.629184810126582,0.0,0.0,,,,,0.1187976351970182,-0.1310756030805089,0.0,0.0,,0.0,0.0,-0.9614325068870524,0.0,0.0,0.1816168327796234,0.2081949058693245,0.0,-0.1318051575931232,0.0509413067552602,0.1818181818181818,0.0,,0.0,0.0,,,,,,,,,,,,0.0,0.0,0.0,0.0,0.2137030085667032,2009-06-29,,amc,,2025-04-25,2009-06-30,,,
2009-03-31,NXPI,USD,1413447,2009-03-31,2009-03-30 20:00:00,2009,Q1,702000000.0,634000000.0,68000000.0,0.0968660969,187000000,173000000.0,61000000.0,234000000.0,0.0,415000000.0,1049000000.0,3000000.0,104000000.0,211000000.0,-341000000.0,-0.4857549858,-347000000.0,-0.4943019943,-309000000.0,-656000000.0,-0.9344729345,8000000.0,-579000000.0,-0.8247863248,-2.69,-2.69,215252000,215252000,,,3.2612937394309927,-2.689870477393938,-1.7096240685336257,-1.7142697861111629,,,,,,3013528000.0,,-1.3011778929188256,4.292774928774929,-8.188934782608696,-8.166742547425475,0.0,0.0,,,,,-0.1921336055281384,-0.122447841865083,0.0,0.0,,0.0,-3.3365384615384617,0.6247877758913413,0.0,0.0,0.2464387464387464,0.2663817663817663,0.0,-0.0027173913043478,0.0014245014245014,0.0047393364928909,0.0,,0.0,0.0,,,,,,,,,,,,0.0,0.0,0.0,0.0,0.004645717577537,2009-03-30,,amc,,2025-04-25,2009-03-31,,,
