date,symbol,reportedCurrency,cik,fillingDate,acceptedDate,calendarYear,period,revenue,costOfRevenue,grossProfit,grossProfitRatio,researchAndDevelopmentExpenses,generalAndAdministrativeExpenses,sellingAndMarketingExpenses,sellingGeneralAndAdministrativeExpenses,otherExpenses,operatingExpenses,costAndExpenses,interestIncome,interestExpense,depreciationAndAmortization,ebitda,ebitdaratio,operatingIncome,operatingIncomeRatio,totalOtherIncomeExpensesNet,incomeBeforeTax,incomeBeforeTaxRatio,incomeTaxExpense,netIncome,netIncomeRatio,eps,epsdiluted,weightedAverageShsOut,weightedAverageShsOutDil,link,finalLink,revenuePerShare,netIncomePerShare,operatingCashFlowPerShare,freeCashFlowPerShare,cashPerShare,bookValuePerShare,tangibleBookValuePerShare,shareholdersEquityPerShare,interestDebtPerShare,marketCap,enterpriseValue,peRatio,priceToSalesRatio,pocfratio,pfcfRatio,pbRatio,ptbRatio,evToSales,enterpriseValueOverEBITDA,evToOperatingCashFlow,evToFreeCashFlow,earningsYield,freeCashFlowYield,debtToEquity,debtToAssets,netDebtToEBITDA,currentRatio,interestCoverage,incomeQuality,dividendYield,payoutRatio,salesGeneralAndAdministrativeToRevenue,researchAndDdevelopementToRevenue,intangiblesToTotalAssets,capexToOperatingCashFlow,capexToRevenue,capexToDepreciation,stockBasedCompensationToRevenue,grahamNumber,roic,returnOnTangibleAssets,grahamNetNet,workingCapital,tangibleAssetValue,netCurrentAssetValue,investedCapital,averageReceivables,averagePayables,averageInventory,daysSalesOutstanding,daysPayablesOutstanding,daysOfInventoryOnHand,receivablesTurnover,payablesTurnover,inventoryTurnover,roe,capexPerShare,report_date,epsEstimated,time,revenueEstimated,updatedFromDate,fiscalDateEnding,surprise(%),QuarterAvgPrice,QuarterAvgVolume
2025-03-31,O,USD,726728,2025-05-05,2025-05-05 16:07:03,2025,Q1,1380505000.0,0.0,1380505000.0,1.0,0,44044000.0,0.0,44044000.0,0.0,44044000.0,44044000.0,0.0,0.0,608935000.0,876054000.0,0.6345895162,1336461000.0,0.9680957331,-1069342000.0,267119000.0,0.1934936853,17304000.0,249815000.0,0.1809591418,0.287,0.286,870665000,872052000,https://www.sec.gov/Archives/edgar/data/726728/000072672825000093/0000726728-25-000093-index.htm,https://www.sec.gov/Archives/edgar/data/726728/000072672825000093/o-991q12025.htm,0.0,0.0,0.0,0.0,0.0,0.0,0.0,0.0,0.0,0.0,-319007000.0,0.0,0.0,0.0,0.0,0.0,0.0,-0.2310799308948537,-0.3641407949738258,0.0,0.0,,0.0,0.0,0.0,-0.3641407949738258,0.0,0.0,0.0,,0.0,0.0319042669168166,0.0,0.072428567594893,0.0,0.0,0.0,0.0,,0.197645665289753,0.0038608152420902,0.0,1271417000.0,34189737000.0,-29244092000.0,6323867000.0,2166766500.0,0.0,-882500.0,62.09097395518307,0.0,0.0,1.4494860406757597,0.0,0.0,0.0064003825036552,0.0,2025-05-05,1.06,amc,1316547930.0,2025-05-11,2025-03-31,0.0,55.35425,5342985.05
2024-12-31,O,USD,726728,2025-02-25,2025-02-25 16:09:40,2024,Q4,1340299000.0,0.0,1340299000.0,1.0,0,49114000.0,0.0,49114000.0,0.0,49114000.0,49114000.0,0.0,0.0,606671000.0,828123000.0,0.6178643721,1291185000.0,0.9633559377,-1069733000.0,221452000.0,0.165225819,21840000.0,199612000.0,0.1489309475,0.23,0.23,870665000,872052000,https://www.sec.gov/Archives/edgar/data/726728/000072672825000055/0000726728-25-000055-index.htm,https://www.sec.gov/Archives/edgar/data/726728/000072672825000055/o-20241231.htm,1.5393968977735408,0.229263838560181,1.1163455519631549,1.1163455519631549,0.5110599369447492,44.85271143321484,31.92559135832955,44.61042766161497,30.731842901690086,46502217650.0,72814395650.0,58.240759135222326,34.69540576393775,47.84360891309648,47.84360891309649,1.1972537094943974,1.1972537094943974,54.32697901736852,87.92702974075107,74.91478137542272,74.91478137542272,0.0042925264662082,0.0209014332889562,0.6888937074264655,0.3887139513351623,31.77327281092301,1.6757956732452994,0.0,4.82723118947107,0.0148780216291469,3.466029096447107,0.0366440622577499,0.0,0.1635096189892476,0.0,0.0,0.0,0.0073282155698094,15.16970838295995,0.0172251243564099,0.0034666989742661,-30.785010595349533,1620877000.0,27796495000.0,-25764004000.0,14148771000.0,3208327000.0,0.0,-1694500.0,227.03969039744115,0.0,0.0,0.3964064602204652,0.0,0.0,0.0051392432347706,0.0,2025-02-24,1.06,amc,1282339630.0,2025-05-11,2024-12-31,-0.0094339622641509,58.23734375,4903073.484375
2024-09-30,O,USD,726728,2024-11-05,2024-11-05 16:08:24,2024,Q3,1330915000.0,92154000.0,1238761000.0,0.930758914,0,41869000.0,0.0,41869000.0,0.0,41869000.0,134023000.0,-7359000.0,254870000.0,602339000.0,1228969000.0,0.9234015696,1201979000.0,0.903122288,-915500000.0,286479000.0,0.2152496591,15355000.0,269485000.0,0.2024809999,0.3,0.3,870665000,872052000,https://www.sec.gov/Archives/edgar/data/726728/000072672824000130/0000726728-24-000130-index.htm,https://www.sec.gov/Archives/edgar/data/726728/000072672824000130/o-20240930.htm,1.5286189292092829,0.3095162892731418,0.9664658623006552,0.9664658623006552,0.4629518816077366,44.41399390121344,31.16865039940735,44.17059603866011,30.91227969425669,55217574300.0,81479988300.0,51.22509072861198,41.48843036557556,65.62052781567452,65.6205278156745,1.4357967898937098,1.4357967898937098,61.22103086973999,66.2994658937695,96.8307627859883,96.8307627859883,0.0048804208336982,0.0152391337480393,0.693211144311145,0.3893654224759943,21.36946822906029,2.26625336492577,4.7160473967120495,3.122504035475073,0.0124911680519077,2.5594448670612464,0.0314588084137604,0.0,0.1684309163684942,0.0,0.0,0.0,0.0,17.538790638739968,0.0168657065482426,0.0047330790863907,-31.14876990576169,2025956000.0,27137453000.0,-26173139000.0,14854983000.0,3031979000.0,0.0,-812000.0,205.2706521453286,0.0,-1.5860407578618398,0.4384455306172132,0.0,-56.745073891625616,0.0070072925663543,0.0,2024-11-04,1.05,amc,1262840680.0,2025-04-25,2024-09-30,0.0,59.5078125,4785516.609375
2024-06-30,O,USD,726728,2024-08-06,2024-08-06 16:11:42,2024,Q2,1348031000.0,705421000.0,642610000.0,0.4767026871,0,45070000.0,0.0,45070000.0,6108000.0,650640000.0,754686000.0,246931000.0,0.0,605570000.0,1196551000.0,0.887628697,593345000.0,0.4401567916,-992610000.0,276610000.0,0.2051955778,15642000.0,259391000.0,0.1924221327,0.3,0.29,870319000,870725000,https://www.sec.gov/Archives/edgar/data/726728/000072672824000118/0000726728-24-000118-index.htm,https://www.sec.gov/Archives/edgar/data/726728/000072672824000118/o-20240630.htm,1.5488929921097896,0.2980412929052451,1.1273705388483992,1.0790939873770422,0.5017953187279607,44.71287424496076,31.31361374392608,44.52297031318402,29.246840526289784,45569902840.0,70581163840.0,43.92008863067724,33.804788495220066,46.44435719731097,48.52218677195269,1.1760221663489352,1.1760221663489352,52.35870973293641,58.98717550693618,71.9355666896324,75.1538230496318,0.0056921560906272,0.0206091288651077,0.6568932917224818,0.3739896093986725,20.90279561840657,0.8510722554338436,0.0,3.782598471034076,0.0148958404055267,2.6169065233566315,0.0334339492192687,0.0,0.1713410443944706,0.0428222574635232,0.0311684226846415,0.0693825651865184,0.0053908255819042,17.279116928036924,0.0085874358875008,0.0045991882877978,-30.377855418530448,-215491000.0,27252833000.0,-27915008000.0,12782266000.0,2867884000.0,0.0,39127000.0,202.19003123815403,0.0,0.0,0.445125802933338,0.0,0.0,0.0066941017368957,0.048276551471357,2024-08-05,1.05,amc,1247330000.0,2025-04-25,2024-06-30,0.0095238095238095,53.39952380952381,5553850.555555556
2024-03-31,O,USD,726728,2024-05-07,2024-05-07 16:15:51,2024,Q1,1269417000.0,670425000.0,598992000.0,0.4718638556,0,40842000.0,0.0,40842000.0,-32098000.0,32098000.0,702523000.0,4272000.0,239524000.0,581064000.0,1128606000.0,0.8890742758,566894000.0,0.4465782324,-1053668000.0,149401000.0,0.1176926101,15502000.0,132284000.0,0.1042084674,0.16,0.16,834940000,835242000,https://www.sec.gov/Archives/edgar/data/726728/000072672824000077/0000726728-24-000077-index.htm,https://www.sec.gov/Archives/edgar/data/726728/000072672824000077/o-20240331.htm,1.5203691283205978,0.1584353366708985,0.9326095288284189,0.921078161305004,0.8146202122308189,47.09138860157616,32.68476058040099,46.89369415766402,30.632349629913527,44635892400.0,69292383400.0,84.3561813975991,35.162513500291865,57.32302571169156,58.04067694348185,1.1400253479766174,1.1400253479766174,54.58598978901338,61.39643365355137,88.9877822911543,90.10185801871152,0.0029636239556845,0.0172292959465956,0.6471120365191078,0.3708078338195203,21.84685443812987,0.9138646682007588,2.3667523922446185,5.886373302034814,0.0143177825206873,4.831173838105894,0.0321738246769973,0.0,0.1760424154902029,0.0123646254589538,0.0075845841043565,0.0165696033483402,0.0267863121417154,12.929284975831496,0.0077834992940676,0.0023496445684318,-31.451329736268477,-138497000.0,27289813999.0,-27540362000.0,13245115000.0,2653820000.0,0.0,54860000.0,191.94692524205996,0.0,10.50506768094865,0.4688796128747727,0.0,8.567293684667876,0.0033786064313511,0.0115313675234148,2024-05-06,1.03,amc,1255760000.0,2025-04-25,2024-03-31,0.0,54.14852459016393,7284995.147540984
2023-12-31,O,USD,726728,2024-02-21,2024-02-21 16:16:06,2023,Q4,1076285000.0,81883000.0,994402000.0,0.9239207087,0,38015000.0,0.0,38015000.0,10804000.0,513871000.0,595754000.0,18216000.0,219798000.0,475856000.0,958522000.0,0.8905838138,482666000.0,0.4484555671,-2403826000.0,235565000.0,0.2188686082,15803000.0,218405000.0,0.2029248758,0.3,0.3,724598000,726859000,https://www.sec.gov/Archives/edgar/data/726728/000072672824000047/0000726728-24-000047-index.htm,https://www.sec.gov/Archives/edgar/data/726728/000072672824000047/o-20231231.htm,1.485354638019978,0.3014154055076056,1.049765525160158,1.019976593918283,0.3130936050058101,45.69011921092799,33.61530669419457,45.46171394345554,30.650778776645808,41606417160.0,63363189160.0,47.62530294636112,38.65743475008943,54.69792884581507,56.29540946564142,1.2630408099311423,1.2630408099311423,58.87212881346483,66.10509634624975,83.3004966226609,85.73332967108797,0.0052493104407454,0.0177634377206249,0.6675384250494977,0.380580472711041,22.698250014084184,0.4989964103489001,2.195952647430823,3.4612808401816517,0.0133660631690883,2.546251230512122,0.0353205702950426,0.0,0.1514275245396033,0.0283767475001906,0.0200550969306456,0.045360361117649,0.0056425575010336,17.558882972019944,0.0082441980368881,0.0044545201861424,-31.02349682168596,-947254000.0,24357584000.0,-23728929000.0,9103680000.0,2509111000.0,0.0,25696500.0,217.43953506738453,0.0,34.58520083533823,0.4139081697912432,0.0,2.602269115871099,0.0066300933106591,0.0297889312418748,2024-02-20,1.02,amc,1022980000.0,2025-04-25,2023-12-31,-0.0098039215686274,52.49492063492063,6832709.142857143
2023-09-30,O,USD,726728,2023-11-07,2023-11-07 16:02:26,2023,Q3,1039104000.0,70981000.0,968123000.0,0.9316901869,0,35525000.0,0.0,35525000.0,7235000.0,538789000.0,609770000.0,184121000.0,195813000.0,495566000.0,932598000.0,0.8975020787,437032000.0,0.4205854274,-750794000.0,245213000.0,0.235985041,11336000.0,233473000.0,0.2246868456,0.33,0.33,709165000,709543000,https://www.sec.gov/Archives/edgar/data/726728/000072672823000115/0000726728-23-000115-index.htm,https://www.sec.gov/Archives/edgar/data/726728/000072672823000115/o-20230930.htm,1.4652499770857277,0.3292223953522805,1.032197020439531,1.00731000542892,0.517691933471054,44.87449042183413,32.436241213257844,44.64002594600692,29.11728582205833,35415700100.0,55524718100.0,37.92269352344811,34.082921536246616,48.382236153650695,49.57758756574167,1.118726948331157,1.118726948331157,53.43518848931387,59.53767657661715,75.8536472777248,77.72771866412636,0.0065923587375306,0.0201704045940913,0.6460831400330996,0.369611228814325,21.562364491452907,1.487235576260942,2.2318845020504257,3.135257610087676,0.0153418681111996,2.3272198498327428,0.0341881082163094,0.0,0.1594011918263611,0.0241107216139934,0.0169848253880266,0.0356138233857851,0.0059965123798965,18.18436597979093,0.007695092759459,0.0050191816179795,-30.06770955983445,937508000.0,23002647000.0,-20651857000.0,53276565000.0,2328738500.0,0.0,18625500.0,209.4237631651885,0.0,25.26633887941844,0.4297506578993624,0.0,3.562051487930948,0.0073750493727419,0.024887015010611,2023-11-06,1.0,amc,1000900000.0,2025-04-25,2023-09-30,0.02,57.5,5308691.412698412
2023-06-30,O,USD,726728,2023-08-03,2023-08-03 16:04:51,2023,Q2,1019205000.0,94703000.0,924502000.0,0.9070814998,0,36829000.0,0.0,36829000.0,3020000.0,509107000.0,603810000.0,183857000.0,177846000.0,472278000.0,912557000.0,0.8953615808,440279000.0,0.4319827709,-205721000.0,210085000.0,0.2061263436,12932000.0,195415000.0,0.1917327721,0.29,0.29,674109000,674593000,https://www.sec.gov/Archives/edgar/data/726728/000072672823000107/0000726728-23-000107-index.htm,https://www.sec.gov/Archives/edgar/data/726728/000072672823000107/o-20230630.htm,1.5119290797185618,0.2898863536905752,1.0901486258157065,1.0670099345951471,0.3988865302198902,46.44819012948945,33.14191770173666,46.19907314692431,29.386444922112,40304977110.0,59683105110.0,51.56331027556738,39.54550567353967,54.84573257638333,56.03509214062376,1.2941818077140472,1.2941818077140472,58.55848932256024,65.402057197523,81.21487361865015,82.9760623594951,0.0048484086584809,0.017845959769111,0.6303724108602674,0.3636824525284663,21.234978198622112,1.480792729560547,2.475619356072108,3.7274553265737778,0.0127798360632786,2.6358826088068983,0.0361350268101118,0.0,0.1661683462742012,0.0212252629344422,0.0153040850466785,0.0330271577333689,0.0074793589120932,17.35888300885274,0.0080464963947024,0.0043415147497528,-30.725450186839225,832971000.0,22341265000.0,-20104057000.0,52122374000.0,1927298500.0,0.0,20884500.0,197.7618437900128,0.0,16.463681192781646,0.4550928443788361,0.0,5.466578157469407,0.0062747222821692,0.0231386912205592,2023-08-02,0.99,amc,985110000.0,2025-04-25,2023-06-30,0.0101010101010101,61.02903225806452,4008026.4516129033
2023-03-31,O,USD,726728,2023-05-04,2023-05-04 16:06:32,2023,Q1,944399000.0,69397000.0,875002000.0,0.9265172877,0,34167000.0,0.0,34167000.0,451477000.0,485644000.0,555041000.0,18732000.0,154132000.0,451477000.0,843565000.0,0.8932294507,392088000.0,0.4151719771,-151286000.0,238072000.0,0.2520883652,11950000.0,225016000.0,0.2382637,0.34,0.34,660462399,661238844,https://www.sec.gov/Archives/edgar/data/726728/000072672823000068/0000726728-23-000068-index.htm,https://www.sec.gov/Archives/edgar/data/726728/000072672823000068/o-20230331.htm,1.4299057772704484,0.3406946411191532,1.1071546254671798,1.0861693278620697,0.2667464495582889,44.49509623030031,30.886035345669995,44.30094134700316,31.012728402120587,41820479104.68,61984512104.68,46.46389490600668,44.282638063657416,57.19165014848871,58.29661948255722,1.4293150004200403,1.4293150004200403,65.63381802043416,73.47923646035575,84.76699948946575,86.40473742382635,0.0053805218117364,0.0171536533143093,0.6947788835380001,0.3978089422845596,23.9033542169246,1.0128406700321924,2.543845534995977,3.2338029913055784,0.0118899881265194,2.2098206349770684,0.0361785643568025,0.0,0.1758908036991052,0.0189542608795542,0.0146760002922493,0.0306992382779189,0.0066709092237497,18.42809267267784,0.007671415122655,0.0053431272619856,-30.75787399972788,24403000.0,20399065000.0,-19789251000.0,49093752000.0,1506861000.0,0.0,26990000.0,153.91150350646285,0.0,31.702379065377468,0.5847516134245342,0.0,2.8389036612804253,0.0076904605356021,0.0209852976051101,2023-05-03,1.02,amc,907670000.0,2025-04-25,2023-03-31,-0.0392156862745098,64.79790322580645,3576754.2258064514
2022-12-31,O,USD,726728,2023-02-22,2023-02-22 16:07:07,2022,Q4,888650000.0,69089000.0,819561000.0,0.9222539808,0,37525000.0,0.0,37525000.0,438174000.0,475699000.0,544788000.0,131290000.0,0.0,438174000.0,780382000.0,0.878165757,342208000.0,0.3850874923,-106145000.0,237717000.0,0.2675035166,9381000.0,227265000.0,0.2557418556,0.36,0.36,633373847,635637335,https://www.sec.gov/Archives/edgar/data/726728/000072672823000044/0000726728-23-000044-index.htm,https://www.sec.gov/Archives/edgar/data/726728/000072672823000044/o-20221231.htm,1.4030418278385277,0.3588165205690913,0.9954468486287216,0.9489229826061952,0.2701437718188575,45.539122173448376,31.487635769084733,45.33365110668991,30.771982601296138,40174903115.21,59493970115.21,44.193896019195655,45.20891590075958,63.7201273853828,66.84420249343204,1.3991813686200003,1.3991813686200003,66.94870884511337,76.23698408626801,94.36148093579595,98.98784258707238,0.0056568898087512,0.0149601605329685,0.6787889757406964,0.3923687496643052,24.75591056687622,1.4752509104160585,0.0,2.7612378249597085,0.0117171657800907,2.071308824500033,0.0422269734991278,0.0,0.1791683110848022,0.0467366651334676,0.0331592865582625,0.0672495401370232,0.0054858493220052,19.131006677195565,0.0066962404254213,0.0055738753017664,-30.937375047631228,571215000.0,19943445000.0,-19056665000.0,48306831000.0,1318341000.0,0.0,23922000.0,141.65431834805605,0.0,38.4742867895034,0.6353494976331239,0.0,2.3392246487218555,0.007915014824741,0.0465238660225261,2023-02-21,0.98,amc,846302357.0,2025-04-25,2022-12-31,0.0204081632653061,62.095238095238095,4048265.126984127
2022-09-30,O,USD,726728,2022-11-03,2022-11-03 16:04:53,2022,Q3,837269000.0,52719000.0,784550000.0,0.9370345731,0,34096000.0,0.0,34096000.0,419016000.0,453112000.0,505831000.0,19089000.0,130753000.0,419016000.0,735620000.0,0.8785945735,316604000.0,0.3781389255,-100326000.0,230450000.0,0.2752400961,10163000.0,219567000.0,0.262241884,0.36,0.36,617512000,617957039,https://www.sec.gov/Archives/edgar/data/726728/000072672822000121/0000726728-22-000121-index.htm,https://www.sec.gov/Archives/edgar/data/726728/000072672822000121/o-20220930.htm,1.3558748655896566,0.3555671792612937,1.096019186671676,1.0370842995763645,0.311645765588361,43.50402421329464,29.26009049216857,43.2981367163715,28.89168145720245,35939198400.0,53461660400.0,40.920537239202616,42.92431512452987,53.10126018572559,56.11887097680868,1.3441686967096194,1.3441686967096194,63.85243022254497,72.67564829667491,78.99123144775821,83.48010405801266,0.0061094017055205,0.0178193178621368,0.662382772055583,0.3859065565759964,23.819991299855904,0.6421738465747252,2.421389948987786,3.0723783064819985,0.0127600508752582,2.0885925480605008,0.0407228740106226,0.0,0.1916610511854067,0.053771765870524,0.0434663172767652,0.0868534853084369,0.0060900379686815,18.61172795951457,0.00672945840574,0.0059187784349945,-28.984240387231345,-889427000.0,18068457000.0,-17432005000.0,8940646000.0,1142447000.0,0.0,42322500.0,133.07583345376457,0.0,31.256472998349743,0.6763061155748411,0.0,2.879403572013764,0.008212066528185,0.0589348870953115,2022-11-02,0.96,amc,817497395.0,2025-04-25,2022-09-30,0.0208333333333333,68.94859375,3845833.375
2022-06-30,O,USD,726728,2022-08-04,2022-08-04 16:00:25,2022,Q2,810419000.0,52180000.0,758239000.0,0.935613553,0,34139000.0,0.0,34139000.0,409437000.0,443576000.0,495756000.0,724000.0,110121000.0,409437000.0,720279000.0,0.888773585,310842000.0,0.3835571476,-69556000.0,238480000.0,0.2942675332,14658000.0,223207000.0,0.2754217263,0.37,0.37,601672000,602030666,https://www.sec.gov/Archives/edgar/data/726728/000072672822000103/0000726728-22-000103-index.htm,https://www.sec.gov/Archives/edgar/data/726728/000072672822000103/o-20220630.htm,1.3469448470262868,0.3709778749883657,1.2350283875599994,1.208131673071042,0.2879459240250502,43.88251239878206,29.112883763911235,43.75575396561582,28.9381324043665,41070130720.0,58198424720.0,46.00004784796176,50.677650351238064,55.269984631574985,56.500463915894784,1.560023398377277,1.560023398377277,71.81275947380306,80.79983550818503,78.32032631661109,80.06397686611207,0.0054347769555869,0.0176989697197632,0.6571731675917889,0.38488108560796,23.780082440276612,0.8406146744122243,2.8227313591413083,3.31996854643422,0.0108553099828068,1.997379114454296,0.0421251229302373,0.0,0.1976883833966773,0.0217782155939721,0.0199686828665171,0.0395250062891238,0.0081945265350392,19.110975225122687,0.0064944865229154,0.0061889432893745,-29.181104904333257,-267235000.0,17516407000.0,-17139614000.0,9659714000.0,989412500.0,0.0,33168000.0,116.26108223030307,0.0,114.41625143733232,0.7741197507667943,0.0,0.7866015436565365,0.0084783792156772,0.0268967144889574,2022-08-03,0.95,amc,795635773.0,2025-04-25,2022-06-30,0.0210526315789473,68.69596774193548,4067007.564516129
2022-03-31,O,USD,726728,2022-05-05,2022-05-05 16:07:36,2022,Q1,807343000.0,52342000.0,755001000.0,0.9351675806,0,32699000.0,0.0,32699000.0,403762000.0,436461000.0,488803000.0,19301000.0,106403000.0,403762000.0,725108000.0,0.8981411866,321346000.0,0.3980290905,-108542000.0,210952000.0,0.2612916691,10981000.0,199369000.0,0.2469446072,0.34,0.34,593827299,594041839,https://www.sec.gov/Archives/edgar/data/726728/000072672822000056/0000726728-22-000056-index.htm,https://www.sec.gov/Archives/edgar/data/726728/000072672822000056/o-20220331.htm,1.359558581021045,0.3357356597376639,0.8646941642202947,0.8420091175363765,0.2679735341705804,43.07435014030906,28.08807211808563,42.94544734293194,29.281691881261928,41152231820.7,58282472820.7,51.60309754864096,50.972426615081815,80.14394322007325,82.30314679105133,1.6136751224552222,1.6136751224552222,72.19047272435631,80.37764418638326,113.50507580777402,116.56308063210987,0.0048446704146849,0.0121502037162536,0.6776622891714469,0.3922168383712439,23.624399399813544,0.6500925687733321,3.020084020187401,2.567767326262308,0.0106502121661246,2.198335749289007,0.0405019923378291,0.0,0.2019712579203988,0.0262347632522459,0.0166855970758401,0.0333637142673158,0.0061956318442099,18.011445171589873,0.0069832512096065,0.0056698911769031,-29.680702671771243,-690979000.0,16679464000.0,-17199523000.0,9188791000.0,854535500.0,0.0,590674500.0,103.8890038063128,0.0,0.0,0.8663092021538006,0.0,0.0,0.0078177241246718,0.0226850466839181,2022-05-04,0.97,amc,754779507.0,2025-04-25,2022-03-31,0.0103092783505154,67.98290322580644,3909948.806451613
2021-12-31,O,USD,726728,2022-02-23,2022-02-23 16:07:21,2021,Q4,685019000.0,43710000.0,641309000.0,0.9361915509,0,30522000.0,0.0,30522000.0,6432000.0,363751000.0,407461000.0,12652000.0,100739000.0,333229000.0,611894000.0,0.8932511361,122529000.0,0.1788694912,-259446000.0,14595000.0,0.0213059784,10128000.0,4041000.0,0.0058991064,0.01,0.01,591261991,591261991,https://www.sec.gov/Archives/edgar/data/726728/000072672822000046/0000726728-22-000046-index.htm,https://www.sec.gov/Archives/edgar/data/726728/000072672822000046/o-20211231.htm,1.1585710064694483,0.0068345336948946,0.5955447929342713,0.582148024461799,0.4500052498723869,42.501294489603005,27.360782946049376,42.37135885841172,26.28847488354786,42328445935.69,57512503935.69,2618.6863360362536,61.79163780229454,120.20926192180006,122.97559553892772,1.689584708369288,1.689584708369288,83.95753101109605,93.99095911332682,163.33072232058117,167.08939499389894,9.546771469331824e-05,0.0081316947124151,0.6164091961169339,0.3579863525709022,24.814850284526404,0.5656987356929243,1.2163015316808783,78.8276248041191,0.008769020260369,91.8532541450136,0.044556428361841,0.0,0.2075226562724934,0.0224949804471732,0.0115631829190139,0.0237704401477662,0.0427564782874635,2.552594914173904,0.0008781748308977,0.0001182080363737,-28.022271010483404,-890067000.0,16177391000.0,-16848746000.0,8911789000.0,659453500.0,0.0,590674500.0,102.10275919354062,0.0,2432.427590940288,0.8814649154524878,0.0,0.0370000736446215,0.0001613007908887,0.0133967684724722,2022-02-22,0.93,amc,667098956.0,2025-04-25,2021-12-31,0.0107526881720429,68.74421875,5016964.921875
2021-09-30,O,USD,726728,2021-11-02,2021-11-02 16:07:09,2021,Q3,491875000.0,29662000.0,462213000.0,0.939696061,0,23813000.0,0.0,23813000.0,198832000.0,222645000.0,252307000.0,673000.0,72127000.0,198832000.0,434566000.0,0.8834886912,239568000.0,0.4870505718,-96229000.0,141355000.0,0.2873799238,6079000.0,134996000.0,0.2744518424,0.34,0.34,391913478,392050401,https://www.sec.gov/Archives/edgar/data/726728/000072672821000104/0000726728-21-000104-index.htm,https://www.sec.gov/Archives/edgar/data/726728/000072672821000104/o-20210930.htm,1.2550601793796947,0.3444535786033875,0.9923925096548988,0.9741180679680528,1.319125340210933,34.11240937215229,28.61117473484798,34.025604498347974,23.78455838663451,24616085553.18,33348464553.18,45.586694333869154,50.04540900265312,63.2914893944957,64.47883687345784,1.8459627955485576,1.8459627955485576,67.79865728727827,76.73970019094914,85.74368926491006,87.35223970762502,0.0054840563382166,0.0155089646229589,0.6936106107396476,0.3900858391434827,20.09448277131667,1.4962075169906093,3.3214746211543527,2.875099795972678,0.0111224426567948,2.0281415745651725,0.0484127064803049,0.0,0.0909282380644267,0.0184145300463834,0.0145606099110546,0.0360203588959523,0.0087725540025412,16.23900944503661,0.0097163399994211,0.0062628374574798,-24.03252510749324,382510000.0,11213105000.0,-9188604000.0,3077122000.0,517647000.0,0.0,421155000.0,99.12945362134688,0.0,0.0,0.9079037229820772,0.0,0.0,0.0101233639690401,0.0182744416868459,2021-11-01,0.92,amc,469760000.0,2025-04-25,2021-09-30,-0.0108695652173913,67.46859375,3523138.4375
2021-06-30,O,USD,726728,2021-08-03,2021-08-03 16:11:29,2021,Q2,464282000.0,31734000.0,432548000.0,0.9316492993,0,21849000.0,0.0,21849000.0,187789000.0,209638000.0,241372000.0,258000.0,69585000.0,187789000.0,418175000.0,0.9006918209,222910000.0,0.4801176871,-87933000.0,133993000.0,0.2886026165,9225000.0,124479000.0,0.2681107603,0.33,0.33,374236424,374341023,https://www.sec.gov/Archives/edgar/data/726728/000072672821000092/0000726728-21-000092-index.htm,https://www.sec.gov/Archives/edgar/data/726728/000072672821000092/o-20210630.htm,1.240611469716267,0.3326212843461757,0.8408614977573642,0.834833222968163,0.6176950857140512,31.727748125340145,26.46424924154363,31.636503666463,24.67683904546929,24186900083.12,33121123083.12,48.57626604310767,52.09527847971707,76.86164745605868,77.41666026444746,2.042893256517233,2.042893256517233,71.33837427063725,79.20397700273809,105.25301204432424,106.01303699486276,0.0051465462532287,0.0129171162458326,0.7741342309814273,0.4168938638498052,21.36479464339093,0.503949091629442,3.2034202773586262,2.522129071556809,0.0108884974550251,2.115690196740013,0.0470597610934733,0.0,0.0895973748576355,0.007169164963884,0.0048591157960032,0.0120134832178668,0.0096320770566164,15.387232559483593,0.0094949909864281,0.0062192395479663,-24.286251730537057,-811324000.0,9903886000.0,-9287020000.0,1370055000.0,483934500.0,0.0,421155000.0,95.66849457872586,0.0,2388.85422575156,0.9407485755505304,0.0,0.0376749652740677,0.0105138446350751,0.0060282747892011,2021-08-02,0.88,amc,442420000.0,2025-04-25,2021-06-30,0.0,65.65873015873017,3440095.936507937
2021-03-31,O,USD,726728,2021-05-04,2021-05-04 16:08:06,2021,Q1,442804000.0,28499000.0,414305000.0,0.9356396961,0,20796000.0,0.0,20796000.0,177985000.0,198781000.0,227280000.0,365000.0,68754000.0,177985000.0,591592000.0,1.3360132248,146770000.0,0.3314559037,-112513000.0,102461000.0,0.2313913153,6225000.0,95940000.0,0.2166647094,0.26,0.26,371522607,371601901,https://www.sec.gov/Archives/edgar/data/726728/000072672821000049/0000726728-21-000049-index.htm,https://www.sec.gov/Archives/edgar/data/726728/000072672821000049/o-20210331.htm,1.191862868253398,0.2582346220454897,0.7171918881372406,0.7125057668428775,0.4952161632522136,31.13407577913556,26.234923033903023,31.04756421996145,23.15134755716225,22844925104.43,31193436104.43,59.52919820833333,51.59150573262662,85.73716604590679,86.30105588122186,1.9805096323938405,1.9805096323938405,70.44524463290756,52.727954577529786,117.06918707775856,117.8391463342425,0.0041996198088386,0.0115873437443954,0.7397130197890363,0.4067049515314184,14.11194032373663,0.7163898197814967,2.134712162201472,2.768745583773224,0.0114115935512279,2.71729205753596,0.0469643453988672,0.0,0.0867580222092254,0.0065339853557663,0.0039317621340367,0.0097817231789195,0.0083490664040975,13.431120960848103,0.0065977898874503,0.005007457426695,-23.88229971157583,-273352000.0,9746867000.0,-8722079000.0,1773198000.0,445668500.0,0.0,0.0,96.41071444702398,0.0,0.0,0.9335062032908537,0.0,0.0,0.0083173874837969,0.0046861212943631,2021-05-03,0.85,amc,422240000.0,2025-04-25,2021-03-31,0.0117647058823529,59.1944262295082,3353680.1639344264
2020-12-31,O,USD,726728,2021-02-23,2021-02-23 16:24:32,2020,Q4,418076000.0,27135000.0,390941000.0,0.9350955329,0,16674000.0,0.0,16674000.0,175041000.0,191715000.0,218850000.0,1016000.0,78764000.0,175041000.0,373251000.0,0.892782652,199226000.0,0.476530583,-72038000.0,122650000.0,0.293367713,4500000.0,117931000.0,0.2820802916,0.33,0.33,357366667,357366667,https://www.sec.gov/Archives/edgar/data/726728/000072672821000043/0000726728-21-000043-index.htm,https://www.sec.gov/Archives/edgar/data/726728/000072672821000043/o-20201231.htm,1.16987967431221,0.3299999996921929,0.8555302669009138,0.8555302669009138,2.3070870233121097,30.83032363508038,26.043489389008965,30.74008858246424,24.893846632875807,21513473353.4,29506464353.4,45.60606064859961,51.45828354988089,70.36571624528192,70.36571624528192,1.9583547990925845,1.9583547990925845,70.57679549507745,79.0526062981747,96.50898597295723,96.50898597295723,0.0054817275696377,0.0142114662275899,0.8026471844706328,0.4251372148454083,21.414519987890188,3.958349004822232,2.5294042963790564,2.587710537452391,0.0115105541505162,2.0998041227497435,0.0398827007529731,0.0,0.0824798212753585,0.0,0.0,0.0,0.0073742573120676,15.107784665923116,0.0093260367610612,0.0061972303192442,-24.023883010890884,967460000.0,9307075000.0,-8428068000.0,2908749000.0,389068500.0,0.0,0.0,89.76664529894086,0.0,0.0,1.0025995702555446,0.0,0.0,0.0107351674933182,0.0,2021-02-22,0.83,amc,430372352.0,2025-04-25,2020-12-31,0.0120481927710843,59.0646875,2591693.046875
2020-09-30,O,USD,726728,2020-11-03,2020-11-03 16:07:07,2020,Q3,404572000.0,25410000.0,379162000.0,0.9371928853,0,16514000.0,0.0,16514000.0,169084000.0,185598000.0,211008000.0,1001000.0,76806000.0,169084000.0,285874000.0,0.7066084652,193564000.0,0.4784414146,-165829000.0,27735000.0,0.0685539286,4592000.0,22904000.0,0.0566129144,0.07,0.07,346476217,346749474,https://www.sec.gov/Archives/edgar/data/726728/000072672820000100/0000726728-20-000100-index.htm,https://www.sec.gov/Archives/edgar/data/726728/000072672820000100/o-20200930.htm,1.167676106322761,0.066105547440793,0.8518939699690845,0.8518939699690845,2.0917741664213563,30.304498504727093,25.65639591937705,30.220045377602357,24.569267910241585,20383195846.11,28094306846.11,222.48511009114128,50.38212196125782,69.0578899180786,69.05788991807862,1.9467211006771672,1.9467211006771672,69.44204454611292,98.27513815915404,95.18299113402516,95.18299113402516,0.0011236707027161,0.0144806046229659,0.8056768298291003,0.4263686248980939,26.973810140131665,1.0045969968963506,2.5201676952321432,12.753791643261462,0.0118843483538539,10.576362207474675,0.0408184451716876,0.0,0.0813963549835054,0.0,0.0,0.0,0.0074646787222051,6.70436682139859,0.0086240717123726,0.001260198604527,-23.926528988856976,5267000.0,8889331000.0,-8134567000.0,1845755000.0,349071000.0,0.0,0.0,80.3393462721098,0.0,0.0,1.1202480997937116,0.0,0.0,0.0021874734671903,0.0,2020-11-02,0.84,amc,2022859999.0,2025-04-25,2020-09-30,-0.0357142857142856,59.09171875,2121562.59375
2020-06-30,O,USD,726728,2020-08-04,2020-08-04 16:06:18,2020,Q2,414636000.0,26452000.0,388184000.0,0.9362042852,0,19063000.0,0.0,19063000.0,168328000.0,187391000.0,213843000.0,518000.0,77841000.0,168328000.0,381165000.0,0.9192761844,200793000.0,0.4842633056,-89885000.0,110908000.0,0.2674828042,2838000.0,107824000.0,0.2600449551,0.31,0.31,343515406,343685259,https://www.sec.gov/Archives/edgar/data/726728/000072672820000077/0000726728-20-000077-index.htm,https://www.sec.gov/Archives/edgar/data/726728/000072672820000077/o-20200630.htm,1.2070375673340252,0.3138840299931119,0.7261042609541651,0.7261042609541651,0.976215314197582,30.19928311453955,25.808862849079905,30.113493657981675,23.150688036390427,19793357693.72,27632789693.72,45.892745802696986,47.73670808545326,79.3549950034479,79.35499500344788,1.9134279354772783,1.9134279354772783,66.64348897278576,72.4956113329398,110.78463401751206,110.78463401751206,0.0054474840332022,0.0126016011967054,0.7612563027764939,0.4122370173987793,20.56703002636653,0.8869896203645878,2.579527498362045,2.3080225779587304,0.0121490251285811,2.2302084879062174,0.0459752650517562,0.0,0.0789516183365495,0.0,0.0,0.0,0.0117741826565951,14.583321185420498,0.0106362885236345,0.0061283240036443,-23.69772973151603,-102965000.0,8865742000.0,-7920482000.0,1622950000.0,302032500.0,0.0,0.0,73.14784533904437,0.0,0.0,1.2303848402211297,0.0,0.0,0.0104233681271955,0.0,2020-08-03,0.76,amc,428011354.0,2025-04-25,2020-06-30,0.131578947368421,53.21809523809524,3641425.222222222
2020-03-31,O,USD,726728,2020-05-05,2020-05-05 16:13:44,2020,Q1,414341000.0,25606000.0,388735000.0,0.9382006608,0,20964000.0,0.0,20964000.0,164585000.0,185549000.0,211155000.0,686000.0,75925000.0,164585000.0,519456000.0,1.2536920073,203186000.0,0.4903835247,-53280000.0,149906000.0,0.3617937882,2763000.0,146827000.0,0.3543627109,0.44,0.44,336624567,336976515,https://www.sec.gov/Archives/edgar/data/726728/000072672820000042/0000726728-20-000042-index.htm,https://www.sec.gov/Archives/edgar/data/726728/000072672820000042/o-03312010qdocument.htm,1.2308697600196246,0.4361743449342484,0.7878688188553986,0.7878688188553986,0.1241858262828452,30.947352098636344,26.44138566392868,30.85934901477348,22.61135920005506,16252234094.76,23746044094.76,27.67242076518624,39.22429615886432,61.27923690410835,61.27923690410835,1.564517773102946,1.564517773102946,57.31038949744293,45.71329254982136,89.5347343099964,89.5347343099964,0.0090342656365834,0.0163187410699129,0.7254142393902974,0.4009064055846313,14.426265169716013,0.4896158785968684,2.676140928547909,1.8024370850125389,0.0143871912400885,1.592513638499731,0.0505960066708339,0.0,0.0806971340639893,0.0,0.0,0.0,0.0133175331429909,17.402622437045626,0.010849412687683,0.0084971182531007,-24.1714325027264,-448252000.0,8900820000.0,-7948791000.0,1277019000.0,270305500.0,0.0,0.0,58.01047929121183,0.0,0.0,1.5514438270403044,0.0,0.0,0.0141342691553679,0.0,2020-05-04,0.85,amc,423757840.0,2025-04-25,2020-03-31,0.0352941176470588,69.59709677419356,3411735.4516129037
2019-12-31,O,USD,726728,2020-02-24,2020-02-24 06:05:54,2019,Q4,397529000.0,25253000.0,372276000.0,0.9364750748,0,16330000.0,0.0,16330000.0,156594000.0,172924000.0,198177000.0,694000.0,75073000.0,156594000.0,280873000.0,0.7065471953,199352000.0,0.5014778796,-68063000.0,131289000.0,0.3302626978,1736000.0,129297000.0,0.3252517426,0.39,0.39,328565734,329364027,https://www.sec.gov/Archives/edgar/data/726728/000072672820000033/0000726728-20-000033-index.htm,https://www.sec.gov/Archives/edgar/data/726728/000072672820000033/realtyincome10k2019.htm,1.2098918385688997,0.3935194289006412,0.88637057934958,0.88637057934958,0.1643841533396176,29.839258892407813,25.294101423248232,29.74885993437161,24.277090318858388,23426736834.2,31274272834.2,45.29636579773699,58.93088764392032,80.44039554237014,80.44039554237015,2.396730501850947,2.396730501850947,78.67167636625253,111.34666854485836,107.38648301245404,107.38648301245404,0.0055192065764465,0.012431564927764,0.8083873926078341,0.4258493060230897,27.93980197455789,0.4754191098651292,2.655442036417887,2.247968013091167,0.0094966704741914,1.720658638638174,0.0410787640650116,0.0,0.0804850131470052,0.0,0.0,0.0,0.0080094785537658,16.22966337808426,0.0108961977587485,0.0075783289461429,-25.844051498078617,-502602000.0,8310775000.0,-8295138000.0,1148215000.0,252264500.0,0.0,0.0,61.92974600595176,0.0,0.0,1.4532596337687311,0.0,0.0,0.0132280507477858,0.0,2020-02-19,0.83,amc,346563743.0,2025-04-25,2019-12-31,0.036144578313253,74.43515625,1877194.890625
2019-09-30,O,USD,726728,2019-11-05,2019-11-05 16:13:44,2019,Q3,374247000.0,20354000.0,353893000.0,0.9456134585,0,16460000.0,0.0,16460000.0,149424000.0,165884000.0,186238000.0,694000.0,73410000.0,149424000.0,264023000.0,0.705477933,188009000.0,0.5023660844,-84912000.0,103097000.0,0.2754784941,1822000.0,101049000.0,0.2700061724,0.32,0.32,319945932,320263017,https://www.sec.gov/Archives/edgar/data/726728/000072672819000094/0000726728-19-000094-index.htm,https://www.sec.gov/Archives/edgar/data/726728/000072672819000094/o-09301910qdocument1.htm,1.1697195137333392,0.3158314886779057,0.9002864896560085,0.9002864896560085,0.7378246646999094,29.12397398445435,24.972331887626563,29.046842202075567,22.22500206691173,23759184910.320004,30560509910.320004,58.78134595671408,63.48530491979896,82.4848543804918,82.48485438049181,2.5565601755737046,2.5565601755737046,81.65866369087796,115.749423006026,106.09704075544278,106.09704075544278,0.0042530499417978,0.0121234377815244,0.7572443467791563,0.409629122491022,25.76035042401609,2.153844860418094,2.5610815965127367,2.844166872377191,0.0091016590348632,2.1400310740333897,0.0439816484834881,0.0,0.0773171375113621,0.0,0.0,0.0,0.0085157663254481,14.36707753221438,0.0108389666548167,0.00637468652224,-23.29300908254711,274487000.0,7989796000.0,-7349431000.0,1762443000.0,234035500.0,0.0,0.0,55.548180746939856,0.0,0.0,1.6202150779700937,0.0,0.0,0.0108731781059263,0.0,2019-11-04,0.83,amc,385942218.0,2025-04-25,2019-09-30,0.0,70.0859375,1585114.234375
2019-06-30,O,USD,726728,2019-08-06,2019-08-06 15:45:00,2019,Q2,365450000.0,21342000.0,344108000.0,0.9416007662,0,18585000.0,0.0,18585000.0,150426000.0,169011000.0,190353000.0,686000.0,72488000.0,150426000.0,253035000.0,0.6923929402,175097000.0,0.4791271036,-78522000.0,96575000.0,0.2642632371,1155000.0,95194000.0,0.2604843344,0.31,0.31,311032972,311322162,https://www.sec.gov/Archives/edgar/data/726728/000072672819000079/0000726728-19-000079-index.htm,https://www.sec.gov/Archives/edgar/data/726728/000072672819000079/o-06301910qdocument.htm,1.1749558178674382,0.3060575841457734,0.8926256216977536,0.8926256216977536,0.0885308069525182,28.494065896010536,24.2401760543895,28.413392776891836,22.97755107455296,20490852195.36,27538004195.36,53.81340261823224,56.070193447420976,73.8047378414903,73.80473784149028,2.3186249004933748,2.3186249004933748,75.35368503313722,108.8308107390677,99.1874403728623,99.1874403728623,0.0046456828194561,0.0135492656602573,0.8004850239354967,0.4223800991484079,27.850502894856444,1.279734524075064,2.415530846484935,2.9096206246070007,0.0101930362880317,2.194087862680421,0.0508551101381858,0.0,0.0789975060646751,0.0,0.0,0.0,0.0123874675058147,13.987959925961716,0.0104079515752921,0.006171198007459,-24.69412230031998,66468000.0,7539494000.0,-7581957000.0,1551815000.0,205509000.0,0.0,0.0,58.38733068819264,0.0,0.0,1.5414302887150175,0.0,0.0,0.0107715958649853,0.0,2019-08-05,0.81,amc,397695588.0,2025-04-25,2019-06-30,0.0123456790123455,68.24968253968254,2102257.301587302
2019-03-31,O,USD,726728,2019-05-02,2019-05-02 16:28:05,2019,Q1,354365000.0,21636000.0,332729000.0,0.9389443088,0,15108000.0,0.0,15108000.0,137517000.0,152625000.0,174261000.0,678000.0,70020000.0,137517000.0,247601000.0,0.6987174241,180104000.0,0.5082443244,-67429000.0,112675000.0,0.3179631171,1445000.0,110942000.0,0.3130726793,0.37,0.37,303528336,303819878,https://www.sec.gov/Archives/edgar/data/726728/000072672819000049/0000726728-19-000049-index.htm,https://www.sec.gov/Archives/edgar/data/726728/000072672819000049/o-03311910qdocument.htm,1.1674857269339096,0.3655078845752312,0.6985410416508856,0.6985410416508856,0.0098738722041424,26.386584216638013,22.36803354003825,26.30362326369423,23.34360967208017,21377500704.480003,28389930704.480003,48.17269542752069,60.32621930630848,100.82442662717486,100.82442662717486,2.677577887043856,2.677577887043856,80.1149399756748,114.66000017964387,133.897714463158,133.897714463158,0.0051896618568114,0.0099182314589079,0.8786973025071096,0.4450591857796797,28.32149304728172,0.2202484035466082,2.572179377320765,1.9062033624022297,0.0095682840958641,1.8437201420562097,0.0426340073088482,0.0,0.0773806457539433,0.0,0.0,0.0,0.0077998673683913,14.707790050003302,0.0120054979333846,0.0076284637923356,-25.106009377654942,-796503000.0,6789332000.0,-7528852000.0,588215000.0,159462000.0,0.0,0.0,44.17470687003513,0.0,0.0,2.037364962370568,0.0,0.0,0.0138957238290333,0.0,2019-05-01,0.8,amc,325632702.0,2025-04-25,2019-03-31,0.0249999999999998,66.22459016393442,2083567.6557377048
2018-12-31,O,USD,726728,2019-02-22,2019-02-21 20:17:58,2018,Q4,342576000.0,17732000.0,324844000.0,0.9482392228,0,34178000.0,0.0,34178000.0,137711000.0,171889000.0,189621000.0,331000.0,70635000.0,137711000.0,220651000.0,0.6440935734,152955000.0,0.4464848676,-66045000.0,86910000.0,0.2536955303,1607000.0,85072000.0,0.2483302975,0.29,0.29,293351724,293351724,https://www.sec.gov/Archives/edgar/data/726728/000072672819000038/0000726728-19-000038-index.htm,https://www.sec.gov/Archives/edgar/data/726728/000072672819000038/realtyincome10k2018.htm,1.1677995115515325,0.2900000001363551,0.8552872864657172,0.8552872864657172,0.0456346389155701,27.683416648337133,23.54426592700031,27.573528083305213,22.39840594903066,17909122750.2,24398711750.2,52.62931032008181,52.27780915825978,71.37952471183738,71.37952471183739,2.2140801066717173,2.2140801066717173,71.22131074622858,110.57603070097122,97.24476584376244,97.24476584376244,0.0047502047524382,0.0140096197619282,0.8035830540768886,0.4259351424198041,29.411101694531183,0.407640545557971,2.165427904013591,2.941279908092329,0.0109907672612161,2.313746003385368,0.0997676428004296,0.0,0.0795667476579869,0.0,0.0,0.0,0.0430269487646536,13.41332437646096,0.0100684932367424,0.0060565605525059,-23.921368704824797,-268667000.0,6906751000.0,-6954618000.0,14778173000.0,140428500.0,0.0,0.0,38.09137242538882,0.0,0.0,2.362739756260733,0.0,0.0,0.0105173338449909,0.0,2019-02-20,0.75,amc,366201931.0,2025-04-25,2018-12-31,0.0533333333333333,59.67365079365079,2600841.3174603176
2018-09-30,O,USD,726728,2018-11-01,2018-11-01 16:24:08,2018,Q3,338081000.0,15806000.0,322275000.0,0.9532478903,0,16332000.0,0.0,16332000.0,136967000.0,153299000.0,169105000.0,69342000.0,0.0,136967000.0,236601000.0,0.6998352466,168976000.0,0.4998092173,-68391000.0,100585000.0,0.2975174588,1302000.0,98999000.0,0.2928262754,0.34,0.34,290664368,291207186,https://www.sec.gov/Archives/edgar/data/726728/000072672818000108/0000726728-18-000108-index.htm,https://www.sec.gov/Archives/edgar/data/726728/000072672818000108/o-20180930.htm,1.1631319047679074,0.340595583425623,0.7313349120247171,0.7313349120247171,0.0229336676038667,26.52975338208638,22.30653191037162,26.40929142026793,23.32469936597113,15931314010.08,22704307010.08,40.23099730825564,47.12277238318628,74.94514359810512,74.94514359810512,2.075405929215345,2.075405929215345,67.15641225055535,95.9603172010262,106.80710631209044,106.80710631209044,0.0062141139103379,0.0133430927207574,0.8832004992027347,0.4491230894333179,28.62622305062109,0.2387815950267652,0.0,2.14108155474754,0.0120330940610866,1.9364134991262536,0.0483079498700015,0.0,0.0813192163799057,0.0,0.0,0.0,0.0114469609353971,14.226207521006003,0.0117748818034772,0.0071387752261806,-25.030606778743515,-729927000.0,6483714000.0,-7155105000.0,14125036000.0,132618000.0,0.0,0.0,36.16866963834111,0.0,0.0,2.4883414540797557,0.0,0.0,0.0128968088543349,0.0,2018-10-31,0.79,amc,328137441.0,2025-04-25,2018-09-30,0.0253164556962025,55.04190476190476,1641718.825396825
2018-06-30,O,USD,726728,2018-08-02,2018-08-02 16:09:49,2018,Q2,328886000.0,16236000.0,312650000.0,0.9506333502,0,17954000.0,0.0,17954000.0,133999000.0,151953000.0,168189000.0,66628000.0,0.0,133999000.0,228068000.0,0.6934560912,160697000.0,0.4886100351,-62792000.0,97905000.0,0.2976867364,1208000.0,96380000.0,0.2930498714,0.34,0.34,284928969,285372256,https://www.sec.gov/Archives/edgar/data/726728/000072672818000087/0000726728-18-000087-index.htm,https://www.sec.gov/Archives/edgar/data/726728/000072672818000087/o-06302018x10q.htm,1.1542736463556993,0.3382597436064846,0.9256342060466304,0.9256342060466304,0.107805815982158,26.366111618506576,22.001929189586896,26.23724090336353,22.95379800430191,14841949995.21,21351434995.21,38.498521465060186,45.12794705524103,56.27492983699857,56.27492983699856,1.9853459512704408,1.9853459512704408,64.92047394905833,93.61872334220496,80.95637747482368,80.95637747482368,0.0064937558764923,0.0177699022086126,0.8748556332140588,0.4456977660055414,28.54186032236,0.3509971170041261,0.0,2.727488960360714,0.0126323023632682,1.945299854741648,0.0545903443746465,0.0,0.0847400660511866,0.0,0.0,0.0,0.015187633404888,14.131084656548826,0.0115755719619689,0.0071761542603632,-24.68636490240485,-467787000.0,6268987000.0,-6908614000.0,13941634000.0,132173000.0,0.0,0.0,35.40223664126779,0.0,0.0,2.542212259410992,0.0,0.0,0.0128923519379326,0.0,2018-08-01,0.79,amc,309552941.0,2025-04-25,2018-06-30,0.0126582278481012,50.6440625,1885460.125
2018-03-31,O,USD,726728,2018-05-09,2018-05-09 16:14:29,2018,Q1,318295000.0,16552000.0,301743000.0,0.9479979265,0,15684000.0,0.0,15684000.0,131103000.0,146787000.0,163339000.0,59415000.0,0.0,131103000.0,226644000.0,0.7120564256,154956000.0,0.4868313985,-70418000.0,84538000.0,0.2655963807,1223000.0,83163000.0,0.2612764888,0.29,0.29,283917418,284345328,https://www.sec.gov/Archives/edgar/data/726728/000110465918031721/0001104659-18-031721-index.htm,https://www.sec.gov/Archives/edgar/data/726728/000110465918031721/a18-8660_110q.htm,1.1210830326725498,0.292912638420796,0.752081367547517,0.752081367547517,0.0726514073891725,25.7034564888865,21.20498292218197,25.59892257121048,23.22591564283668,14221423467.62,20795038467.620003,42.75165478524104,44.68000900931526,66.60183613289061,66.60183613289063,1.956722977721458,1.956722977721458,65.3325954464255,91.75199196810858,97.3874202924193,97.3874202924193,0.0058477268600677,0.015014601069026,0.9073005154114347,0.4555893070467351,29.00414306136496,0.1695384160293158,0.0,2.562911840604933,0.0130476390371528,2.231232639515169,0.0492750435916366,0.0,0.0882400714158738,0.0,0.0,0.0,0.0115050503463767,12.988863649254151,0.0116538203377499,0.0063017081741481,-24.84727795037922,-1027516000.0,6020464000.0,-6966667000.0,13227230000.0,131847500.0,0.0,0.0,38.16534975415888,0.0,0.0,2.358159969179706,0.0,0.0,0.0114423815145336,0.0,2018-05-08,0.79,amc,362203448.0,2025-04-25,2018-03-31,0.0,49.80327868852459,2425208.721311476
2017-12-31,O,USD,726728,2018-02-22,2018-02-22 16:47:24,2017,Q4,310654000.0,16652000.0,294002000.0,0.9463969561,0,15219000.0,0.0,15219000.0,127033000.0,142252000.0,158904000.0,61478000.0,0.0,127033000.0,217330000.0,0.6995886098,151749000.0,0.488482363,-87374000.0,64376000.0,0.2072273333,3424000.0,60852000.0,0.1958835231,0.22,0.22,276600000,276600000,https://www.sec.gov/Archives/edgar/data/726728/000110465918011376/0001104659-18-011376-index.htm,https://www.sec.gov/Archives/edgar/data/726728/000110465918011376/a18-1096_110k.htm,1.1231164135936371,0.22,0.8523210412147505,0.8523210412147505,0.024938539407086,26.719840925524224,22.345654374548083,26.65040130151844,22.09497830802603,15273852000.0,21378425000.0,62.75,49.16676431013282,64.78779395296753,64.78779395296752,2.072013827305999,2.072013827305999,68.81747860964288,98.3684949155662,90.681839390546,90.681839390546,0.0039840637450199,0.0154350061791878,0.8290673771868172,0.434727474408824,28.088956885841807,0.5826192735497036,0.0,3.8678304239401498,0.0117394747572518,2.946608164070203,0.0489901948791903,0.0,0.086063857831811,0.0,0.0,0.0,0.0106388457898498,11.485620855770762,0.0099943827031326,0.0047362033133498,-23.731094540853217,-117001000.0,6180808000.0,-6504137000.0,13768798000.0,123869000.0,0.0,0.0,37.29135951895034,0.0,0.0,2.4134276990964816,0.0,0.0,0.0082550351685497,0.0,2018-02-21,0.77,amc,451927272.0,2025-04-25,2017-12-31,-0.0129870129870129,54.21873015873016,1713835.7777777778
2017-09-30,O,USD,726728,2017-10-26,2017-10-26 16:07:00,2017,Q3,306920000.0,17267000.0,289653000.0,0.94374104,0,13881000.0,0.0,13881000.0,127569000.0,141450000.0,158717000.0,62951000.0,0.0,127569000.0,212840000.0,0.6934706112,148203000.0,0.4828717581,-58997000.0,89206000.0,0.2906490291,1133000.0,87940000.0,0.2865241757,0.32,0.32,275511870,276050671,https://www.sec.gov/Archives/edgar/data/726728/000110465917064025/0001104659-17-064025-index.htm,https://www.sec.gov/Archives/edgar/data/726728/000110465917064025/a17-20636_110q.htm,1.1139991899441577,0.319187699608006,0.6514456164810613,0.6514456164810613,0.0116111149766432,26.764462090145155,22.481517765459618,26.693691999549785,21.00463765862429,15257847360.6,21041675360.6,43.37573163691153,49.71278300729832,85.01093352834005,85.01093352834005,2.074647448578265,2.074647448578265,68.55752430796298,98.86147040311972,117.23622757060636,117.23622757060636,0.0057635915422175,0.0117631927858624,0.7868764522711417,0.4223669825731189,27.17453486186807,0.1998111092890582,0.0,2.037889454083023,0.0114437506073683,1.9855242210598136,0.0452267691906685,0.0,0.0861226125556776,0.0,0.0,0.0,0.0111625179199791,13.84581916052896,0.0113129320605077,0.0070231667869539,-22.63070825224336,-648994000.0,6193925000.0,-6165435000.0,12881476000.0,121113000.0,0.0,0.0,34.90065815196142,0.0,0.0,2.578747931002613,0.0,0.0,0.0119574204877088,0.0,2017-10-25,0.76,amc,297309375.0,2025-04-25,2017-09-30,0.0131578947368421,55.5136507936508,1573195.825396825
2017-06-30,O,USD,726728,2017-07-27,2017-07-27 15:27:45,2017,Q2,300170000.0,16486000.0,283684000.0,0.9450777893,0,15781000.0,0.0,15781000.0,123089000.0,138870000.0,155356000.0,470000.0,63679000.0,123089000.0,204303000.0,0.6806243129,144814000.0,0.4824399507,-63114000.0,81700000.0,0.2721790985,441000.0,81136000.0,0.2703001632,0.3,0.3,272588332,273099487,https://www.sec.gov/Archives/edgar/data/726728/000110465917047373/0001104659-17-047373-index.htm,https://www.sec.gov/Archives/edgar/data/726728/000110465917047373/a17-13355_110q.htm,1.1011843309566165,0.2976503044158177,0.9079112014229574,0.9079112014229574,0.040152122138522,25.75697920922015,21.37240782558514,25.684907158828796,22.200975939058168,14567120462.08,20544223462.08,44.88488606192072,48.52956811833295,58.86038184818535,58.86038184818536,2.0805993056366106,2.0805993056366106,68.44196109564581,100.55762011365472,83.01165909215068,83.01165909215068,0.0055698036005953,0.0169893563140523,0.8552636427597543,0.4411372350140517,29.2560706401766,0.2063040909914963,2.2741249077403856,3.045644174799099,0.0118674106148852,2.130669493196608,0.0525735416597261,0.0,0.0880486802971184,0.0,0.0,0.0,0.0148649098843988,13.115456903255092,0.0110755424280439,0.0065543613492374,-23.661004499635,-652322000.0,5825869000.0,-6383507000.0,12742888000.0,121483500.0,0.0,0.0,36.94116667221907,0.0,0.0,2.4363063786960155,0.0,0.0,0.011588529503931,0.0,2017-07-26,0.76,amc,320213333.0,2025-04-25,2017-06-30,0.0,55.28952380952381,1875128.142857143
2017-03-31,O,USD,726728,2017-04-26,2017-04-26 16:10:41,2017,Q1,298025000.0,19075000.0,278950000.0,0.9359953024,0,13565000.0,0.0,13565000.0,121097000.0,134662000.0,153737000.0,927000.0,59305000.0,121097000.0,206211000.0,0.6919251741,144288000.0,0.4841473031,-54206000.0,90082000.0,0.302263233,1047000.0,71586000.0,0.2402013254,0.27,0.27,263340491,263934304,https://www.sec.gov/Archives/edgar/data/726728/000110465917026354/0001104659-17-026354-index.htm,https://www.sec.gov/Archives/edgar/data/726728/000110465917026354/a17-8901_110q.htm,1.1317097453122011,0.2718381807832203,0.8093362292698087,0.8093362292698087,0.1047996830840571,26.78935917986118,22.524416877463786,26.714247297427573,20.820691034558752,15181579306.15,20577607306.15,53.01867441311848,50.94062345826692,71.2312113495925,71.2312113495925,2.158024493752117,2.158024493752117,69.04658101216341,99.78908645101376,96.54910503938892,96.54910503938892,0.0047153197013568,0.0140387897531623,0.7709552159839816,0.4040791865050894,26.167508037883525,1.3934460258920724,2.432982041986342,2.3937889593979897,0.0111104382883058,2.3562428407789238,0.0455163157453233,0.0,0.0836772787979543,0.0,0.0,0.0,0.0092374800771747,12.78256346326236,0.0106937639649382,0.0058204476539415,-23.733702995184284,56862000.0,5931591000.0,-6166078000.0,13268908000.0,114867000.0,0.0,0.0,36.1660934485362,0.0,0.0,2.488518704074816,0.0,0.0,0.0101757754113999,0.0,2017-04-25,0.75,amc,320074074.0,2025-04-25,2017-03-31,0.0133333333333333,57.87758064516129,2099378.0483870967
2016-12-31,O,USD,726728,2017-02-23,2017-02-23 16:13:19,2016,Q4,287843000.0,17411000.0,270432000.0,0.9395121646,0,13559000.0,0.0,13559000.0,117751000.0,131311000.0,148722000.0,48935000.0,0.0,117752000.0,208165000.0,0.7231893775,139122000.0,0.4833259798,-45948000.0,93173000.0,0.3236938192,449000.0,85671000.0,0.2976310002,0.33,0.33,259609091,259609091,https://www.sec.gov/Archives/edgar/data/726728/000110465917011170/0001104659-17-011170-index.htm,https://www.sec.gov/Archives/edgar/data/726728/000110465917011170/a17-1163_110k.htm,1.1087554711248535,0.3299999998844416,0.866052106010417,0.866052106010417,0.0362853240759585,26.14335643584993,21.916281814645696,26.06535839686754,22.493838630635626,14449842005.06,20280027005.06,42.16666668143246,50.20042872350552,64.26865036609068,64.26865036609068,2.1354012921107217,2.1354012921107217,70.45516828639222,97.4228472848942,90.19959972895678,90.19959972895678,0.0059288537528645,0.0155596856990732,0.8629782981744409,0.4439794931464013,28.00751807460428,0.1269840657641097,0.0,2.424776756826712,0.0113158330688143,1.9086038449416955,0.0471055401729415,0.0,0.0834332671551329,0.0,0.0,0.0,0.0097379474227269,13.911696015546411,0.011387016835141,0.0071063924102922,-24.16678659377148,-1131770000.0,5689666000.0,-6201197000.0,11846418000.0,104945500.0,0.0,0.0,34.38561993864711,0.0,0.0,2.6173731973011805,0.0,0.0,0.0126604819646024,0.0,2017-02-22,0.75,amc,261636363.0,2025-04-25,2016-12-31,0.0266666666666666,56.08809523809524,1877312.7777777775
2016-09-30,O,USD,726728,2016-10-26,2016-10-26 16:31:10,2016,Q3,277174000.0,15678000.0,261496000.0,0.943436253,0,12103000.0,0.0,12103000.0,113917000.0,126020000.0,141698000.0,52952000.0,0.0,113917000.0,196475000.0,0.708850758,135476000.0,0.4887760035,-57380000.0,78096000.0,0.2817580293,894000.0,70302000.0,0.2536385087,0.27,0.27,258085633,258673914,https://www.sec.gov/Archives/edgar/data/726728/000110465916152187/0001104659-16-152187-index.htm,https://www.sec.gov/Archives/edgar/data/726728/000110465916152187/a16-17219_110q.htm,1.0739613700232589,0.2723979602537581,0.8438400753597934,0.8438400753597934,0.1154694263822116,26.23352924104845,21.960478520708666,26.172440989770244,21.39088850404935,16726529874.73,22217409874.730003,59.48098871557708,60.34667708634288,76.80365260249883,76.80365260249883,2.4762688365724705,2.4762688365724705,80.15690459685975,113.08008588741572,102.01627250396038,102.01627250396038,0.0042030236113833,0.0130202140928837,0.817305826094333,0.4403702546485836,27.94696526275608,0.1365306165713195,0.0,2.8209502344498847,0.0096830006709693,2.3038178145714205,0.0436657117911492,0.0,0.0879685027335882,0.0,0.0,0.0,0.0095679969982754,12.665294693006295,0.0119023784165305,0.0061486980524137,-21.935421914787483,-1140460000.0,5667684000.0,-5585628000.0,11204228000.0,96265500.0,0.0,0.5,32.443627468665895,0.0,0.0,2.7740424552378475,0.0,0.0,0.0104078163882469,0.0,2016-10-26,0.72,amc,297733333.0,2025-04-25,2016-09-30,0.0,65.99296875,1609849.953125
2016-06-30,O,USD,726728,2016-07-28,2016-07-28 15:30:07,2016,Q2,271039000.0,14671000.0,256368000.0,0.9458712584,0,13985000.0,0.0,13985000.0,110342000.0,124327000.0,138998000.0,2109000.0,57409000.0,110342000.0,239798000.0,0.884736145,132041000.0,0.4871660536,-55020000.0,77021000.0,0.2841694369,953000.0,69045000.0,0.2547419375,0.27,0.27,253375546,253973745,https://www.sec.gov/Archives/edgar/data/726728/000110465916134971/0001104659-16-134971-index.htm,https://www.sec.gov/Archives/edgar/data/726728/000110465916134971/a16-11620_110q.htm,1.0697125443984243,0.2725006461357561,0.8885506259550399,0.8885506259550399,0.0806826085734414,26.916871448991373,22.661271344630865,26.84016317817821,19.75333878510912,17019235424.82,21946396424.82,61.62370709254834,62.79257016451507,75.59501736640357,75.59501736640357,2.5025928327667937,2.5025928327667937,80.9713599327772,91.5203480630364,97.4801850642942,97.4801850642942,0.0040568802461777,0.0132283850819568,0.7275202440475832,0.4039048017822215,20.547131335540747,0.2267318155239517,2.3000052256614816,2.959719720772477,0.0092839658219647,2.288449561879933,0.0515977405465634,0.0,0.0880257213579961,0.0,0.0,0.0,0.0145624799383114,12.828255559114831,0.0107724709099954,0.0061806439900722,-21.07326687122363,-538231000.0,5741812000.0,-5271538000.0,11540691000.0,90540500.0,0.0,-4089999.5,30.752991266939443,0.0,6.134551155340467e-06,2.9265445828924355,0.0,14671000.0,0.0101527194274774,0.0,2016-07-27,0.72,amc,289731344.0,2025-04-25,2016-06-30,-0.0138888888888889,60.645,1941922.578125
2016-03-31,O,USD,726728,2016-04-27,2016-04-27 16:08:53,2016,Q1,267116000.0,15105000.0,252011000.0,0.9434515342,0,12318000.0,0.0,12318000.0,107933000.0,120251000.0,135356000.0,5778000.0,60678000.0,107933000.0,231400000.0,0.8662903008,131760000.0,0.493268842,-60312000.0,71448000.0,0.2674792974,964000.0,63473000.0,0.2376233546,0.25,0.25,250173815,250698023,https://www.sec.gov/Archives/edgar/data/726728/000110465916114676/0001104659-16-114676-index.htm,https://www.sec.gov/Archives/edgar/data/726728/000110465916114676/a16-6525_110q.htm,1.0677216558415596,0.2537156016907684,0.5447812353982769,0.5447812353982769,0.0347558356577006,25.983894437553342,21.85598840550119,25.897990163359022,20.6487477516382,15143021021.95,20239424021.95,59.64355325079168,56.69080482618039,111.10881959021206,111.10881959021204,2.337247007130268,2.337247007130268,75.7701673503272,87.46509948984443,148.5026342501284,148.5026342501284,0.0041915678455438,0.0090001856170209,0.7879454835538638,0.4241135097041206,22.024213483146067,0.1555813192794745,2.1714624740433104,1.9336303274502016,0.0101772955196065,2.4280402690907943,0.0461147965677832,0.0,0.0857925698567171,0.0,0.0,0.0,0.0097523173452732,12.159000515246325,0.0108972193698401,0.0057679608237025,-21.84744134792844,-668620000.0,5467796000.0,-5413422000.0,11232755000.0,94025000.0,0.0,-4089999.5,29.807387052816004,0.0,-48.73882820258192,3.019385759661795,0.0,-1.8465770171149145,0.0097967294021808,0.0,2016-04-26,0.71,amc,299152000.0,2025-04-25,2016-03-31,-0.0140845070422535,55.62639344262295,2476420.557377049
2015-12-31,O,USD,726728,2016-02-11,2016-02-11 16:55:53,2015,Q4,263668000.0,12897000.0,250771000.0,0.9510862145,0,12966000.0,0.0,12966000.0,105739000.0,118705000.0,131602000.0,51981000.0,0.0,105739000.0,234057000.0,0.8876958903,132065000.0,0.5008761018,-48233000.0,83832000.0,0.3179452948,721000.0,76171000.0,0.288889816,0.31,0.31,245712903,249508956,https://www.sec.gov/Archives/edgar/data/726728/000110465916095923/0001104659-16-095923-index.htm,https://www.sec.gov/Archives/edgar/data/726728/000110465916095923/a15-23382_110k.htm,1.073073480394312,0.3100000002848853,0.8927288608852585,0.8927288608852585,0.1639881321169365,26.670691363733557,22.398477787713087,26.582226331028288,19.7038329729066,12285645150.0,17086837150.0,40.32258060810545,46.595131566970586,56.008047001436026,56.008047001436026,1.8809560710735933,1.8809560710735933,64.8043643900663,73.00288882622608,77.89581796631032,77.89581796631032,0.0062000000056977,0.0178545772177051,0.7412408850761744,0.408017785463687,20.512917793528928,0.4158670856322834,0.0,2.639301656820397,0.0119848000005111,1.9330322563705349,0.0491754782529544,0.0,0.0884670066333104,0.0,0.0,0.0,0.01059286678702,13.616571845707432,0.0113870840291052,0.0070423511843235,-21.15296220117509,-236089000.0,5503595000.0,-5144456000.0,11425079000.0,96300000.0,0.0,1.0,33.99149688244307,0.0,6.978367062107467e-06,2.647720996555637,0.0,12897000.0,0.0116619276513734,0.0,2016-02-10,0.69,amc,221167741.0,2025-04-25,2015-12-31,0.0289855072463768,47.76578125,2394527.484375
2015-09-30,O,USD,726728,2015-10-29,2015-10-29 15:33:31,2015,Q3,258889000.0,13542000.0,245347000.0,0.9476918679,0,10861000.0,0.0,10861000.0,104338000.0,115199000.0,128741000.0,5180000.0,63950000.0,104338000.0,228721000.0,0.8834712946,74323000.0,0.2870844261,-61590000.0,68558000.0,0.2648161954,745000.0,60705000.0,0.234482732,0.26,0.26,236211706,236739942,https://www.sec.gov/Archives/edgar/data/726728/000110465915074070/0001104659-15-074070-index.htm,https://www.sec.gov/Archives/edgar/data/726728/000110465915074070/a15-17857_110q.htm,1.096004107434032,0.2569940373742527,0.6402646276980024,0.6402646276980024,0.0299477113975037,25.67119175710961,21.18823865570828,25.568792090261606,22.50311421907261,10839755188.34,16084230188.34,44.64111353405815,41.87028104067767,71.6734893898359,71.6734893898359,1.7947660506605685,1.7947660506605685,62.127901101784936,70.32248979472807,106.35045549623771,106.35045549623771,0.0056002187268305,0.01395216011545,0.8695124285388818,0.4473755702249567,22.92957358528513,0.2468329615127135,1.1622048475371385,2.2302213439900904,0.0130316596219764,2.3269911868874065,0.0419523425097242,0.0,0.0902091217421817,0.0,0.0,0.0,0.0086369061644179,12.15928081657512,0.0063145178591634,0.005684178768897,-23.698640276108925,-439897000.0,5004910000.0,-5530567000.0,11117182000.0,90738500.0,0.0,-12435999.5,32.33636809597936,0.0,6.64599025254763e-06,2.783243923153832,0.0,13542000.0,0.0100510824471889,0.0,2015-10-28,0.7,amc,258900000.0,2025-04-25,2015-09-30,0.0,45.10546875,1802435.140625
2015-06-30,O,USD,726728,2015-07-30,2015-07-30 15:49:16,2015,Q2,253860000.0,14937000.0,238923000.0,0.9411604822,0,12609000.0,0.0,12609000.0,101101000.0,113710000.0,128647000.0,899000.0,58680000.0,101101000.0,222949000.0,0.8782360356,70343000.0,0.2770936737,-58235000.0,66978000.0,0.2638383361,628000.0,59317000.0,0.2336602852,0.26,0.25,232403586,232886185,https://www.sec.gov/Archives/edgar/data/726728/000110465915054841/0001104659-15-054841-index.htm,https://www.sec.gov/Archives/edgar/data/726728/000110465915054841/a15-11930_110q.htm,1.0923239368604234,0.2552327226138413,0.8771723513767125,0.8771723513767125,0.0806398916753375,25.750347070806384,21.158769899531585,25.645916668428686,23.0814166524952,9991030162.14,15277813162.14,42.10862890124248,39.35645695320256,49.00975268147436,49.00975268147437,1.676290247520093,1.676290247520093,60.18204192129521,68.52604480011124,74.94340748040304,74.94340748040304,0.0059370254155348,0.0204041021487953,0.890158271454848,0.452368857109385,23.712970230859973,0.2326427795285067,1.1987559645535106,3.072464204973625,0.0138489222587196,2.332636512298329,0.0496691089576932,0.0,0.0909848593753543,0.0,0.0,0.0,0.0110690932009769,12.135803868810743,0.0060032524372764,0.0055638123797334,-24.40233861107461,-452674000.0,4917374000.0,-5606602000.0,11097413000.0,86767000.0,0.0,-12435999.5,31.36138028834791,0.0,-149.86141795541275,2.869771648202577,0.0,-0.6005548407848182,0.0099521778033399,0.0,2015-07-29,0.68,amc,253900000.0,2025-04-25,2015-06-30,0.0,45.70555555555556,2515709.571428572
2015-03-31,O,USD,726728,2015-04-30,2015-04-30 15:22:14,2015,Q1,246867000.0,13976000.0,232891000.0,0.9433865199,0,12862000.0,0.0,12862000.0,98037000.0,110899000.0,124875000.0,1058000.0,58468000.0,98037000.0,221290000.0,0.8963936047,121992000.0,0.4941608234,-53337000.0,68655000.0,0.2781052145,1074000.0,60494000.0,0.2450469281,0.27,0.27,225346407,225825854,https://www.sec.gov/Archives/edgar/data/726728/000110465915032388/0001104659-15-032388-index.htm,https://www.sec.gov/Archives/edgar/data/726728/000110465915032388/a15-7136_110q.htm,1.095500049397282,0.268448921841474,0.5229814913356928,0.5229814913356928,0.0540944946151282,25.18106268275225,20.42274408218099,25.07266956335363,22.558620160293923,11260559957.79,16273405957.79,46.53585462107812,45.613872886169474,95.54831447739537,95.54831447739537,1.9930067627516,1.9930067627516,65.91972988609251,73.53882216905417,138.08340934214098,138.08340934214098,0.0053722017578842,0.0104659093723372,0.8893812358009754,0.4530262069050075,22.65283564553301,0.2841925931935261,2.0864746528015323,1.7438629200514937,0.0118512756470586,2.206036962343373,0.0521009288402257,0.0,0.0966692399572923,0.0,0.0,0.0,0.0103375501788412,12.306154964867014,0.0108960877920366,0.0060373958458397,-23.70437394859373,-352936000.0,4602192000.0,-5277567000.0,10565573000.0,83901000.0,0.0,1.0,31.015324040880312,0.0,6.439610761305095e-06,2.901791381620707,0.0,13976000.0,0.0107068344343292,0.0,2015-04-29,0.67,amc,219466666.0,2025-04-25,2015-03-31,0.0149253731343283,50.0088524590164,2385450.7868852457
2014-12-31,O,USD,726728,2015-02-18,2015-02-18 15:33:49,2014,Q4,247573000.0,20397000.0,227176000.0,0.917612179,0,15586000.0,0.0,15586000.0,96537000.0,112123000.0,132520000.0,1311000.0,59120000.0,96537000.0,188046000.0,0.759557787,115053000.0,0.4647235361,-35576000.0,79477000.0,0.3210245059,1103000.0,71018000.0,0.2868568059,0.32,0.32,221931250,221931250,https://www.sec.gov/Archives/edgar/data/726728/000110465915011630/0001104659-15-011630-index.htm,https://www.sec.gov/Archives/edgar/data/726728/000110465915011630/a14-25802_110k.htm,1.1155391590864288,0.32,0.84535638852122,0.84535638852122,0.0173567264637134,25.41822749162184,20.66362893914219,25.29342307583993,22.484742459658115,10253223750.0,15180318750.0,36.09375,41.414951347683306,54.65150630826551,54.65150630826551,1.8265617849143505,1.8265617849143505,61.31653593081637,80.72662407070611,80.91379903097366,80.91379903097366,0.0069264069264069,0.0182977573272991,0.878424149637626,0.4477541315773846,26.20154111228104,0.3900303106456526,1.946092692828146,2.393791308342052,0.0126178851797708,1.821707172829424,0.0629551687785017,0.0,0.0958167818708387,0.0,0.0,0.0,0.0173928497857197,13.494911861366395,0.0106116418317353,0.0071321630445131,-23.90661522205638,-237865000.0,4585905000.0,-5219426000.0,10586629000.0,74510000.0,0.0,-4096999.0,30.074038768363277,0.0,4.412413590233858e-06,2.992614350643071,0.0,20397000.0,0.0126515101985409,0.0,2015-02-17,0.66,amc,226044912.0,2025-04-25,2014-12-31,-0.0151515151515151,44.28328125,2004358.5
2014-09-30,O,USD,726728,2014-10-30,2014-10-30 17:23:36,2014,Q3,235713000.0,12770000.0,222943000.0,0.9458239469,0,11025000.0,0.0,11025000.0,95260000.0,106285000.0,119055000.0,52814000.0,0.0,95260000.0,219116000.0,0.9295881008,67126000.0,0.284778523,-42334000.0,74324000.0,0.3153156593,697000.0,57941000.0,0.2458116438,0.26,0.26,222061661,222236071,https://www.sec.gov/Archives/edgar/data/726728/000110465914075327/0001104659-14-075327-index.htm,https://www.sec.gov/Archives/edgar/data/726728/000110465914075327/a14-19627_110q.htm,1.0614754430752458,0.2609230235380433,0.6363322662888665,0.6363322662888665,0.0762671049281217,25.174926526375938,20.332064435021948,25.04615148312342,22.351827765532207,8771435609.5,13717983609.5,37.84641104528745,37.21235404708269,62.07448858497576,62.07448858497576,1.57708860088209,1.57708860088209,58.19782366479575,62.60603337729787,97.0806667103075,97.0806667103075,0.00660564616552,0.0161096776275662,0.8924256399468516,0.4537071840173165,22.575019624308585,0.7006173150828634,0.0,1.9191747704677569,0.0151142875467744,2.288086156607584,0.0467729823980858,0.0,0.0983025345891713,0.0,0.0,0.0,0.0093503540322341,12.126011108018549,0.0061647540550757,0.0058737325415589,-23.80823405396396,-59361000.0,4514972000.0,-5210537000.0,10703696000.0,64290000.0,0.0,-11344499.5,25.311628972521667,0.0,-57.74940563821457,3.555677909853376,0.0,-1.558457598054381,0.0104176892691022,0.0,2014-10-29,0.65,bmo,208503846.0,2025-04-25,2014-09-30,-0.0153846153846153,42.61703125,1620032.078125
2014-06-30,O,USD,726728,2014-07-24,2014-07-24 17:28:18,2014,Q2,228646000.0,10127000.0,218519000.0,0.955708825,0,11587000.0,0.0,11587000.0,92894000.0,104481000.0,114608000.0,52712000.0,0.0,92894000.0,204731000.0,0.8954059988,64992000.0,0.2842472643,-51247000.0,62791000.0,0.2746210299,570000.0,51420000.0,0.2248891299,0.23,0.23,220979955,221360641,https://www.sec.gov/Archives/edgar/data/726728/000110465914053327/0001104659-14-053327-index.htm,https://www.sec.gov/Archives/edgar/data/726728/000110465914053327/a14-13872_110q.htm,1.0346911329581907,0.232690788628317,0.8352793808832117,0.8352793808832117,0.0403113486017317,26.5382170070584,21.724680865284817,26.40828214486694,21.576527156049064,9506557664.1,14265629664.1,46.22013644544924,41.57762508025507,51.50372556127425,51.50372556127424,1.6290343977698651,1.6290343977698651,62.39177446401862,69.67987097264215,77.2869740172283,77.2869740172283,0.005408897922555,0.0194160711502373,0.8170363766066836,0.4409732453528827,23.24548798179074,0.4149659006920648,0.0,2.966474880267429,0.0138548573157442,2.5614935822637106,0.0506765917619376,0.0,0.0983773078359461,0.0,0.0,0.0,0.0120360732311083,11.758473113830906,0.0060499363280435,0.0052745456397448,-22.17219883133744,-139313000.0,4800719000.0,-4849173000.0,10537228000.0,60799000.0,0.0,-13583000.0,24.517901034787403,0.0,-128.81899871630296,3.67078731055741,0.0,-0.6986547085201794,0.008811280769868,0.0,2014-07-24,0.64,bmo,228600000.0,2025-04-25,2014-06-30,0.0,41.76428571428571,1982412.5555555555
2014-03-31,O,USD,726728,2014-05-01,2014-05-01 17:21:01,2014,Q1,221572000.0,10577000.0,210995000.0,0.9522638239,0,12886000.0,0.0,12886000.0,89970000.0,102856000.0,113433000.0,57000.0,51720000.0,89970000.0,195021000.0,0.8801698771,108139000.0,0.4880535447,-52132000.0,56007000.0,0.2527711083,1091000.0,47179000.0,0.2129285289,0.23,0.23,207003950,207324363,https://www.sec.gov/Archives/edgar/data/726728/000110465914033570/0001104659-14-033570-index.htm,https://www.sec.gov/Archives/edgar/data/726728/000110465914033570/a14-8291_110q.htm,1.0703757102219549,0.2279135253216182,0.551660970720607,0.551660970720607,0.0683175369358893,25.86795082895761,21.029101135509737,25.727228876550424,23.525570405782112,8191146301.5,12995170301.5,43.404620177939336,36.96832768355208,71.72883727538617,71.72883727538618,1.5380591586397725,1.5380591586397725,58.64987589361472,66.63472293496598,113.7970708387334,113.7970708387334,0.0057597555047161,0.01394139425627,0.9047115106208872,0.4597144048711637,24.633367688607898,0.1174671325601567,2.0908546017014693,2.079466822055503,0.0151255996950404,2.626083638907141,0.0581571678731969,0.0,0.0955712174503026,0.0,0.0,0.0,0.0121721156102756,11.486105831622906,0.0101931161276725,0.0049771497776164,-24.510276253182607,-751903000.0,4353107000.0,-5025933000.0,9592139000.0,83277500.0,0.0,-6335499.5,24.091040384164064,0.0,-107.8179067788598,3.735828696678469,0.0,-0.8347407465866941,0.0088588447055545,0.0,2014-05-01,0.63,bmo,211527272.0,2025-04-25,2014-03-31,0.0158730158730158,39.64409836065574,2459930.049180328
2013-12-31,O,USD,726728,2014-02-14,2014-02-14 17:11:21,2013,Q4,215700000.0,13056000.0,202644000.0,0.9394714882,0,16511000.0,0.0,16511000.0,84974000.0,101756000.0,114812000.0,50775000.0,0.0,85245000.0,186271000.0,0.8635651368,100389000.0,0.4654102921,-51073000.0,50105000.0,0.2322902179,670000.0,53853000.0,0.2496662031,0.26,0.26,203303124,203326838,https://www.sec.gov/Archives/edgar/data/726728/000110465914010697/0001104659-14-010697-index.htm,https://www.sec.gov/Archives/edgar/data/726728/000110465914010697/a13-26753_110k.htm,1.0609773020507054,0.2648901745356357,0.8521216821045996,0.8521216821045996,0.050451757937571,26.66637823037092,21.98804874242857,26.489740511808368,20.495700794051743,7349407932.599999,11505990932.599998,34.117913266670385,34.072359446453405,42.42351856452646,42.42351856452646,1.3646792796586802,1.3646792796586802,53.34256343347241,61.77016783396234,66.41686301929703,66.41686301929703,0.0073275290327976,0.0235718307636127,0.7737222184156672,0.4198563929192586,22.31470814029022,0.5565315870173516,0.0,3.561290985712817,0.0164858177843908,2.249846805191911,0.0765461288827074,0.0,0.0958360274397318,0.0,0.0,0.0,0.0303662494204914,12.565015707132002,0.0100348812901768,0.0060014563168467,-21.70351425342584,-120607000.0,4470239000.0,-4351727000.0,9616358000.0,108053000.0,0.0,1.5,44.74756606397775,0.0,6.893382352941177e-06,2.01128257727633,0.0,13056000.0,0.0099997270421563,0.0,2014-02-13,0.61,bmo,173696761.0,2025-04-25,2013-12-31,0.0163934426229508,38.39546875,2340706.84375
2013-09-30,O,USD,726728,2013-10-31,2013-10-31 17:29:30,2013,Q3,199304000.0,5898000.0,193406000.0,0.9704070164,0,16628000.0,0.0,16628000.0,80869000.0,97497000.0,103395000.0,49836000.0,0.0,74323000.0,173778000.0,0.8719242966,49163000.0,0.2466734235,-50076000.0,45966000.0,0.2306326015,671000.0,41089000.0,0.2061624453,0.21,0.21,195768298,196619866,https://www.sec.gov/Archives/edgar/data/726728/000110465913079738/0001104659-13-079738-index.htm,https://www.sec.gov/Archives/edgar/data/726728/000110465913079738/a13-18826_110q.htm,1.0180606463667574,0.2098858723285217,0.6345971297150471,0.6345971297150471,0.0508764703057284,25.77703362369733,20.813860270675693,25.592744336981465,23.942339223892112,7535121790.02,12212312790.02,45.84634445970941,37.80717792929394,60.6526537825394,60.6526537825394,1.5039418787293564,1.5039418787293564,61.27480025498736,70.27536736537422,98.30089017515334,98.30089017515334,0.0054529974624193,0.0164873247522745,0.9355127730204174,0.4743634883650087,26.91474755147372,0.2566290532529661,0.0,2.613416917348592,0.015574665316682,2.856165883813186,0.0834303375747601,0.0,0.0983340935521535,0.0,0.0,0.0,0.0338026331634086,10.993634434757428,0.0049706575716439,0.0046119249615149,-24.227596078911613,-448301000.0,4074694000.0,-4679837000.0,9228346000.0,106642000.0,0.0,1.5,49.15852165536065,0.0,3.051881993896236e-05,1.830811769136789,0.0,2949000.0,0.0082009912483374,0.0,2013-10-31,0.61,bmo,202100000.0,2025-04-25,2013-09-30,-0.0163934426229508,40.51296875,1948350.625
2013-06-30,O,USD,726728,2013-07-25,2013-07-25 17:24:45,2013,Q2,184319000.0,3283000.0,181036000.0,0.9821884884,0,12075000.0,0.0,12075000.0,77698000.0,89773000.0,93056000.0,39232000.0,0.0,77472000.0,165262000.0,0.8966085971,52607000.0,0.2854127898,-40127000.0,51558000.0,0.2797215697,722000.0,45957000.0,0.249334035,0.23,0.23,195574014,196076113,https://www.sec.gov/Archives/edgar/data/726728/000110465913056725/0001104659-13-056725-index.htm,https://www.sec.gov/Archives/edgar/data/726728/000110465913056725/a13-13092_110q.htm,0.94245138313723,0.2349852061634323,0.8444833575896233,0.8444833575896233,0.1154294455499594,26.10308954440133,21.051891893981377,25.91795758714652,21.29367759461132,7926614787.42,12068529787.42,43.11973577159084,43.004870834911216,47.99384101029917,47.99384101029917,1.5637806283046016,1.5637806283046016,65.47631979025493,73.0266473080321,73.07218975302587,73.07218975302587,0.0057978091824187,0.0208360068489914,0.8215800771728818,0.4422999738835815,25.06271859229587,0.2052378669862193,0.0,3.2598243363268526,0.0147824769012319,2.549665992123072,0.0655114231305508,0.0,0.1049205605248263,0.0,0.0,0.0,0.0198189009271968,11.706091305657546,0.0055882488432166,0.0054531215700699,-21.524100586798816,-663229000.0,4117203000.0,-4139176000.0,8539713999.0,100942000.0,0.0,-33544999.5,50.98806959673175,0.0,2.7413950654888817e-05,1.765118795667621,0.0,3283000.0,0.0090665016860729,0.0,2013-07-25,0.59,bmo,170191304.0,2025-04-25,2013-06-30,0.0169491525423729,46.1653125,2055580.9375
2013-03-31,O,USD,726728,2013-04-26,2013-04-26 17:09:43,2013,Q1,171695000.0,3772000.0,167923000.0,0.9780308104,0,11613000.0,0.0,11613000.0,69808000.0,81421000.0,85193000.0,321000.0,41468000.0,69808000.0,139670000.0,0.8134773872,86502000.0,0.5038119922,-53629000.0,33004000.0,0.1922245843,671000.0,62735000.0,0.3653862955,0.37,0.36,171659191,172053880,https://www.sec.gov/Archives/edgar/data/726728/000110465913033629/0001104659-13-033629-index.htm,https://www.sec.gov/Archives/edgar/data/726728/000110465913033629/a13-7751_110q.htm,1.000208605200755,0.3654625169473157,0.3278239846767075,0.3278239846767075,0.0242282395470452,29.95114313453801,24.914180097703017,29.870762935146303,20.052570328145144,7575320098.830001,10971901098.830002,30.18777436371244,44.12079617245698,134.61492161264528,134.61492161264528,1.477364341038511,1.477364341038511,63.90343981379773,78.55588958853012,194.97283112680816,194.97283112680816,0.008281498231301,0.0074285969788512,0.6632237243571104,0.3880527221509235,24.31861530751056,0.7791281208270463,2.085994019484904,1.74045093248384,0.0126013156876028,1.5216226986530643,0.0676373802382131,0.0,0.0986627303861208,0.0,0.0,0.0,0.0223943620955764,15.67241189548823,0.0096352527626082,0.0079421827830036,-20.84656364249089,-45817000.0,4276748000.0,-3460594000.0,8512325000.0,91163000.0,0.0,-55538500.0,51.087626314103495,0.0,-1600.7688229056205,1.7616790305865937,0.0,-0.0562229840512744,0.0122347901772976,0.0,2013-04-25,0.21,bmo,87750000.0,2025-04-25,2013-03-31,1.0,42.67083333333333,2127358.8833333333
2012-12-31,O,USD,726728,2013-02-14,2013-02-14 17:38:50,2012,Q4,125578000.0,769000.0,124809000.0,0.9938763159,0,10223000.0,0.0,10223000.0,41315000.0,51538000.0,52307000.0,35065000.0,0.0,41315000.0,103138000.0,0.8213062798,73271000.0,0.5834700346,-40273000.0,32998000.0,0.2627689563,215000.0,32236000.0,0.2567010145,0.23,0.23,171659191,171659191,https://www.sec.gov/Archives/edgar/data/726728/000110465913010950/0001104659-13-010950-index.htm,https://www.sec.gov/Archives/edgar/data/726728/000110465913010950/a12-27698_110k.htm,0.7315541875063363,0.1877907021011184,0.6870648714638298,0.6870648714638298,0.0305722051317368,14.055722772222548,12.546511418663275,14.055722772222548,17.033337877026344,6684408897.54,9603089897.54,51.83962726098151,53.22913963863097,56.67587096548274,56.67587096548274,2.770401823587094,2.770401823587094,76.47111673653029,93.10913433981656,81.4228291903579,81.4228291903579,0.0048225655393199,0.0176441928984034,1.2118436136694637,0.5371548801724229,28.29879384901782,0.5176215139955115,0.0,3.597626818778026,0.0106384874249944,2.205980890929396,0.0814075713898931,0.0,0.0475937393850088,0.0,0.0,0.0,0.0176862189236968,7.706459373702227,0.0139710312448829,0.0062180127550661,-17.381334099378343,-112413000.0,2153724000.0,-2909943000.0,5170484000.0,51026000.0,19013000.0,-21993500.0,60.82156110146682,0.0,-5148.023407022106,1.4797384080598597,0.0,-0.0174824379930433,0.0133604443645002,0.0,2013-02-14,0.54,bmo,129120000.0,2025-04-25,2012-12-31,0.037037037037037,38.83306451612904,909745.3064516129
2012-09-30,O,USD,726728,2012-10-25,2012-10-25 17:30:46,2012,Q3,46062000.0,2797000.0,43265000.0,0.9392774955,0,2384000.0,0.0,2384000.0,264000.0,28693000.0,31490000.0,22000.0,10512000.0,26309000.0,99021000.0,2.1497329686,-54068000.0,-1.1738092137,-35215000.0,-64316000.0,-1.3962919543,405000.0,-64495000.0,-1.4001780209,-0.49,-0.49,132764877,132931813,https://www.sec.gov/Archives/edgar/data/726728/000110465912071258/0001104659-12-071258-index.htm,https://www.sec.gov/Archives/edgar/data/726728/000110465912071258/a12-19027_110q.htm,0.3469441695788262,-0.4857836007334982,0.3961514610524589,0.3961514610524589,0.0210447225435986,7.682581591214068,5.597549719418638,7.599412004125157,7.288380947319372,5240229695.19,6194564695.19,-20.31254242650593,113.76470181906994,99.63360956725924,99.63360956725924,5.193822887688503,5.193822887688503,134.48318994377144,62.55809065945607,117.77858532541116,117.77858532541116,-0.012307666600798,0.0100367737788816,0.9486527873450716,0.4647383031132298,9.63770311348098,0.2554755724898032,-5.143455098934551,1.48678445229682,0.0132912112734162,-1.0799131715636872,0.0517563284269028,0.0,0.1344107140516076,0.0,0.0,0.0,0.0484130085536885,,-0.0276725644821668,-0.0361786342151881,-7.711676259075659,-58230000.0,743158000.0,-1019543000.0,4946167000.0,17393500.0,27808500.0,0.0,33.58147713950762,1223.5752592062925,0.0,2.6800488741490662,0.0735549360963551,0.0,-0.0639238404852641,0.0,2012-10-25,0.52,bmo,131666666.0,2025-04-25,2012-09-30,0.0,40.35825396825397,1013834.9206349206
2012-06-30,O,USD,726728,2012-07-26,2012-07-26 17:23:11,2012,Q2,115643000.0,2090000.0,113553000.0,0.9819271378,0,9273000.0,0.0,9273000.0,35475000.0,45153000.0,47243000.0,40000.0,28806000.0,35475000.0,100478000.0,0.868863658,39999000.0,0.3458834517,-28806000.0,39999000.0,0.3458834517,405000.0,32950000.0,0.2849286165,0.25,0.25,132592939,132828540,https://www.sec.gov/Archives/edgar/data/726728/000110465912051523/0001104659-12-051523-index.htm,https://www.sec.gov/Archives/edgar/data/726728/000110465912051523/a12-13308_110q.htm,0.8721655985014406,0.2485049373556762,0.7964752934543521,0.7964752934543521,0.0457339587291296,18.650186191287304,18.52126529905186,18.650186191287304,14.80023004844926,5363384382.55,7290920382.55,40.6933564685129,46.37880704020131,50.78625832141809,50.78625832141809,2.1688791513993992,2.1688791513993992,63.04679386171234,72.56235576494358,69.03823025509674,69.03823025509674,0.0061435089581131,0.0196903657219864,0.7819213444388594,0.422500835234507,19.183662095185017,0.0669086960947307,1.388564882316184,2.680312682419228,0.0127949061833552,2.082670713201821,0.0801864358413392,0.0,0.0037351206441346,0.0,0.0,0.0,0.0224311026175384,10.211754276352073,0.0093760589625618,0.0072267250653311,-15.72038462772139,-330012000.0,2455789000.0,-2080012000.0,3972298000.0,17583500.0,15748500.0,0.0,13.697327118805289,757.5071770334928,0.0,6.570625,0.1188107554999715,0.0,0.013324528495687,0.0,2012-07-26,0.24,bmo,107424000.0,2025-04-25,2012-06-30,1.0416666666666667,37.81650793650794,715087.8253968254
2012-03-31,O,USD,726728,2012-04-27,2012-04-26 20:53:10,2012,Q1,114723000.0,2536000.0,112187000.0,0.9778945809,0,9168000.0,0.0,9168000.0,35250000.0,44823000.0,47359000.0,0.0,28952000.0,35250000.0,99548000.0,0.8677248677,67769000.0,0.5907185133,-28952000.0,38817000.0,0.3383541225,405000.0,39263000.0,0.3422417475,0.3,0.3,132577100,132703954,https://www.sec.gov/Archives/edgar/data/726728/000072672812000036/0000726728-12-000036-index.htm,https://www.sec.gov/Archives/edgar/data/726728/000072672812000036/riq112_10q.htm,0.865330437911223,0.2961522012474251,0.3795979848706903,0.3795979848706903,0.0391772033028328,18.562323357502915,18.43266295612138,18.562323357502915,14.171602788113482,4972967021.0,6817651021.0,31.664461585971523,43.34760266903759,98.81506618845128,98.8150661884513,2.020759970482812,2.020759970482812,59.42706363152986,68.48606723389722,135.4697576004451,135.4697576004451,0.0078952866234984,0.0101199142860754,0.7516959989662483,0.4205766008030587,18.5305983043356,0.3981144616245715,2.3407363912683063,1.3101634905758617,0.0133537985913781,1.6913633700939816,0.0799142281844094,0.0,0.0039082100375292,0.0,0.0,0.0,0.0257664112688824,11.121539495874533,0.0154475686204645,0.0089616120356711,-14.475537253417068,-34411000.0,2443749000.0,-1914733000.0,4120562000.0,31650500.0,16357500.0,0.0,13.781281870243978,493.5094637223974,0.0,6.530597142369215,0.1823673234575003,0.0,0.0159544791642539,0.0,2012-04-26,0.24,bmo,134040000.0,2025-04-25,2012-03-31,1.0833333333333337,35.65516129032258,684954.0967741936
2011-12-31,O,USD,726728,2012-02-13,2012-02-13 17:31:33,2011,Q4,113427000.0,2334000.0,111093000.0,0.9794228887,0,0.0,0.0,7953000.0,34209000.0,42162000.0,44496000.0,0.0,28983000.0,34209000.0,103130000.0,0.9092191454,68931000.0,0.6077124494,-28993000.0,39938000.0,0.3521031148,368000.0,34942000.0,0.3080571645,0.31,0.31,132577100,132577100,https://www.sec.gov/Archives/edgar/data/726728/000114036112007480/0001140361-12-007480-index.htm,https://www.sec.gov/Archives/edgar/data/726728/000114036112007480/ri10k_2011yt.htm,0.8555549940374318,0.263559845554021,0.7520529563552076,0.7520529563552076,0.031415681893781,17.007869383174018,15.721508465639994,17.007869383174018,15.720392134086506,4487734835.0,6538750835.0,32.10845712180185,39.56496103220574,45.01012822827341,45.01012822827341,1.99025517173174,1.99025517173174,57.64721657982667,63.40299461844274,65.58097221804323,65.58097221804323,0.007786110651522,0.0222172217534773,0.9114474817438292,0.4650373614995195,19.88767574905459,0.7724976613657624,2.3783252251319738,2.519711902956786,0.0142798098274895,1.8340106462137256,0.0,0.0,0.0385894973264403,0.0,0.0,0.0,0.0,10.042823663005684,0.0147858231750561,0.0082238781485894,-16.036476133510238,-18240000.0,2084312000.0,-2102600000.0,4310157000.0,28899500.0,17699500.0,0.0,36.2881853526938,725.2827763496144,0.0,2.480146062010758,0.1240895316072093,0.0,0.0154963469918673,0.0,2012-02-09,0.28,bmo,120400000.0,2025-04-25,2011-12-31,0.857142857142857,32.22539682539683,1003600.492063492
2011-09-30,O,USD,726728,2011-10-28,2011-10-27 21:54:12,2011,Q3,107296000.0,1698000.0,105598000.0,0.9841746197,0,7143000.0,0.0,7143000.0,31869000.0,39379000.0,41077000.0,0.0,28550000.0,31869000.0,97430000.0,0.9080487623,38036000.0,0.3544959738,-28550000.0,38036000.0,0.3544959738,367000.0,34717000.0,0.3235628542,0.27,0.27,126376201,126582609,https://www.sec.gov/Archives/edgar/data/726728/000072672811000070/0000726728-11-000070-index.htm,https://www.sec.gov/Archives/edgar/data/726728/000072672811000070/riq311_10q.htm,0.8490206158357301,0.2747115337008746,0.4928063947736489,0.4928063947736489,0.043861106411958,18.006095942067446,17.86994688976289,18.006095942067446,15.377104111556571,3945464995.22,5854671995.219999,28.41162107339344,36.77178082332985,63.351450653029104,63.351450653029104,1.7338572503693626,1.7338572503693626,54.56561283943483,60.09106019932258,94.00716124568471,94.00716124568471,0.008799216326101,0.0157849581926216,0.841447883625088,0.447918416271831,19.59567894898902,0.3150023256646034,1.3322591943957969,1.6482030381622823,0.0155135072986719,1.7630555635567589,0.0665728452132418,0.0,0.0040250081056916,0.0,0.0,0.0,0.0,10.549684840066783,0.0089286814781946,0.0081541856759539,-15.7042246427395,-38290000.0,2258336000.0,-1981624000.0,3996992000.0,11482000.0,17805000.0,0.0,10.12013495377274,879.3286219081272,0.0,8.893162038955657,0.1023508137432188,0.0,0.0152565850245787,0.0,2011-10-27,0.27,bmo,101200000.0,2025-04-25,2011-09-30,0.8888888888888888,32.33171875,1133652.921875
2011-06-30,O,USD,726728,2011-08-01,2011-07-29 21:54:00,2011,Q2,102626000.0,1656000.0,100970000.0,0.9838637382,0,7987000.0,0.0,7987000.0,29001000.0,37356000.0,39012000.0,0.0,25647000.0,29001000.0,92036000.0,0.8968097753,38335000.0,0.3735408181,-25647000.0,38335000.0,0.3735408181,368000.0,33185000.0,0.3233586031,0.26,0.26,125999323,126202047,https://www.sec.gov/Archives/edgar/data/726728/000072672811000052/0000726728-11-000052-index.htm,https://www.sec.gov/Archives/edgar/data/726728/000072672811000052/riq211_10q.htm,0.814496439794363,0.2633744309880141,0.7574802604296532,0.7574802604296532,1.23549076529562,16.595271706340835,16.45871541706617,16.595271706340835,14.565578261083196,4086158044.89,5740093044.889999,30.783170445155942,39.81601197445091,42.81299684509965,42.81299684509964,1.9541710779950003,1.9541710779950003,55.93215213386471,62.36791087063757,60.14221249439449,60.14221249439449,0.0081213207211845,0.0233573931677352,0.8654290090880266,0.4534156775166854,17.970522404276586,2.301835166657454,1.494716731001677,2.4999214207135,0.0149460689794841,1.8403495555220728,0.0778262818389102,0.0,0.0043111429489911,0.0,0.0,0.0,-0.0167111648120359,9.91677016280264,0.0096886994604573,0.0083508499446506,-13.779556180631223,94206000.0,2073787000.0,-1733490000.0,3744475000.0,10702500.0,15145500.0,0.0,9.55810418412488,1033.695652173913,0.0,9.416093219561429,0.0870662460567823,0.0,0.0158704500684602,0.0,2011-07-28,0.27,amc,104365384.0,2025-04-25,2011-06-30,0.7777777777777776,33.45095238095238,719888.7301587302
2011-03-31,O,USD,726728,2011-04-28,2011-04-28 17:27:49,2011,Q1,97756000.0,1983000.0,95773000.0,0.9797148001,0,0.0,0.0,7870000.0,26810000.0,34680000.0,36663000.0,0.0,25122000.0,26810000.0,87903000.0,0.8992082327,61093000.0,0.624953967,-25122000.0,35971000.0,0.3679671836,368000.0,29936000.0,0.3062318425,0.25,0.25,118960878,119109044,https://www.sec.gov/Archives/edgar/data/726728/000072672811000034/0000726728-11-000034-index.htm,https://www.sec.gov/Archives/edgar/data/726728/000072672811000034/riq0311_10q.htm,0.8217491468077429,0.2516457553381541,0.3490727430575958,0.0795135355339257,1.0903332438417277,17.738167668870098,17.102967246089086,17.738167668870098,13.660978527747584,4025636111.520001,5495929111.52,33.618687462586855,41.180450422685055,96.94254470741224,425.5879174881066,1.907750599256545,1.907750599256545,56.22088783829126,62.52265692319944,132.34910926937343,581.0264416449942,0.0074363402877705,0.0023496907663689,0.7582406542100365,0.4243406012269808,16.726311957498606,3.175113224637681,2.431852559509593,1.166362385192259,0.0142054568311212,1.9102752538749328,0.0,0.0,0.0200405457444472,0.7722149978326831,0.3280310159990179,1.196083550913838,-0.0223004214575064,10.021677929883891,0.0162269362402009,0.0081017766750239,-12.801027746281427,96053000.0,2034584000.0,-1520195000.0,3664526000.0,10903500.0,12525000.0,0.0,9.672449772903963,511.5431164901664,0.0,9.3047782219684,0.1759382486026084,0.0,0.0141866826402697,0.2695592075236701,2011-04-28,0.27,amc,104436000.0,2025-04-25,2011-03-31,0.8148148148148147,33.53354838709677,853144.5
2010-12-31,O,USD,726728,2011-02-10,2011-02-10 17:28:04,2010,Q4,91786000.0,1977000.0,89809000.0,0.9784607674,0,0.0,0.0,5785000.0,24002000.0,29787000.0,31764000.0,0.0,25131000.0,24892000.0,84107000.0,0.9163380036,60022000.0,0.6539341512,-25938000.0,0.0,0.0,21338000.0,31814000.0,0.3466105942,0.32,0.32,118960878,118960878,https://www.sec.gov/Archives/edgar/data/726728/000072672811000013/0000726728-11-000013-index.htm,https://www.sec.gov/Archives/edgar/data/726728/000072672811000013/ri10k_2010yt.htm,0.7715645810885827,0.2674324579211663,0.7280292601740885,0.7280292601740885,0.1480066413094227,15.525818496396774,15.160765709883211,15.525818496396774,13.661054182871784,3939984279.36,5522377279.36,30.96108850946124,42.92576514239644,45.49267702795385,45.49267702795385,2.133220867401385,2.133220867401385,60.165790854378656,65.65894966364273,63.7636366501553,63.7636366501553,0.0080746515072815,0.0219815597878649,0.8662860422368589,0.4525411600326961,18.814046393284745,0.4375359467231724,2.3883649675699337,2.6492612645682296,0.0136708667296381,1.693059659269504,0.0,0.0,0.0122828155979624,0.0,0.0,0.0,0.0,9.665527690659683,,0.0091101131304581,-13.975537823451504,-37162000.0,1803538000.0,-1659717000.0,3407512000.0,10849500.0,20312500.0,0.0,11.08110169306866,627.2685887708649,0.0,8.121936111848509,0.1434792074896581,0.0,0.0172250150923271,0.0,2011-02-10,0.26,bmo,73337931.0,2025-04-25,2010-12-31,0.8076923076923075,33.19375,886461.671875
2010-09-30,O,USD,726728,2010-10-28,2010-10-28 17:09:02,2010,Q3,87173000.0,1763000.0,85410000.0,0.979775848,0,6165000.0,0.0,6165000.0,24435000.0,30265000.0,32028000.0,0.0,25135000.0,24100000.0,78926000.0,0.9053950191,29675000.0,0.3404150368,-25135000.0,30010000.0,0.3442579698,335000.0,25591000.0,0.2935656683,0.25,0.25,103830029,103977023,https://www.sec.gov/Archives/edgar/data/726728/000072672810000077/0000726728-10-000077-index.htm,https://www.sec.gov/Archives/edgar/data/726728/000072672810000077/riq0910_10q.htm,0.8395740696557062,0.2464701228196709,0.4453913809462578,0.4453913809462578,1.4984297076523017,15.66968646421162,15.503973325481784,15.66968646421162,15.651878513873864,3390050446.85,4834468446.85,33.117604302782226,38.88876655443772,73.30631304681587,73.30631304681587,2.0836409250797794,2.0836409250797794,55.45832364206807,61.253179520690274,104.540349158828,104.540349158828,0.0075488552165289,0.0136413899217843,0.9834147109006603,0.4869832422979034,18.30091478093404,2.834842015371477,1.1806246270141236,1.460952802173501,0.0150702772129752,1.996365909890196,0.0707214389776651,0.0,0.005236896041861,0.0,0.0,0.0,-0.0154520321659229,9.321880969849884,0.0090932398756251,0.0078299974788332,-14.400164522731666,107430000.0,1609778000.0,-1492570000.0,3164358000.0,10260500.0,19584500.0,0.0,10.735204707879731,1370.4707884288143,0.0,8.383631467589922,0.0656708634433435,0.0,0.0157291036666617,0.0,2010-10-27,0.24,amc,83040000.0,2025-04-25,2010-09-30,0.9166666666666669,31.5171875,769125.5625
2010-06-30,O,USD,726728,2010-07-29,2010-07-29 17:11:56,2010,Q2,83466000.0,1684000.0,81782000.0,0.97982412,0,6650000.0,0.0,6650000.0,23801000.0,30451000.0,32135000.0,0.0,21576000.0,23524000.0,74101000.0,0.8877986246,29755000.0,0.356492464,-21576000.0,31048000.0,0.3719838018,21576000.0,24985000.0,0.2993434452,0.24,0.24,103612454,103765828,https://www.sec.gov/Archives/edgar/data/726728/000072672810000060/0000726728-10-000060-index.htm,https://www.sec.gov/Archives/edgar/data/726728/000072672810000060/riq0610_10q.htm,0.8055595324477114,0.2411389657849431,0.7140936937947633,0.7140936937947633,0.0084159767126063,13.985722218296267,13.819661099813349,13.985722218296267,15.910017921204725,3043097773.98,4669125773.98,30.449247288172906,36.45913035223924,41.12905667031586,41.129056670315855,2.0999988088979675,2.0999988088979675,55.94045208803584,63.01029370696751,63.10567481625647,63.10567481625647,0.0082103835813736,0.0243137110587253,1.122700720104617,0.5176009455467516,21.94340157352802,0.1335884818662292,1.379078605858361,2.3830520484411237,0.0167506941235516,2.04018411046628,0.0796731603287566,0.0,0.0054741175665851,0.0,0.0,0.0,-0.0205472887163635,8.710987791760353,0.0029398548189914,0.0079927727547698,-16.268273599619597,-71310000.0,1431889000.0,-1683065000.0,3001969000.0,9820000.0,15861500.0,0.0,10.915462583566962,658.5926365795725,0.0,8.24518423392275,0.1366550352998458,0.0,0.01724179574148,0.0,2010-07-28,0.24,amc,82300000.0,2025-04-25,2010-06-30,0.8750000000000001,30.59793650793651,795416.6507936508
2010-03-31,O,USD,726728,2010-04-29,2010-04-29 17:12:37,2010,Q1,83265000.0,2176000.0,81089000.0,0.9738665706,0,97000.0,6614000.0,6711000.0,23532000.0,32142000.0,32142000.0,0.0,21395000.0,23255000.0,73936000.0,0.8879601273,50846000.0,0.6106527352,-21395000.0,29728000.0,0.3570287636,277000.0,24142000.0,0.2899417522,0.23,0.23,103606241,103686440,https://www.sec.gov/Archives/edgar/data/726728/000072672810000028/0000726728-10-000028-index.htm,https://www.sec.gov/Archives/edgar/data/726728/000072672810000028/riq110_10q.htm,0.803667802212803,0.2330168507899056,0.3525559816420711,0.0754201670148422,0.0081944870483236,14.16361587715551,13.9975448004141,14.16361587715551,13.621718019863302,3079177482.52,4468228482.52,31.886105982520085,36.98045376232511,84.29866899882279,394.0590584233427,2.0983342288981004,2.0983342288981004,53.6627452413379,60.43373299231769,122.32673043283052,571.8234556590735,0.007840405477453,0.0025376906801763,0.9471603248925508,0.4783351911740463,18.787207855442546,0.1174431251699447,2.37653657396588,1.2402634885063326,0.0165066808550454,2.105335100654461,0.0011649552633159,0.0,0.005921458593669,0.7860760533304131,0.3448387677895874,1.2347022145775102,-0.0211493424608178,8.617315490835031,0.0176290689994777,0.0083579799459719,-13.80493333408361,-77898000.0,1450233000.0,-1427898000.0,2760797000.0,9956500.0,28922500.0,0.0,10.286795172041074,802.3897058823529,0.0,8.749080592623725,0.1121649484536082,0.0,0.0164517911817799,0.2771358146272288,2010-04-28,0.25,amc,89673913.0,2025-04-25,2010-03-31,0.8400000000000001,27.257213114754094,892302.524590164
2009-12-31,O,USD,726728,2010-02-11,2010-02-11 17:17:43,2009,Q4,81397000.0,6914000.0,74483000.0,0.9150582945,0,0.0,0.0,5084000.0,16948000.0,22032000.0,28946000.0,0.0,21377000.0,22667000.0,75118000.0,0.9228595648,52451000.0,0.6443849282,0.0,0.0,0.0,17120000.0,29268000.0,0.3595709916,0.34,0.34,103606241,103606241,https://www.sec.gov/Archives/edgar/data/726728/000072672810000017/0000726728-10-000017-index.htm,https://www.sec.gov/Archives/edgar/data/726728/000072672810000017/ri10k_2009yt.htm,0.7856380003208494,0.2824926347824935,0.751721124599048,0.751721124599048,0.0967702322102391,14.362156040387568,14.196084963646156,14.362156040387568,13.28083121942432,2599480586.69,3944054586.69,22.20411871916427,31.93582793825325,33.37673929727925,33.37673929727925,1.7469521936292052,1.7469521936292052,48.45454484428173,52.50478695771986,50.6407635387697,50.6407635387697,0.0112591723707649,0.0299609854363909,0.9103439562529528,0.4647337867226662,17.899491466758967,0.3688212241064817,2.453618374888899,2.2043814214146216,0.0708106846200314,6.289155391553916,0.0,0.0,0.0059030042332424,0.0,0.0,0.0,0.0,9.554426946324082,,0.0101008392862874,-13.599132507857322,-34949000.0,1470803000.0,-1406356000.0,2799139000.0,9989000.0,19222500.0,0.0,11.494772534614295,500.4411339311542,0.0,7.829646017699115,0.1798413317726622,0.0,0.0196692358715572,0.0,2010-02-10,0.24,amc,69685714.0,2025-04-25,2009-12-31,0.9166666666666669,23.99453125,1373190.84375
2009-09-30,O,USD,726728,2009-10-29,2009-10-29 17:30:30,2009,Q3,81961000.0,2103000.0,79858000.0,0.9743414551,0,4906000.0,0.0,4906000.0,24632000.0,29538000.0,29538000.0,0.0,21374000.0,22930000.0,75011000.0,0.9152035724,52423000.0,0.6396090824,-19271000.0,33152000.0,0.40448506,21374000.0,27089000.0,0.3305108527,0.26,0.26,103470512,103481892,https://www.sec.gov/Archives/edgar/data/726728/000072672809000062/0000726728-09-000062-index.htm,https://www.sec.gov/Archives/edgar/data/726728/000072672809000062/riq309_10q.htm,0.7921194011294734,0.2618040587254463,0.4060577181641857,0.4060577181641857,0.1936976981422494,14.5201659000199,14.353876977046369,14.5201659000199,13.25376644507181,2570207518.08,3900165518.08,23.72002951456311,31.35890872585741,61.173569393787936,61.17356939378793,1.7107242555655615,1.7107242555655615,47.585626311050376,51.99458103584807,92.82793093133404,92.82793093133404,0.0105396158907184,0.0163469290726322,0.89855691759035,0.4652966265994571,17.730172907973497,0.6049912183964383,2.4526527556844764,1.2673443532818534,0.0196886825845884,1.8680645280372103,0.059857737216481,0.0,0.005930291672052,0.0,0.0,0.0,-0.0135918302607337,9.24837084219814,0.0065293791604769,0.0093923067614969,-13.257279523271324,-19342000.0,1485203000.0,-1369342000.0,2798366000.0,10000500.0,18278500.0,0.0,10.521833554983468,0.0,0.0,8.553642245877688,0.0,0.0,0.0180303765485962,0.0,2009-10-28,0.23,bmo,71565384.0,2025-04-25,2009-09-30,1.043478260869565,23.56640625,1528230.109375
2009-06-30,O,USD,726728,2009-07-30,2009-07-30 17:22:58,2009,Q2,81638000.0,1884000.0,79754000.0,0.9769225116,0,83000.0,4923000.0,5006000.0,23269000.0,30159000.0,30159000.0,0.0,21367000.0,22961000.0,74440000.0,0.9118302751,51479000.0,0.6305764472,-21427000.0,0.0,0.0,18919000.0,26497000.0,0.3245669909,0.26,0.26,103446949,103450457,https://www.sec.gov/Archives/edgar/data/726728/000072672809000049/0000726728-09-000049-index.htm,https://www.sec.gov/Archives/edgar/data/726728/000072672809000049/riq209_10q.htm,0.7891774555864378,0.2561409520158975,0.6881884936016818,0.6881884936016818,0.346293441675114,14.682279319808648,14.515952519779002,14.682279319808648,13.256717701746815,2196178727.27,3510355727.27,20.721013013454357,26.901427365565056,30.84910630936495,30.84910630936495,1.44596077608723,1.44596077608723,42.99904122185747,47.15684749153681,49.30898185543116,49.30898185543116,0.012065047198111,0.0324158499105832,0.8888379727383517,0.4603489513250889,17.654177861364857,0.7256948258815775,2.4092759863340665,2.186455773955774,0.0230072349634356,1.9069328603238105,0.0010166834072368,0.0,0.005867232634444,0.0,0.0,0.0,-0.0209338788309365,9.19872233310855,,0.0090887824180407,-13.244312792637317,-17479000.0,1501631000.0,-1367479000.0,2815044000.0,10270500.0,27208500.0,0.0,11.486195154217398,1746.3535031847134,0.0,7.835492849601689,0.0515359575457504,0.0,0.0174455850101097,0.0,2009-07-29,0.23,amc,71300000.0,2025-04-25,2009-06-30,1.0,20.93777777777777,2659160.1904761903
2009-03-31,O,USD,726728,2009-04-30,2009-04-30 17:27:05,2009,Q1,82894000.0,2233000.0,80661000.0,0.9730619828,0,0.0,0.0,5950000.0,23254000.0,29204000.0,31437000.0,0.0,21410000.0,22951000.0,74408000.0,0.8976282964,51457000.0,0.6207566289,0.0,0.0,0.0,21373000.0,24021000.0,0.2897797187,0.23,0.23,103439114,103445044,https://www.sec.gov/Archives/edgar/data/726728/000072672809000032/0000726728-09-000032-index.htm,https://www.sec.gov/Archives/edgar/data/726728/000072672809000032/ricq109_10q.htm,0.8013796405874087,0.232223566802786,0.3443378294984235,0.3207587412243303,0.1009096036920811,14.84394964945272,14.677610250992675,14.84394964945272,13.25813753586482,1884660657.08,3224222657.08,19.61471896548853,22.73579097498009,52.913152256724125,56.80281675397088,1.2274361224791508,1.2274361224791508,38.89573017443964,43.33166671701967,90.52228247178392,97.17660740468368,0.0127455305599772,0.0176047607697217,0.8792239383370944,0.4604945165336292,18.00292979249543,0.4451565409431429,2.403409621672116,1.1854095250773788,0.0267554797255257,2.0992048624120563,0.0,0.0,0.0058690878899834,0.0684766129485091,0.0294231186816898,0.1062698793080911,-0.0137886939947402,8.806820424723654,,0.0082421060758125,-13.323359478891128,-25626000.0,1518239000.0,-1375626000.0,2831958000.0,10373000.0,8930000.0,0.0,10.989697686201657,719.8387819077475,0.0,8.189488243430151,0.1250279955207167,0.0,0.015644324609478,0.0235790882740932,2009-04-29,0.25,bmo,89673913.0,2025-04-25,2009-03-31,-0.0799999999999999,17.997377049180326,3050250.5081967213
2008-12-31,O,USD,726728,2009-02-12,2009-02-12 17:38:57,2008,Q4,82668000.0,0.0,82668000.0,1.0,0,0.0,0.0,5054000.0,24955000.0,30009000.0,30009000.0,0.0,22726000.0,24017000.0,76676000.0,0.9275172981,52659000.0,0.6369937582,0.0,0.0,0.0,18328000.0,28268000.0,0.3419460976,0.33,0.33,103439114,103439114,https://www.sec.gov/Archives/edgar/data/726728/000072672809000015/0000726728-09-000015-index.htm,https://www.sec.gov/Archives/edgar/data/726728/000072672809000015/ric10k_2008yr.htm,0.7991947804193296,0.2732815364215126,0.695172234363879,0.695172234363879,0.4525850830470184,15.029720768876656,14.86338137041661,15.029720768876656,13.464210453310727,2319104935.88,3642289935.88,20.509984221381067,28.053236268931148,32.251000387717646,32.25100038771764,1.4917110134492344,1.4917110134492344,44.059248268737605,47.50234670405342,50.65208232574957,50.65208232574957,0.0121891853890059,0.0310067901143567,0.8812210507628351,0.4575544748660651,17.256833950649487,0.0,2.3171257590425065,2.402298466575352,0.0216458510450936,1.7758242535729447,0.0,0.0,0.0057464834266755,0.0,0.0,0.0,0.0,9.613285943597068,,0.0094955513536736,-13.38695727807568,57439000.0,1537455000.0,-1382079000.0,2936798000.0,9741000.0,0.0,0.0,11.566265060240964,0.0,0.0,7.78125,0.0,0.0,0.0181827420897546,0.0,2009-02-11,0.24,bmo,73066666.0,2025-04-25,2008-12-31,0.1250000000000001,20.75625,2415198.984375
2008-09-30,O,USD,726728,2008-10-31,2008-10-30 17:44:19,2008,Q3,82535000.0,0.0,82535000.0,1.0,0,110000.0,4987000.0,5097000.0,24955000.0,30052000.0,30052000.0,0.0,23915000.0,22869000.0,75352000.0,0.912970255,52483000.0,0.6358878052,-24064000.0,0.0,0.0,17786000.0,28634000.0,0.3469316048,0.29,0.29,100362872,100420070,https://www.sec.gov/Archives/edgar/data/726728/000072672808000040/0000726728-08-000040-index.htm,https://www.sec.gov/Archives/edgar/data/726728/000072672808000040/ricq308_10q.htm,0.8223658645400264,0.2853047090960091,0.4489209914200143,0.4489209914200143,1.121550208328036,15.6394886746565,15.468050774792497,15.6394886746565,14.885136009260476,2487995596.88,3845433596.88,21.722389439826777,30.144733711516327,55.22129834380202,55.22129834380202,1.5850901852163322,1.5850901852163322,46.591550213606354,51.03293339101816,85.3497635529908,85.3497635529908,0.0115088628114566,0.0181089548777738,0.9365300224767206,0.4757079877843366,18.0146246947659,141.19480519480518,2.194564081120636,1.552710480063411,0.0310478845287625,2.697736956066215,0.0013327679166414,0.0,0.005568048733209,0.0,0.0,0.0,-0.010032107590719,10.019752729059588,,0.009318157781267,-13.962349542966448,43180000.0,1552418000.0,-1477019000.0,2937421000.0,8994000.0,0.0,0.0,9.65917489549888,0.0,0.0,9.317566041995937,0.0,0.0,0.0182425854854411,0.0,2008-10-29,0.24,bmo,67282758.0,2025-04-25,2008-09-30,0.2083333333333333,24.43,1200018.328125
2008-06-30,O,USD,726728,2008-07-31,2008-07-31 17:28:42,2008,Q2,82432000.0,1086000.0,81346000.0,0.9868255047,0,126000.0,5798000.0,5924000.0,24227000.0,30151000.0,30151000.0,0.0,23929000.0,22870000.0,74834000.0,0.9078270575,52281000.0,0.6342318517,0.0,0.0,0.0,19276000.0,26988000.0,0.3273971273,0.27,0.27,100346512,100394431,https://www.sec.gov/Archives/edgar/data/726728/000072672808000032/0000726728-08-000032-index.htm,https://www.sec.gov/Archives/edgar/data/726728/000072672808000032/ricq208_10q.htm,0.8214734957603709,0.268948062689015,0.8079902169394787,0.8079902169394787,0.3923703895158807,15.031125346937818,14.859659496684849,15.031125346937818,14.887702324919871,2211637124.48,3642264124.48,20.487226957166147,26.829837010869564,27.27755799257514,27.277557992575144,1.466290746121018,1.466290746121018,44.18507526785714,48.67124735387658,44.92241054379063,44.92241054379063,0.0122027251673781,0.0366601731823719,0.974593604411793,0.4830859133790808,19.117339711895664,372.2018348623853,2.1848384805048267,2.884655068132494,0.0216219919039582,1.7718986216096042,0.0015285326086956,0.0,0.0056544055956465,0.0,0.0,0.0,-0.0166682841614906,9.537207188015271,,0.0089194974701981,-14.832558405218908,80922000.0,1491115000.0,-1453476000.0,3012562000.0,8721000.0,0.0,0.0,9.968216226708076,0.0,0.0,9.02869660460022,0.0,0.0,0.0178927429903846,0.0,2008-07-30,0.25,bmo,75648148.0,2025-04-25,2008-06-30,0.08,24.1496875,1020899.703125
2008-03-31,O,USD,726728,2008-05-02,2008-05-01 17:34:50,2008,Q1,83423000.0,1216000.0,82207000.0,0.9854236841,0,0.0,0.0,5544000.0,24621000.0,30165000.0,30165000.0,0.0,23386000.0,22960000.0,76218000.0,0.913632931,53258000.0,0.6384090718,-23268000.0,30187000.0,0.3618546444,398000.0,23698000.0,0.2840703403,0.24,0.24,100280264,100365576,https://www.sec.gov/Archives/edgar/data/726728/000072672808000014/0000726728-08-000014-index.htm,https://www.sec.gov/Archives/edgar/data/726728/000072672808000014/ricq108_10q.htm,0.8318984880215313,0.2363176865988306,0.4797853344303122,-1.3256945554112225,0.1330570888804201,15.170352961974652,14.998773836494886,15.170352961974652,14.892122741120826,2487953349.84,3944610349.84,26.24644853827327,29.823350273186048,51.71062602290441,-18.71471818205068,1.6354266813822769,1.6354266813822769,47.28444613403977,51.75431459550237,81.98637270259597,-29.67188715174401,0.0095250982103519,-0.0534338797021855,0.9662870977008284,0.4836379045779124,19.111719016505287,0.0,2.2773454203369536,1.6151263889355132,0.0191390244527946,2.009325681492109,0.0,0.0,0.0056608665212024,3.7630993702325775,2.1703127434880067,7.885627177700348,0.0,8.981258883329513,1.8199259222862072,0.0078411571745363,-14.944117019875415,21655000.0,1504081000.0,-1496522000.0,3004850000.0,7727000.0,0.0,0.0,8.967311173177661,0.0,0.0,10.03645332050048,0.0,0.0,0.015577599755996,1.8054798898415343,2008-04-30,0.27,bmo,92925000.0,2025-04-25,2008-03-31,-0.1111111111111112,23.18114754098361,1902914.9672131147
2007-12-31,O,USD,726728,2008-02-15,2008-02-14 17:58:16,2007,Q4,80616000.0,0.0,80616000.0,1.0,0,0.0,0.0,5475000.0,22373000.0,27848000.0,27848000.0,0.0,0.0,21060000.0,73828000.0,0.9157983527,52768000.0,0.6545598889,-22275000.0,30493000.0,0.3782499752,444000.0,33176000.0,0.4115312097,0.33,0.33,100280264,100280264,https://www.sec.gov/Archives/edgar/data/726728/000114036108004298/0001140361-08-004298-index.htm,https://www.sec.gov/Archives/edgar/data/726728/000114036108004298/ric10k_2007yr.htm,0.8039069382585591,0.3308327947760489,0.9903643652154726,-0.2975760015948901,1.92561319942277,15.337933294631137,15.16635416915137,15.337933294631137,14.65891633472365,2624334508.88,3901233508.88,19.77585083252954,32.55351926267738,26.424617968060897,-87.94391973727423,1.7062272665614282,1.7062272665614282,48.39279434454699,52.84219413880913,39.281808293694745,-130.7340072008311,0.0126416811148662,-0.0113708827510466,0.9557295662418112,0.477683410932516,17.29559245814596,0.0,0.0,3.305068388299111,0.0180388589334991,1.4269351338316856,0.0,0.0,0.0055911705908196,1.3004712326560204,1.6021013198372531,6.132716049382716,0.0,10.685109035658323,0.2391349695217642,0.0108413128001082,-13.370552155706331,200243000.0,1520886000.0,-1339017000.0,3041704000.0,6620000.0,0.0,0.0,7.973355165227746,0.0,0.0,11.28759451134136,0.0,0.0,0.0215695810133594,1.2879403668103626,2008-02-13,0.31,bmo,103462500.0,2025-04-25,2007-12-31,-0.2258064516129032,27.62078125,1151351.9375
2007-09-30,O,USD,726728,2007-11-02,2007-11-01 19:14:31,2007,Q3,74089000.0,0.0,74089000.0,1.0,0,0.0,0.0,6290000.0,20733000.0,27023000.0,27023000.0,0.0,16163000.0,19489000.0,68964000.0,0.9308264385,47066000.0,0.6352629945,-15381000.0,31253000.0,0.4218305012,350000.0,33973000.0,0.4585431036,0.34,0.34,100187901,100252953,https://www.sec.gov/Archives/edgar/data/726728/000072672807000018/0000726728-07-000018-index.htm,https://www.sec.gov/Archives/edgar/data/726728/000072672807000018/ricq307_10q.htm,0.7395004712195737,0.3390928411605309,0.4651060610602072,-2.302134266691544,2.661439129261726,15.484903711077848,15.313166407189229,15.484903711077848,14.833757221842584,2792236800.87,3995592800.87,20.547470056147528,37.6876027597889,59.92181640563973,-12.106157491870658,1.799817455762537,1.799817455762537,53.929635990093,57.93737023476017,85.74601486909309,-17.323486212073913,0.0121669480143714,-0.0826025929921616,0.947531262085858,0.4778526666454287,17.44904587900934,0.0,2.911959413475221,1.5125292131913788,0.0163245466809253,1.3417125364259854,0.0,0.0,0.0055931516886403,5.94969741190609,3.742039978944242,14.225665760172404,0.0,10.869381301433368,0.1662757204634161,0.0111057136580696,-12.512933073625328,272742000.0,1534194000.0,-1252120000.0,3036148000.0,6058500.0,0.0,0.0,7.407577373159309,0.0,0.0,12.149721220072156,0.0,0.0,0.0218982854196209,2.767240327751751,2007-10-31,0.31,bmo,91140000.0,2025-04-25,2007-09-30,-0.1935483870967742,25.482857142857146,911120.2698412698
2007-06-30,O,USD,726728,2007-08-02,2007-08-02 17:30:15,2007,Q2,70693000.0,0.0,70693000.0,1.0,0,179000.0,5659000.0,5838000.0,19835000.0,25673000.0,25673000.0,0.0,13029000.0,18518000.0,63538000.0,0.8987877159,45020000.0,0.6368381594,-12418000.0,32344000.0,0.4575276194,353000.0,30873000.0,0.4367193357,0.31,0.31,100133094,100246112,https://www.sec.gov/Archives/edgar/data/726728/000072672807000010/0000726728-07-000010-index.htm,https://www.sec.gov/Archives/edgar/data/726728/000072672807000010/riq207_10q.htm,0.7059903691780461,0.308319645051615,1.1774928276959065,0.7802814921508368,0.0890215177012307,15.609304951667628,15.437473648821838,15.609304951667628,9.417755532451638,2442246162.66,3363332162.66,19.776553644446604,34.54721348167428,20.713501964785507,31.257950169712792,1.562529534500143,1.562529534500143,47.57659404269164,52.93418368000252,28.52553867199294,43.04679468924384,0.0126412318594348,0.0319918610967952,0.595006551469986,0.365437904634067,14.496616198180616,0.0,3.4553687926932226,3.68559907473977,0.0182610584804545,1.4445632105723447,0.0025320753115584,0.0,0.0067609941797137,0.337336522314386,0.5626299633627092,2.14785613997192,0.0,10.405995658730262,2.002007691882891,0.012213937965396,-9.671685067476291,14933000.0,1545802000.0,-966951000.0,2512636000.0,5829000.0,0.0,0.0,7.662852050415176,0.0,0.0,11.744974248213987,0.0,0.0,0.019752298132831,0.3972113355450696,2007-08-01,0.29,bmo,77742307.0,2025-04-25,2007-06-30,-0.1034482758620688,26.386984126984128,628145.0793650794
2007-03-31,O,USD,726728,2007-05-03,2007-05-03 17:22:04,2007,Q1,71301000.0,0.0,71301000.0,1.0,0,103000.0,4988000.0,5091000.0,19255000.0,24346000.0,24346000.0,0.0,0.0,18125000.0,65080000.0,0.9127501718,46955000.0,0.6585461634,-12285000.0,34780000.0,0.4877911951,245000.0,30260000.0,0.4243979748,0.3,0.3,100054868,100276300,https://www.sec.gov/Archives/edgar/data/726728/000110465907035476/0001104659-07-035476-index.htm,https://www.sec.gov/Archives/edgar/data/726728/000110465907035476/a07-10729_110q.htm,0.7126190002069664,0.302434060479696,0.5432119504670178,-0.0682925292550483,0.0539603930115624,15.68101614006427,15.509050494174856,15.68101614006427,9.652703754503978,2732498445.08,3692899445.08,22.575168911764703,38.323423866144935,50.27503532740888,-399.8973284179716,1.741596319783398,1.741596319783398,51.79309469825108,56.74399884880148,67.94538177917609,-540.4506724835358,0.0110741142614315,-0.0025006418621401,0.6155662151154713,0.3750223759209075,14.757237246465888,0.0,0.0,1.5737947010279427,0.0163667064771891,1.4779246530072705,0.0014445800199155,0.0,0.0066811296335629,1.1257198579602952,0.8581085819273222,3.3756689655172414,0.0,10.329842744832272,2.519275728721206,0.0118290595350389,-9.961761680601088,11038000.0,1551756000.0,-995313000.0,2539491000.0,5796000.0,0.0,0.0,7.117852484537384,0.0,0.0,12.644263167228232,0.0,0.0,0.01928663664257,0.6115044797220661,2007-05-02,0.3,bmo,75964285.0,2025-04-25,2007-03-31,-0.0666666666666665,27.299508196721312,549048.868852459
2006-12-31,O,USD,726728,2007-02-21,2007-02-21 16:13:37,2006,Q4,69108000.0,0.0,69108000.0,1.0,0,0.0,0.0,4856000.0,17727000.0,22583000.0,22583000.0,0.0,0.0,16531000.0,63056000.0,0.912426926,46525000.0,0.6732216241,-13517000.0,33008000.0,0.477629218,189000.0,28386000.0,0.4107483938,0.33,0.33,98258373,100054868,https://www.sec.gov/Archives/edgar/data/726728/000110465907012727/0001104659-07-012727-index.htm,https://www.sec.gov/Archives/edgar/data/726728/000110465907012727/a07-4922_110k.htm,0.7033293742814162,0.2888914108113717,-0.4162189821726439,-4.584443912988464,0.1076040613861986,16.039264155127015,15.864154396287429,16.039264155127015,9.36306975080892,2635289563.86,3544716563.86,23.209412772669623,38.13291607136656,-64.4372341213292,-5.8502188071304895,1.672146536188001,1.672146536188001,51.29242003617527,56.21537306299163,-86.67424417096609,-7.869103946765529,0.0107714918274187,-0.1709337775163483,0.5837593084228854,0.3612790535117109,14.422529180411065,0.0,0.0,-1.2461379079191932,0.0149558517365622,1.388466145282886,0.0,0.0,0.0067567036899157,-10.014499841064136,5.926419517277305,24.77545218075132,0.0,10.21058897069094,1.371356670740005,0.0112228591129094,-9.724140761011787,16526000.0,1558786000.0,-953990000.0,2518813000.0,5611500.0,0.0,0.0,7.7526480291717315,0.0,0.0,11.608936670586258,0.0,0.0,0.0180115127487956,4.16822493081582,2007-02-14,0.3,bmo,71379310.0,2025-04-25,2006-12-31,-0.0333333333333333,25.896031746031746,619864.6825396825
2006-09-30,O,USD,726728,2006-11-06,2006-11-06 17:10:30,2006,Q3,59307000.0,0.0,59307000.0,1.0,0,0.0,0.0,4083000.0,15524000.0,19607000.0,19607000.0,0.0,0.0,14637000.0,52643000.0,0.8876355236,39700000.0,0.6693982161,-12346000.0,25711000.0,0.4335238673,96000.0,24207000.0,0.4081642976,0.27,0.27,89166429,89267138,https://www.sec.gov/Archives/edgar/data/726728/000110465906071734/0001104659-06-071734-index.htm,https://www.sec.gov/Archives/edgar/data/726728/000110465906071734/a06-21579_110q.htm,0.6651270064880584,0.2714810974430747,0.4831975496069266,-0.628554946391315,1.2714875011984612,13.432880664089396,13.239915663775207,13.432880664089396,10.31778451058077,2133752645.97,2940378645.9700003,22.036525033771223,35.97809105114067,49.52425776882906,-38.07145284177283,1.781449608494843,1.781449608494843,49.57894761107458,55.85507372243224,68.24599387188117,-52.46366638065161,0.0113448013975375,-0.0262663997656211,0.7680991716217412,0.4258884635147834,15.322569002526452,0.0,0.0,1.6797925845062185,0.0161494820241148,1.4235138596273804,0.0,0.0,0.0079650401122123,2.300823952651735,1.671489031648878,6.772631003620961,0.0,9.05827779721118,0.3122844916889145,0.0112959312808681,-9.477799094096277,118644000.0,1180556000.0,-843784000.0,2132004000.0,5042000.0,0.0,0.0,7.997369619100612,0.0,0.0,11.25370018975332,0.0,0.0,0.020210192008095,1.1117524959982417,2006-11-03,0.28,bmo,63543214.0,2025-04-25,2006-09-30,-0.0714285714285714,22.90825396825397,467994.3333333333
2006-06-30,O,USD,726728,2006-08-03,2006-08-03 14:01:04,2006,Q2,56504000.0,0.0,56504000.0,1.0,0,0.0,0.0,4355000.0,15717000.0,20072000.0,20072000.0,0.0,0.0,14773000.0,51199000.0,0.9061128416,36432000.0,0.644768512,-11684000.0,24733000.0,0.4377212233,231000.0,24289000.0,0.4298633725,0.28,0.27,88305175,88466024,https://www.sec.gov/Archives/edgar/data/726728/000110465906051091/0001104659-06-051091-index.htm,https://www.sec.gov/Archives/edgar/data/726728/000110465906051091/a06-15229_110q.htm,0.6398718987873587,0.275057492383657,0.5234800791686332,-0.1352468867198326,0.1216916222633611,12.426157357142433,12.231310339399702,12.426157357142433,9.481890500754911,1872952761.75,2699506761.75,19.27778790553337,33.147259694003964,40.517301123826414,-156.82431229590554,1.7068832616873872,1.7068832616873872,47.77549840276794,52.72577124064923,58.3980176037295,-226.03255143180107,0.0129682928988051,-0.0063765623158808,0.763058943182046,0.4238212550434121,16.143948123986796,0.0,0.0,2.0355806068078737,0.0179353161948479,1.3830128864918276,0.0,0.0,0.0087092661104466,1.258361095487388,1.0294669403936003,3.937521153455629,0.0,8.769431159371592,1.520996851200353,0.0124025284021423,-9.783645182742688,15560000.0,1080088000.0,-862743000.0,1949443000.0,4703500.0,0.0,0.0,7.66777573269149,0.0,0.0,11.73743248857499,0.0,0.0,0.0221353620816299,0.6587269658884658,2006-08-02,0.28,bmo,58522000.0,2025-04-25,2006-06-30,-0.0357142857142857,21.61492063492064,368912.1111111111
2006-03-31,O,USD,726728,2006-05-05,2006-05-04 17:40:40,2006,Q1,55315000.0,0.0,55315000.0,1.0,0,0.0,0.0,4245000.0,41017000.0,45262000.0,45262000.0,0.0,0.0,13551000.0,23604000.0,0.4267196963,10053000.0,0.1817409383,13429000.0,23482000.0,0.4245141463,231000.0,22537000.0,0.4074301726,0.27,0.27,83208660,83412391,https://www.sec.gov/Archives/edgar/data/726728/000110465906031269/0001104659-06-031269-index.htm,https://www.sec.gov/Archives/edgar/data/726728/000110465906031269/a06-9299_110q.htm,0.6647745559176172,0.2708492120892224,0.4630647819589932,-0.5971974551687288,0.0493578432821776,13.2580551110906,13.05127374963135,13.2580551110906,9.47737891705022,1950410990.4,2734903990.4,21.635654594666548,35.26007394739221,50.61926735355947,-39.24999980680995,1.767981789455078,1.767981789455078,49.44235723402332,115.86612397898662,70.9793151073162,-55.03710839571762,0.0115550005157518,-0.0254777071317717,0.7148393061907115,0.4086154330826164,33.23559566175224,0.0,0.0,1.5481758277081323,0.0162047897369149,1.402404934108355,0.0,0.0,0.0089153400223427,2.2896628688588407,1.594920003615656,6.510442033798244,0.0,8.988660081745971,0.384239380833813,0.0117826599314277,-9.84507201534071,8700000.0,1085979000.0,-818047000.0,1903170000.0,4818500.0,0.0,0.0,7.473018168670342,0.0,0.0,12.043326801654691,0.0,0.0,0.0204290304889932,1.060262237127722,2006-05-03,0.28,bmo,61241607.0,2025-04-25,2006-03-31,-0.1071428571428572,22.62564516129032,319077.46774193546
2005-12-31,O,USD,726728,2006-02-23,2006-02-23 16:48:54,2005,Q4,53385000.0,0.0,53385000.0,1.0,0,0.0,0.0,3494000.0,14292000.0,17786000.0,17786000.0,0.0,11869000.0,11519000.0,48744000.0,0.9130654678,35599000.0,0.6668352533,30816000.0,0.0,0.0,9397000.0,25477000.0,0.4772314321,0.33,0.33,80840196,83208660,https://www.sec.gov/Archives/edgar/data/726728/000110465906011663/0001104659-06-011663-index.htm,https://www.sec.gov/Archives/edgar/data/726728/000110465906011663/a06-1908_110k.htm,0.6603769243706435,0.3151526253103097,0.4861690340285667,-4.676448335182166,0.8127639868661377,12.2366600892457,12.023820427154828,12.2366600892457,11.177224261059436,1692793704.24,2518789704.24,16.610999178082192,31.70916370216353,43.07143922039591,-4.477757156528985,1.7112512603339622,1.7112512603339622,47.1815997797134,51.67384096996553,64.08807959493156,-6.662671650835217,0.0150502686394608,-0.2233260905053565,0.9014227457355032,0.4641882198118884,16.945593303791235,0.0,2.9993259752295898,1.6562157606405394,0.018539175755081,1.2318169329198885,0.0,0.0,0.0089568492879705,10.6189761335301,7.817682869719959,36.23118326243598,0.0,9.315006705499606,,0.0133823095291372,-10.666562461080623,70748000.0,972008000.0,-861026000.0,1842917000.0,4315500.0,0.0,0.0,8.50351222253442,0.0,0.0,10.583862014274386,0.0,0.0,0.025754791177642,5.162617369210733,2006-02-15,0.28,bmo,57615384.0,2025-04-25,2005-12-31,-0.0714285714285714,21.597142857142856,297521.4285714286
2005-09-30,O,USD,726728,2005-11-02,2005-11-02 17:10:42,2005,Q3,49166000.0,0.0,49166000.0,1.0,0,137000.0,4029000.0,4166000.0,12513000.0,16679000.0,16679000.0,0.0,10228000.0,12882000.0,43517000.0,0.8851035268,32487000.0,0.6607615019,-10424000.0,0.0,0.0,9365000.0,20771000.0,0.4224667453,0.26,0.26,79779808,79843553,https://www.sec.gov/Archives/edgar/data/726728/000110465905051971/0001104659-05-051971-index.htm,https://www.sec.gov/Archives/edgar/data/726728/000110465905051971/a05-17999_110q.htm,0.6162712249194684,0.2603540986210446,0.1619332049533135,-2.514571105510808,0.0281274179050418,12.437370117511438,12.221701511239536,12.437370117511438,9.59175033361825,1846902555.2,2599658555.2,22.229340850223867,37.56462911768295,142.96017920891708,-9.206341371403504,1.8613259701426352,1.8613259701426352,52.87512824309482,59.73891939242135,201.22753736357305,-12.95863933962076,0.0112463973486412,-0.1086207820954992,0.7608961845339536,0.4197459619604527,17.29797550382609,0.0,3.176280797809933,0.5801598706664272,0.0158194594066367,1.40662462086563,0.0027864784607248,0.0,0.0095657602933662,16.52844647418531,4.34306227881056,16.575919888216117,0.0,8.535672582674586,,0.0116592693464668,-10.046674341457429,5831000.0,975045000.0,-800625000.0,1771774000.0,3563000.0,0.0,0.0,6.566122930480414,0.0,0.0,13.706718706439922,0.0,0.0,0.0209332114555692,2.676504310464121,2005-10-26,0.29,bmo,55947517.0,2025-04-25,2005-09-30,-0.1379310344827585,23.43796875,339600.125
2005-06-30,O,USD,726728,2005-08-03,2005-08-03 14:41:39,2005,Q2,47473000.0,0.0,47473000.0,1.0,0,134000.0,3572000.0,3706000.0,12465000.0,16171000.0,16171000.0,0.0,0.0,11232000.0,42298000.0,0.8909906684,31302000.0,0.6593642702,-9590000.0,21712000.0,0.4573547069,203000.0,22315000.0,0.4700566638,0.28,0.28,79597321,79676168,https://www.sec.gov/Archives/edgar/data/726728/000110465905035997/0001104659-05-035997-index.htm,https://www.sec.gov/Archives/edgar/data/726728/000110465905035997/a05-12627_110q.htm,0.5964145451578703,0.2803486313314489,0.2747328644389928,-0.5036852936294175,0.0244731854731643,11.377028631403313,11.160865577372888,11.377028631403313,7.975142781501402,1930235034.25,2563087034.25,21.62486034337889,40.65963883154635,88.26756147109933,-48.14514202958196,2.1314879996930145,2.1314879996930145,53.990416326122215,60.59593915196936,117.2071992980611,-63.93013654220293,0.0115607683023277,-0.0207705275723471,0.7009864385405613,0.403923941656279,14.961747600359356,0.0,0.0,1.0178263905050036,0.0149023302808182,1.2890432444544029,0.0028226570892928,0.0,0.0109481968181126,2.833363819279312,1.3051629347207887,5.516381766381766,-0.0074568702209677,8.47139446149417,0.0200630934575685,0.0143562340410338,-8.309321742122451,5487000.0,888375000.0,-660515000.0,1545591000.0,3525500.0,0.0,0.0,6.70928738440798,0.0,0.0,13.414241311104831,0.0,0.0,0.024641638903643,0.7784181580684104,2005-07-27,0.27,bmo,45714740.0,2025-04-25,2005-06-30,0.037037037037037,23.5921875,330801.59375
2005-03-31,O,USD,726728,2005-05-04,2005-05-04 11:39:23,2005,Q1,46743000.0,0.0,46743000.0,1.0,0,0.0,0.0,4056000.0,30011000.0,34067000.0,34067000.0,0.0,0.0,10817000.0,23493000.0,0.5025993197,12676000.0,0.2711849903,9256000.0,21932000.0,0.469203945,198000.0,21152000.0,0.4525169544,0.27,0.27,79581517,79659364,https://www.sec.gov/Archives/edgar/data/726728/000110465905020229/0001104659-05-020229-index.htm,https://www.sec.gov/Archives/edgar/data/726728/000110465905020229/a05-7941_110q.htm,0.5873600021974952,0.2657903593368294,0.4456813759908598,-0.5730225021973381,0.1391780455755825,11.423996855953376,11.207790874355911,11.423996855953376,7.327078220939166,1763526416.72,2335550416.7200003,20.84349490260968,37.72813933038102,49.72161995940002,-38.67212878207096,1.9397764442181007,1.9397764442181007,49.9657791908949,99.41473701613248,65.84950988835007,-51.21596457874655,0.0119941497895681,-0.0258584161641398,0.6413760712058332,0.3828069710127611,24.348699612650577,0.0,0.0,1.6319131314990338,0.0162248774550355,1.352732602118003,0.0,0.0,0.011295792734086,2.285722341265366,1.7343773399225553,7.494684293242119,0.0,8.265514815282215,0.3950922275719156,0.0140450035059388,-7.5441261065681875,14588000.0,891933000.0,-599495000.0,1500949000.0,3793500.0,0.0,0.0,6.762082022976702,0.0,0.0,13.309510250569476,0.0,0.0,0.0232659692302277,1.018703878188198,2005-04-27,0.26,bmo,43622222.0,2025-04-25,2005-03-31,0.0384615384615384,22.941803278688525,345016.08196721313
2004-12-31,O,USD,726728,2005-03-04,2005-03-04 13:35:32,2004,Q4,45329000.0,0.0,45329000.0,1.0,0,0.0,0.0,3496000.0,28492000.0,31988000.0,31988000.0,0.0,0.0,10259000.0,23600000.0,0.5206380022,13341000.0,0.2943148977,8770000.0,22111000.0,0.487789274,178000.0,28086000.0,0.6196033444,0.33,0.33,79306972,79581517,https://www.sec.gov/Archives/edgar/data/726728/000110465905009503/0001104659-05-009503-index.htm,https://www.sec.gov/Archives/edgar/data/726728/000110465905009503/a05-1739_110k.htm,0.571563872089329,0.3541428867061019,0.460375665332425,-0.0045897604059325,0.0269963654645647,11.521496495919678,11.304542052116174,11.521496495919678,6.350009176998966,1942227744.28,2443686744.28,17.288219613686532,42.8473547680293,53.19568744433184,-5335.7905062637365,2.1255919323217345,2.1255919323217345,53.910007815747086,103.54604848644068,66.93015103064829,-6713.425121648351,0.0144607140345488,-0.0001874136547951,0.5511444784319305,0.3491608975847856,21.24826271186441,0.0,0.0,1.6646605571513244,0.051270506403416,3.545503097628712,0.0,0.0,0.0119294328908733,1.0099695982032812,0.8134968783780803,3.5944049127595283,0.0,9.58153226970419,0.5650073033172562,0.0197079661976733,-6.599454459060674,6216000.0,896529000.0,-522364000.0,1430132000.0,3344500.0,0.0,0.0,8.090846919190804,0.0,0.0,11.123680981595092,0.0,0.0,0.0307375770874487,0.4649654257383575,2005-02-02,0.27,bmo,48924000.0,2025-04-25,2004-12-31,-0.0740740740740741,23.6971875,264374.65625
2004-09-30,O,USD,726728,2004-11-03,2004-11-03 14:43:18,2004,Q3,44112000.0,0.0,44112000.0,1.0,0,0.0,0.0,3202000.0,28361000.0,31563000.0,31563000.0,0.0,8552000.0,10132000.0,40553000.0,0.9193190062,12549000.0,0.2844804135,-8101000.0,21279000.0,0.4823857454,177000.0,21988000.0,0.4984584694,0.28,0.28,79280944,79349986,https://www.sec.gov/Archives/edgar/data/726728/000110465904033259/0001104659-04-033259-index.htm,https://www.sec.gov/Archives/edgar/data/726728/000110465904033259/a04-12477_110q.htm,0.5564010438624444,0.27734281266883,0.4776431521804281,0.03013334452728,0.1069992304834311,11.19979096111671,10.982765290988462,11.19979096111671,6.709708199236377,1728324579.2,2243241579.2,19.65077063853011,39.180372216177005,45.64076738143023,723.4510586856426,1.9464649006115349,1.9464649006115349,50.85331835328255,55.316291746603206,59.23844880109855,938.9876848890748,0.0127221473701298,0.0013822635104256,0.5894608809252981,0.3640678777221621,12.697383670751856,0.0,1.467376052385407,1.8338902610295893,0.0157094334749133,1.2348098963070766,0.0,0.0,0.0119681924036826,0.9369124326608218,0.8042936162495467,3.501677852348993,0.0,8.359969159352717,0.439692494234425,0.0154797323079219,-6.8020191586013405,11097000.0,870724000.0,-538617000.0,1426432000.0,2769000.0,0.0,0.0,5.333242655059848,0.0,0.0,16.875286916602906,0.0,0.0,0.024763213316365,0.447509807653148,2004-10-27,0.24,bmo,45949999.0,2025-04-25,2004-09-30,-0.0416666666666665,20.6228125,257127.921875
2004-06-30,O,USD,726728,2004-08-06,2004-08-06 12:02:28,2004,Q2,44540000.0,0.0,44540000.0,1.0,0,0.0,0.0,3260000.0,11197000.0,14457000.0,14457000.0,0.0,0.0,10159000.0,39633000.0,0.8898293669,30083000.0,0.675415357,-8314000.0,21769000.0,0.4887516839,191000.0,21446000.0,0.4814997755,0.27,0.27,79245656,79323180,https://www.sec.gov/Archives/edgar/data/726728/000110465904022891/0001104659-04-022891-index.htm,https://www.sec.gov/Archives/edgar/data/726728/000110465904022891/a04-8934_110q.htm,0.5620497355716255,0.2706268214878554,0.6517833608444102,0.4510783531150275,0.1897895829141726,11.654695621423084,11.437573310012096,11.654695621423084,6.0571143483246574,1601554707.76,2066514707.76,18.669620299356524,35.95767192995061,31.00723524733306,44.80374609075141,1.7340650203554848,1.7340650203554848,46.39682774494836,52.14126378926652,40.00919067898008,57.81107558216304,0.0133907383220116,0.0223195622521042,0.519714503499411,0.3368744924950679,11.731637776600309,0.0,0.0,2.4050568075991805,0.0161855226514588,1.208710248997482,0.0,0.0,0.0120755469122294,0.3079320826315076,0.3570947462954647,1.5656068510680186,0.0,8.424170446237925,0.0211056045755703,0.0152352455179067,-6.108170774685744,17964000.0,906378000.0,-483315000.0,1412850000.0,3070000.0,0.0,0.0,5.908396946564886,0.0,0.0,15.232558139534884,0.0,0.0,0.0232204109209341,0.2007050077293826,2004-08-06,,amc,,2025-04-25,2004-06-30,,19.181774193548385,438183.96774193546
2004-03-31,O,USD,726728,2004-05-10,2004-05-10 13:52:25,2004,Q1,42396000.0,0.0,42396000.0,1.0,0,0.0,0.0,3162000.0,10713000.0,13875000.0,13875000.0,0.0,0.0,9789000.0,38310000.0,0.9036229833,28521000.0,0.6727285593,9271000.0,20193000.0,0.4762949335,153000.0,22423000.0,0.5288942353,0.29,0.29,76228344,76321278,https://www.sec.gov/Archives/edgar/data/726728/000110465904013469/0001104659-04-013469-index.htm,https://www.sec.gov/Archives/edgar/data/726728/000110465904013469/a04-5698_110q.htm,0.5561710746333411,0.2941556752170819,0.6861883291076086,-0.7202570214564809,0.0728075635488027,11.747047791042135,11.521331225560928,11.747047791042135,6.732403894278485,1648056797.28,2155706797.28,18.37462423939705,38.87293134446646,31.507385192804023,-30.017062459565786,1.8404624195439656,1.8404624195439656,50.84693832625719,56.2700808478204,41.21258717341847,-39.26320117441352,0.0136057204078206,-0.0333143858212988,0.5731145402687786,0.3580463450947232,13.25110937092143,0.0,0.0,2.6101297405189623,0.0153089384065162,1.1251839628952416,0.0,0.0,0.0120041804631718,2.049649186533351,2.528799886781772,10.95219123505976,0.0,8.817475116640814,1.089823645376712,0.0158340206535002,-6.951666167639691,8766000.0,878252000.0,-529110000.0,1378686000.0,3583000.0,0.0,0.0,6.8270591565242,0.0,0.0,13.182835820895525,0.0,0.0,0.0250408171014162,1.4064453505640897,2004-07-28,0.22,bmo,46564545.0,2025-04-25,2004-03-31,-0.0454545454545455,20.55822580645161,199581.2258064516
2003-12-31,O,USD,726728,2004-02-19,2004-02-19 11:51:22,2003,Q4,46824000.0,0.0,46824000.0,1.0,0,0.0,0.0,3091000.0,-7457000.0,-4366000.0,-4366000.0,0.0,0.0,9997000.0,61187000.0,1.3067444046,51190000.0,1.0932427815,0.0,0.0,0.0,23707000.0,25055000.0,0.5350888433,0.36,0.36,75052317,76010169,https://www.sec.gov/Archives/edgar/data/726728/000110465904005114/0001104659-04-005114-index.htm,https://www.sec.gov/Archives/edgar/data/726728/000110465904005114/a04-2630_110k.htm,0.6238848029168773,0.3338337975628387,0.1747714197817503,0.1747714197817503,0.0644483767236659,11.029186480678538,10.799933065357596,11.029186480678538,6.747293358045162,1453763380.29,1955326380.29,14.505721216224307,31.04739834892363,110.83047802775026,110.83047802775025,1.7562492060437371,1.7562492060437371,41.75906330706475,31.956565615081637,149.06810858351756,149.06810858351756,0.0172345791204356,0.0090227888374677,0.6117670935989157,0.3722825907163131,8.19721509470966,0.0,0.0,0.5416666666666666,0.0168239208193021,0.976172420674516,0.0,0.0,0.0126490802840933,0.0,0.0,0.0,0.0,9.101818068641936,,0.0186552856146192,-6.991010017718707,8787000.0,810560000.0,-523704000.0,1346638000.0,3667000.0,0.0,0.0,7.59226037929267,0.0,0.0,11.854177215189871,0.0,0.0,0.030268215896763,0.0,2004-02-19,,amc,,2025-04-25,2003-12-31,,19.4690625,206767.609375
2003-09-30,O,USD,726728,2003-11-06,2003-11-06 16:29:44,2003,Q3,37590000.0,0.0,37590000.0,1.0,0,93000.0,2544000.0,2637000.0,15836000.0,18473000.0,18473000.0,0.0,0.0,8148000.0,19802000.0,0.5267890396,19117000.0,0.508566108,7713000.0,19433000.0,0.5169725991,-1088000.0,17901000.0,0.476217079,0.26,0.26,70200000,70200000,https://www.sec.gov/Archives/edgar/data/726728/000110465903024968/0001104659-03-024968-index.htm,https://www.sec.gov/Archives/edgar/data/726728/000110465903024968/a03-4838_110q.htm,0.5354700854700855,0.255,0.0572934472934472,-0.3295584045584045,0.0813247863247863,10.172378917378918,9.927279202279202,10.172378917378918,6.058404558404559,1347840000.0,1767431000.0,18.823529411764707,35.85634477254589,335.11685728493285,-58.25977955478712,1.8874640982157984,1.8874640982157984,47.018648576749136,89.25517624482376,439.4408254599701,-76.39641236222174,0.01328125,-0.0171645002374169,0.5955740154403929,0.3663082536062371,21.18932431067569,0.0,0.0,0.2121867581113162,0.0286628976733143,2.1581475895201385,0.0024740622505985,0.0,0.0148194211416621,6.752113376429637,0.7224527799946794,3.332965144820815,0.0,7.63963507233569,0.7676074387896055,0.015649943436046,-6.24923076923077,9093000.0,696895000.0,-437850000.0,1110377000.0,3331500.0,0.0,0.0,8.10215482841181,0.0,0.0,11.108156028368796,0.0,0.0,0.0250678825544285,0.3868518518518518,2003-11-06,,amc,,2025-04-25,2003-09-30,,19.2175,184236.75
2003-06-30,O,USD,726728,2003-08-08,2003-08-08 11:21:26,2003,Q2,36505000.0,0.0,36505000.0,1.0,0,71000.0,2636000.0,2707000.0,15743000.0,18450000.0,18450000.0,0.0,0.0,8198000.0,26024000.0,0.7128886454,18055000.0,0.4945897822,296000.0,18351000.0,0.5026982605,-2468000.0,18162000.0,0.4975208875,0.26,0.26,69853846,69853846,https://www.sec.gov/Archives/edgar/data/726728/000110465903017158/0001104659-03-017158-index.htm,https://www.sec.gov/Archives/edgar/data/726728/000110465903017158/a03-2162_110q.htm,0.5225911254764698,0.2600000005726242,0.3697291055384409,-0.1247032267915498,0.0675553354642778,10.258848167071577,10.012533883961092,10.258848167071577,5.469992303644956,1288104920.24,1665485920.24,17.730769191718974,35.28571210080811,49.87435320556008,-147.87107338307888,1.797472747397505,1.797472747397505,45.6235014447336,63.99807563172456,64.48623224687343,-191.1934244334749,0.0140997831113136,-0.0067626478737283,0.5331975105355697,0.3414308104446911,14.501268060252077,0.0,0.0,1.4351522560569014,0.0178867417071174,1.2685827552031714,0.0019449390494452,0.0,0.015374662456193,1.3372826886591551,0.946116970278044,4.212978775311052,0.0,7.746887240017384,0.018694228489669,0.0164823197580923,-5.659183747735236,7998000.0,699414000.0,-394496000.0,1095696000.0,3311000.0,0.0,0.0,8.084098068757704,0.0,0.0,11.132967368100031,0.0,0.0,0.0253439758868019,0.4944323323299908,2003-08-08,,amc,,2025-04-25,2003-06-30,,18.25761904761905,265549.6984126984
2003-03-31,O,USD,726728,2003-05-08,2003-05-08 17:18:06,2003,Q1,35682000.0,0.0,35682000.0,1.0,0,0.0,0.0,2747000.0,14893000.0,17640000.0,17640000.0,0.0,0.0,8073000.0,31382000.0,0.8794910599,18042000.0,0.5056330923,276000.0,18318000.0,0.5133680847,8000.0,15606000.0,0.4373633765,0.23,0.23,69360000,69360000,https://www.sec.gov/Archives/edgar/data/726728/000110465903008680/0001104659-03-008680-index.htm,https://www.sec.gov/Archives/edgar/data/726728/000110465903008680/j0499_10q.htm,0.514446366782007,0.225,0.4468137254901961,0.0061274509803921,0.0519896193771626,10.36251441753172,10.114446366782008,10.36251441753172,5.115340253748558,1200621600.0,1551815600.0,19.23333333333333,33.647822431478055,38.74097641250685,2824.992,1.670443996749886,1.670443996749886,43.49015189731517,49.44922567076668,50.07310509502759,3651.330823529411,0.0129982668977469,0.0003539833033155,0.4936389034204111,0.3243363810714801,11.190937480084123,0.0,0.0,1.7177142223700257,0.0190551294429485,1.4659746251441754,0.0,0.0,0.0157286690324574,0.986286341195831,0.8566223866375203,3.7862009166356994,0.0,7.242943409882085,0.0167469810663769,0.0144940188721301,-5.321060409457901,6949000.0,701538000.0,-368233000.0,1076858000.0,3875500.0,0.0,0.0,8.43198251219102,0.0,0.0,10.673646425366435,0.0,0.0,0.0217128769074941,0.4406862745098039,2003-05-08,,amc,,2025-04-25,2003-03-31,,16.655081967213114,191052.0
2002-12-31,O,USD,726728,2003-03-05,2003-03-04 18:55:01,2002,Q4,37152000.0,0.0,37152000.0,1.0,0,0.0,0.0,2404000.0,9065000.0,11469000.0,11469000.0,0.0,6209000.0,8181000.0,33864000.0,0.911498708,25683000.0,0.6912952196,0.0,0.0,0.0,5575000.0,17679000.0,0.4758559432,0.29,0.29,69360000,69360000,https://www.sec.gov/Archives/edgar/data/726728/000072672803000013/0000726728-03-000013-index.htm,https://www.sec.gov/Archives/edgar/data/726728/000072672803000013/form10k2002.txt,0.5356401384083045,0.2548875432525951,0.4256920415224913,0.4256920415224913,0.128618800461361,10.41601787773933,10.16794982698962,10.41601787773933,4.987153979238754,1175652000.0,1506431000.0,16.62497878839301,31.64437984496124,39.817516764885184,39.817516764885184,1.627301354409617,1.627301354409617,40.54777670111972,44.48473304984645,51.02049041522726,51.02049041522726,0.0150376131712445,0.0251145747210909,0.470202296336796,0.3144700665598993,9.767865579966928,0.0,4.13641488162345,1.5161754133716752,0.0193067336252564,1.2838961479721704,0.0,0.0,0.0159280893883709,0.0,0.0,0.0,0.0,7.728877484148133,,0.0166308568762323,-4.98194925028835,13329000.0,705249000.0,-344446000.0,1068713000.0,3762000.0,0.0,0.0,10.678294573643411,0.0,0.0,8.428312159709618,0.0,0.0,0.0244707282806541,0.0,2003-03-04,,amc,,2025-04-25,2002-12-31,,16.5859375,154848.953125
2002-09-30,O,USD,726728,2002-11-08,2002-11-08 12:11:11,2002,Q3,36055000.0,0.0,36055000.0,1.0,0,0.0,0.0,2313000.0,9177000.0,11490000.0,11490000.0,0.0,5919000.0,8564000.0,33129000.0,0.9188462072,24565000.0,0.6813202052,0.0,0.0,0.0,2745000.0,19392000.0,0.5378449591,0.28,0.28,68965044,69076014,https://www.sec.gov/Archives/edgar/data/726728/000072672802000010/0000726728-02-000010-index.htm,https://www.sec.gov/Archives/edgar/data/726728/000072672802000010/thirdqtr10q.txt,0.5228010874610621,0.2811859294978482,0.5280791236789467,0.5280791236789467,0.1216703349018381,10.511223628016536,10.261734916024992,10.511223628016536,4.902759142733237,1140681827.76,1464490827.76,14.70557224319307,31.63727160615726,31.321063943545948,31.32106394354595,1.5735560944507363,1.5735560944507363,40.61824511884621,44.2057058094117,40.21227457535902,40.21227457535902,0.0170003584944285,0.0319273956275058,0.4582656809770081,0.3088353689941189,9.774185758700837,0.6056315789473684,4.150194289575942,1.868982859488864,0.0211706712707278,1.2453073432343231,0.0,0.0,0.0159958499666249,0.0,0.0,0.0,0.0,8.154825821872619,,0.0183211645730352,-4.9303093317826345,-7493000.0,707701000.0,-339240000.0,1046920000.0,3200000.0,0.0,0.0,7.778116766051865,0.0,0.0,11.5709242618742,0.0,0.0,0.0267510177167553,0.0,2002-11-08,,amc,,2025-04-25,2002-09-30,,16.27484375,267083.828125
2002-06-30,O,USD,726728,2002-08-09,2002-08-09 16:57:20,2002,Q2,33901000.0,0.0,33901000.0,1.0,0,0.0,0.0,2348000.0,8641000.0,10989000.0,10989000.0,0.0,0.0,7209000.0,30333000.0,0.8947523672,22912000.0,0.6758502699,1126000.0,24038000.0,0.7090646294,4679000.0,16017000.0,0.4724639391,0.24,0.24,66737500,66737500,https://www.sec.gov/Archives/edgar/data/726728/000111055002000148/0001110550-02-000148-index.htm,https://www.sec.gov/Archives/edgar/data/726728/000111055002000148/augustq.txt,0.5079752762689642,0.24,0.4763888368608354,-0.7094961603296498,0.3182918149466192,10.137149278891178,9.879333208466004,10.137149278891178,5.780857838546544,1175914750.0,1540472750.0,18.354166666666668,34.68672753016135,36.986592960714624,-24.834524815205917,1.7381612438805196,1.7381612438805196,45.44033361847733,50.785374015099066,48.45320510804265,-32.53374340021119,0.0136208853575482,-0.0402665244227951,0.5702646453657498,0.3571164099526066,12.01852767612831,1.3625555555555555,0.0,1.9225373405091613,0.0180871955216141,1.3279016045451708,0.0,0.0,0.0159267624407582,2.4893215487685967,2.3345329046340817,10.978360382854763,0.0,7.398689485713828,0.0181055098573417,0.0150661170862202,-5.695253792845102,6526000.0,659322000.0,-379266000.0,1019147000.0,3289000.0,0.0,0.0,8.718326893012007,0.0,0.0,10.323081607795372,0.0,0.0,0.02367529503583,1.185884997190485,2002-08-09,,amc,,2025-04-25,2002-06-30,,16.43859375,160961.375
2002-03-31,O,USD,726728,2002-05-14,2002-05-14 14:49:09,2002,Q1,33659000.0,0.0,33659000.0,1.0,0,2389000.0,0.0,2389000.0,8425000.0,10814000.0,10814000.0,0.0,0.0,7474000.0,30319000.0,0.9007694822,22845000.0,0.6787189162,365000.0,23210000.0,0.6895629698,4551000.0,15866000.0,0.4713746695,0.24,0.24,66108333,66108333,https://www.sec.gov/Archives/edgar/data/726728/000072672802000008/0000726728-02-000008-index.htm,https://www.sec.gov/Archives/edgar/data/726728/000072672802000008/firstqtr10q.txt,0.5091491264800158,0.2400000012101348,0.4094642652689487,0.2820370618027836,0.0564225390466282,10.27753944423315,10.017269683687228,10.27753944423315,4.592461891301963,1060377661.32,1360247661.32,16.708333249086095,31.503540251344365,39.17313758616868,56.87195823652453,1.560684839696746,1.560684839696746,40.41259874981432,44.86452921666282,50.25112347408474,72.95509044355055,0.0149625935916542,0.0175833579677545,0.4468444919351634,0.3031207660688451,9.890497707708038,0.3902222222222222,0.0,1.5397610921501703,0.0185207598352766,1.237804109416362,0.0709765590183903,0.0,0.0171788402535591,0.3112046991022941,0.2502748150568941,1.127107305325127,0.0,7.449745853295682,0.0193693670118243,0.0161178412698412,-4.779268900941731,-10976000.0,662225000.0,-315126000.0,948176000.0,4075500.0,0.0,0.0,8.807748299117621,0.0,0.0,10.218275652701882,0.0,0.0,0.0233518929810385,0.1274272034661651,2002-05-14,,amc,,2025-04-25,2002-03-31,,15.2085,159647.61666666667
2001-12-31,O,USD,726728,2002-03-21,2002-03-21 00:00:00,2001,Q4,33773000.0,0.0,33773000.0,1.0,0,0.0,0.0,2016000.0,-11575000.0,-9559000.0,-9559000.0,0.0,0.0,7824000.0,51156000.0,1.5147010926,43332000.0,1.2830367453,0.0,0.0,0.0,24909000.0,15995000.0,0.4736031741,0.28,0.28,66108333,66108333,https://www.sec.gov/Archives/edgar/data/726728/000072672802000005/0000726728-02-000005-index.htm,https://www.sec.gov/Archives/edgar/data/726728/000072672802000005/annual10k.txt,0.5108735686921647,0.241951343713356,0.3994806524617706,0.3994806524617706,0.0373175345383463,10.162001816019169,9.901732055473248,10.162001816019169,4.769444118338304,941382661.92,1254215661.92,14.71370212441388,27.8738241174903,35.64628202203794,35.64628202203794,1.4012987064765487,1.4012987064765487,37.13663760755633,24.51746934709516,47.49197856488318,47.49197856488318,0.0169909651484098,0.0280534166054614,0.4693410023623348,0.314135186727614,6.115274845570412,0.4308235294117647,0.0,1.4334798892688487,0.0236630659359785,1.3926852141294157,0.0,0.0,0.017142435847876,0.0,0.0,0.0,0.0,7.437807127747839,,0.0162138546095192,-4.928353737190741,-9676000.0,654587000.0,-324591000.0,975200000.0,4231500.0,0.0,0.0,12.943179462884553,0.0,0.0,6.953469219682932,0.0,0.0,0.0238094174842548,0.0,2002-03-21,,amc,,2025-04-25,2001-12-31,,13.99875,204680.921875
2001-09-30,O,USD,726728,2001-11-14,2001-11-14 00:00:00,2001,Q3,31007000.0,0.0,31007000.0,1.0,0,1914000.0,0.0,1914000.0,14713000.0,16627000.0,16627000.0,0.0,6080000.0,7234000.0,27154000.0,0.8757377366,14380000.0,0.4637662463,0.0,0.0,0.0,-2806000.0,14758000.0,0.475957042,0.25,0.25,59505614,59608616,https://www.sec.gov/Archives/edgar/data/726728/000072672801500010/0000726728-01-500010-index.htm,https://www.sec.gov/Archives/edgar/data/726728/000072672801500010/sept0110q.txt,0.5210768852834625,0.2480102129523443,0.2171559812827072,-0.2406663680505842,0.1953429133594016,10.01871856998232,9.725687394806144,10.01871856998232,5.60585762546707,828318146.88,1144194146.88,14.031680222252335,26.71390804915019,64.1013888624052,-57.83940694644229,1.3893992433030848,1.3893992433030848,36.90115608991518,42.13722276202402,88.54621164525616,-79.89624655261505,0.0178168256431281,-0.0172892505783465,0.5493399533690055,0.3478510241690078,11.63276128747146,0.8958823529411765,2.3651315789473686,0.7518910741301059,0.0231118925404557,1.297194741834937,0.0617279969039249,0.0,0.0185205444532366,2.1082649744621578,0.878608056245364,3.765966270389826,0.0,7.477081772733647,,0.0159708589720558,-5.562441553833896,-1770000.0,578733000.0,-330095000.0,880254000.0,3438000.0,0.0,0.0,10.466668816718803,0.0,0.0,8.598724348308375,0.0,0.0,0.0247546840666252,0.4578223493332914,2001-11-14,,amc,,2025-04-25,2001-09-30,,13.902033898305085,131454.38983050847
2001-06-30,O,USD,726728,2001-08-14,2001-08-14 00:00:00,2001,Q2,29926000.0,0.0,29926000.0,1.0,0,1866000.0,0.0,1866000.0,14748000.0,16614000.0,16614000.0,0.0,0.0,7158000.0,20470000.0,0.6840205841,13312000.0,0.4448305821,325000.0,13637000.0,0.4556907037,-164000.0,11048000.0,0.369177304,0.2,0.2,56656410,56656410,https://www.sec.gov/Archives/edgar/data/726728/000111055001500034/0001110550-01-500034-index.htm,https://www.sec.gov/Archives/edgar/data/726728/000111055001500034/rsecondqtr10q.txt,0.5282014868220559,0.1950000008825126,0.3333779884747374,0.2116618402048417,0.0208272991529113,10.445031727213214,10.133187048032164,10.445031727213214,5.298606106528811,810753227.1,1109773227.1,18.346153763124548,27.091934341375392,42.9242496346887,67.60784081887925,1.3700293473228136,1.3700293473228136,37.08391455924614,54.21461783585735,58.755465221304526,92.54279745663776,0.0136268344432224,0.0147911838018757,0.5072848264044962,0.3301349902400132,14.60771861260381,0.2472222222222222,0.0,1.4016028495102404,0.022012863351574,1.6154055032585084,0.0623538060549355,0.0,0.0194297968273169,0.3650995340957221,0.2304350731805119,0.9633975970941604,0.0,6.769606850515776,0.0156347349595373,0.0123904146998229,-5.540670508420848,-13550000.0,574110000.0,-313097000.0,861677000.0,3483000.0,0.0,0.0,9.834257835995457,0.0,0.0,9.151681957186543,0.0,0.0,0.018669163098324,0.1217161482698956,2001-08-14,,amc,,2025-04-25,2001-06-30,,13.368571428571428,182654.44444444444
2001-03-31,O,USD,726728,2001-05-14,2001-05-14 00:00:00,2001,Q1,31565000.0,0.0,31565000.0,1.0,0,2040000.0,0.0,2040000.0,17003000.0,19043000.0,19043000.0,0.0,0.0,7210000.0,19732000.0,0.6251227626,12522000.0,0.3967052115,0.0,0.0,0.0,-5951000.0,16045000.0,0.508316173,0.3,0.3,53483333,53483333,https://www.sec.gov/Archives/edgar/data/726728/000072672801500004/0000726728-01-500004-index.htm,https://www.sec.gov/Archives/edgar/data/726728/000072672801500004/firstqtr10q.txt,0.5901838615779611,0.3000000018697413,0.5948769124018505,0.4538610187214772,0.0372452479728591,9.683259642775068,9.348594636014925,9.683259642775068,7.03583675310587,686191162.39,1060499162.39,10.691666600031162,21.738988195469663,21.567486874214232,28.268565641839004,1.324967053792965,1.324967053792965,33.5973122886108,53.74514303618488,33.33225931575308,43.68868593515696,0.0233826969500967,0.0353749819736147,0.7265979652167532,0.4122353827884333,18.96959254003649,0.2993684210526315,0.0,1.7222974070264712,0.0223203107814074,0.9545652851355564,0.0646285442737208,0.0,0.0196082942241035,0.2370505406084988,0.238935529859021,1.0460471567267684,0.0,8.084677049585748,,0.0179287965860978,-7.295188577720091,-13312000.0,499994000.0,-389247000.0,862792000.0,4374500.0,0.0,0.0,10.53825439569143,0.0,0.0,8.540313852813853,0.0,0.0,0.0309813030877034,0.1410158936803733,2001-05-14,,amc,,2025-04-25,2001-03-31,,12.435483870967742,74240.58064516129
2000-12-31,O,USD,726728,2001-03-28,2001-03-28 00:00:00,2000,Q4,31629000.0,0.0,31629000.0,1.0,0,0.0,0.0,1481000.0,-13180000.0,-11699000.0,-11699000.0,0.0,0.0,8498000.0,51826000.0,1.6385595498,43328000.0,1.3698820703,0.0,0.0,0.0,26666000.0,14234000.0,0.4500300357,0.31,0.31,53483333,53483333,https://www.sec.gov/Archives/edgar/data/726728/000072672801000004/0000726728-01-000004-index.htm,https://www.sec.gov/Archives/edgar/data/726728/000072672801000004/0000726728-01-000004-0001.txt,0.5913804960509847,0.266138985765902,0.3075163621534207,0.2679526348890784,0.0713306330403903,9.6398068534734,9.300822744162186,9.6398068534734,7.553755110961391,643939329.3199999,1044124329.32,11.30988002880427,20.3591428537102,39.15238823615249,44.93331444560742,1.2489876802523037,1.2489876802523037,33.01161368743874,20.14672807702697,63.484181268316405,72.85774400390761,0.0221045669240782,0.0222552022333121,0.7836002552519643,0.432193725488518,7.721703392119785,0.5912,0.0,0.9870963869883568,0.0294437676605679,1.3320219193480398,0.0,0.0,0.0193952283245218,0.1286556818872742,0.0669006291694331,0.248999764650506,0.0,7.597656837911182,,0.0155285194995614,-7.695710549677224,-6132000.0,497439000.0,-410329000.0,906276000.0,4305500.0,0.0,0.0,14.378260457175378,0.0,0.0,6.259449831783099,0.0,0.0,0.0276083317654862,0.0395637272643423,2001-03-28,,amc,,2025-04-25,2000-12-31,,11.503015873015872,65296.0
2000-09-30,O,USD,726728,2000-11-13,2000-11-13 00:00:00,2000,Q3,29885000.0,0.0,29885000.0,1.0,0,1863000.0,0.0,1863000.0,15902000.0,17765000.0,17765000.0,0.0,0.0,6913000.0,19033000.0,0.6368746863,12120000.0,0.4055546261,789000.0,12909000.0,0.4319558307,-231000.0,9923000.0,0.3320394847,0.19,0.19,53637838,53637838,https://www.sec.gov/Archives/edgar/data/726728/000072672800000012/0000726728-00-000012-index.htm,https://www.sec.gov/Archives/edgar/data/726728/000072672800000012/0000726728-00-000012-0001.txt,0.5571626507392039,0.1849999994406933,0.0178605259965921,-0.1324811041041587,0.0987549125302179,9.636518160929604,9.294222485253789,9.636518160929604,7.761312079729985,605571191.02,1016574191.02,15.256756802882192,20.26338266755897,632.1202411482254,-85.21970039684773,1.1715849865539911,1.1715849865539911,34.016201807595785,53.41113807702411,1061.142161816284,-143.05856895862652,0.016386182412816,-0.0117343759171088,0.8054062629381561,0.4368177673502065,21.594231072348027,0.44275,0.0,0.077564569670472,0.025001189330851,1.5257482616144311,0.0623389660364731,0.0,0.0192648912047797,8.417536534446764,0.2698343650660866,1.1664979025025315,0.0,6.333404039187748,0.0142373216516728,0.0106165926119299,-7.982825482264964,-11145000.0,498522000.0,-427292000.0,866517000.0,3303000.0,0.0,0.0,10.715074452066254,0.0,0.0,8.39938167509837,0.0,0.0,0.0191978053017903,0.1503416301007508,2000-11-13,,amc,,2025-04-25,2000-09-30,,11.400158730158733,73031.44444444444
2000-06-30,O,USD,726728,2000-08-11,2000-08-11 00:00:00,2000,Q2,28441000.0,0.0,28441000.0,1.0,0,1735000.0,0.0,1735000.0,14781000.0,16516000.0,16516000.0,0.0,0.0,6844000.0,18769000.0,0.6599275694,11925000.0,0.4192890545,938000.0,12863000.0,0.4522696108,-938000.0,10435000.0,0.366899898,0.2,0.2,53512821,53512821,https://www.sec.gov/Archives/edgar/data/726728/000072672800000010/0000726728-00-000010-index.htm,https://www.sec.gov/Archives/edgar/data/726728/000072672800000010/0000726728-00-000010-0001.txt,0.5314801101590215,0.1949999982247245,0.334816959098456,-0.1279319585861489,0.0457647336513991,9.77066785546589,9.423255783880276,9.77066785546589,7.330953455060797,610581287.61,1000432287.61,14.628205261379971,21.46834807531381,34.07832157224982,-89.188035,1.167780971452943,1.167780971452943,35.17570716957913,53.30237559859343,55.837042340235534,-146.13384277096114,0.0170902715359092,-0.0112122663090402,0.7503021864528666,0.4225585743952985,20.771005381213705,0.3926428571428571,0.0,1.3929098966026587,0.0277800848866404,1.6254911356013415,0.061003480890264,0.0,0.0200249463588656,1.3820952168331753,0.8706796526141838,3.618205727644652,0.0,6.5474273440474295,0.0142207241731137,0.0114695411414144,-7.489812581549383,-8503000.0,504265000.0,-400039000.0,899715000.0,3114000.0,0.0,0.0,9.64523047712809,0.0,0.0,9.331036745406823,0.0,0.0,0.0199576938965986,0.4627489176846049,2000-08-11,,amc,,2025-04-25,2000-06-30,,10.876190476190477,92364.58730158732
2000-03-31,O,USD,726728,2000-05-12,2000-05-12 00:00:00,2000,Q1,28355000.0,0.0,28355000.0,1.0,0,1684000.0,0.0,1684000.0,15083000.0,16767000.0,16767000.0,0.0,0.0,6748000.0,37302000.0,1.315535179,11588000.0,0.4086757186,-25052000.0,12250000.0,0.432022571,-1324000.0,10484000.0,0.3697407865,0.2,0.2,53630782,53633856,https://www.sec.gov/Archives/edgar/data/726728/000072672800000008/0000726728-00-000008-index.html,https://www.sec.gov/Archives/edgar/data/726728/000072672800000008/,0.528707562011682,0.1954847497841818,0.3965633020230807,0.0012865745645849,0.0392125552075671,9.880855363995998,9.529900197987043,9.880855363995998,6.841220402119067,499838888.24,864635888.24,11.919088330789776,17.627892373126432,23.501922523979687,7244.041858550725,0.9432381769254866,0.9432381769254866,30.493242399576797,23.179343955820062,40.65431108895994,12530.954902028983,0.0209747585605345,0.0001380444811786,0.6923712725365057,0.4024257420855722,9.77955605597555,0.3522,0.0,1.6471499380421313,0.0338349024013506,1.6131247615413964,0.0593898783283371,0.0,0.0206444734737929,0.9967556892984766,0.7476282842532181,3.141523414344991,0.0,6.592421566913033,0.0146295069996817,0.0117415295570943,-7.035418577338663,-9717000.0,511096000.0,-376520000.0,877709000.0,3293500.0,0.0,0.0,10.093457943925234,0.0,0.0,8.916666666666666,0.0,0.0,0.0197841930260908,0.3952767274584957,2000-05-12,,amc,,2025-04-25,2000-03-31,,10.216031746031746,96591.96825396824
1999-12-31,O,USD,726728,2000-03-23,2000-03-23 00:00:00,1999,Q4,27510000.0,0.0,27510000.0,1.0,0,0.0,0.0,1768000.0,53374000.0,55142000.0,55142000.0,0.0,0.0,6952000.0,-20680000.0,-0.7517266449,-27632000.0,-1.004434751,27632000.0,0.0,0.0,-40373000.0,10312000.0,0.3748455107,0.24,0.24,53586940,53586940,https://www.sec.gov/Archives/edgar/data/726728/000072672800000002/0000726728-00-000002-index.html,https://www.sec.gov/Archives/edgar/data/726728/000072672800000002/,0.5133713550353873,0.1924349477689899,0.303320174654496,-0.067217870622954,0.0144251565773302,9.980622144126908,9.62506909332759,9.980622144126908,6.516513165334688,535333530.6,883760530.6,12.978411816330487,19.45959762268266,32.93549468438538,-148.62119117157135,1.0009396063429383,1.0009396063429383,32.125064725554346,-42.73503532882012,54.37187957425864,-245.35272920599667,0.0192627575344334,-0.0067285155778732,0.6529165287726403,0.3856841807635044,-16.84850096711799,0.19,0.0,1.2411423335369578,0.0365267611354064,1.896237393328161,0.0,0.0,0.0210436446050602,1.2216069890488497,0.7217739003998546,2.856156501726122,0.0,6.57373267426197,,0.0116342171442239,-6.85325099735122,-17820000.0,515778000.0,-366393000.0,868326000.0,1703500.0,0.0,0.0,11.146128680479825,0.0,0.0,8.074552392133842,0.0,0.0,0.0192808569435952,0.37053804527745,2000-03-23,,amc,,2025-04-25,1999-12-31,,10.63390625,83240.953125
1999-09-30,O,USD,726728,1999-11-12,1999-11-12 00:00:00,1999,Q3,28100000.0,0.0,28100000.0,1.0,0,1800000.0,0.0,1800000.0,-9000000.0,-7200000.0,-7200000.0,0.0,0.0,6700000.0,42000000.0,1.4946619217,35300000.0,1.256227758,1200000.0,36500000.0,1.2989323843,22200000.0,10900000.0,0.3879003559,0.21,0.21,53170732,53170732,https://www.sec.gov/Archives/edgar/data/726728/000072672899000028/0000726728-99-000028-index.html,https://www.sec.gov/Archives/edgar/data/726728/000072672899000028/,0.5284862356230116,0.2049999988715596,0.400596328070112,-0.902752288608703,-0.0564220180380439,10.135275173567292,9.77229352418921,10.135275173567292,6.25344033254987,595512198.4,931012198.4,13.658536660550457,21.192604925266902,27.95831917370892,-12.406504133333334,1.1050513980330303,1.1050513980330303,33.13210670462633,22.166957104761902,43.70949288262911,-19.396087466666668,0.0183035713278178,-0.0806028829114913,0.6169975876786046,0.3734696169830394,7.988095238095238,-0.1666666666666666,0.0,1.6259541984732824,0.0225016381461246,1.2293577981651376,0.0640569395017793,0.0,0.021678086038414,3.2535211267605635,2.466192170818505,10.343283582089551,0.0,6.837320855477343,0.0162761716060946,0.0125143513203214,-6.665321064227591,-21000000.0,519600000.0,-354400000.0,849700000.0,0.0,0.0,0.0,0.0,0.0,0.0,0.0,0.0,0.0,0.0202263870848023,1.3033486166788149,1999-11-12,,amc,,2025-04-25,1999-09-30,,11.34109375,66236.8125
1999-06-30,O,USD,726728,1999-08-06,1999-08-06 00:00:00,1999,Q2,24900000.0,0.0,24900000.0,1.0,0,1800000.0,0.0,1800000.0,-8500000.0,-6700000.0,-6700000.0,0.0,0.0,6200000.0,37800000.0,1.5180722892,31600000.0,1.2690763052,0.0,0.0,0.0,21200000.0,9800000.0,0.3935742972,0.19,0.19,52972973,52972973,https://www.sec.gov/Archives/edgar/data/726728/000072672899000021/0000726728-99-000021-index.html,https://www.sec.gov/Archives/edgar/data/726728/000072672899000021/,0.4700510201683413,0.1849999999056122,0.2831632651616514,-0.5701020405254581,-0.3209183671832049,9.606785709384294,9.238673464674148,9.606785709384294,6.103112241784126,609189189.5,949489189.5,15.540540548469387,24.46542929718876,40.61261263333333,-20.17182746688741,1.1970705236785222,1.1970705236785222,38.13209596385542,25.118761626984128,63.2992793,-31.44003938741722,0.0160869565135315,-0.0495740904804746,0.6352918058557674,0.3805768098881695,9.002645502645503,-0.9444444444444444,0.0,1.4285714285714286,0.023836601584999,1.481734693877551,0.072289156626506,0.0,0.0229546792230723,3.013333333333333,1.8152610441767068,7.290322580645161,0.0,6.323625976835596,,0.0118072289156626,-6.750612241453769,-35000000.0,489400000.0,-357600000.0,780100000.0,0.0,0.0,0.0,0.0,0.0,0.0,0.0,0.0,0.0,0.0192572214580467,0.8532653056871096,1999-08-06,,amc,,2025-04-25,1999-06-30,,11.345555555555556,89574.71428571429
1999-03-31,O,USD,726728,1999-05-12,1999-05-12 00:00:00,1999,Q1,23900000.0,0.0,23900000.0,1.0,0,1600000.0,0.0,1600000.0,-8100000.0,-6500000.0,-6500000.0,0.0,0.0,6100000.0,36500000.0,1.5271966527,30400000.0,1.2719665272,0.0,0.0,0.0,20500000.0,9929000.0,0.4154393305,0.19,0.19,53644764,53650824,https://www.sec.gov/Archives/edgar/data/726728/000072672899000012/0000726728-99-000012-index.html,https://www.sec.gov/Archives/edgar/data/726728/,0.4455234438164366,0.185087961240728,0.3653665062260317,-0.3746870803644508,-0.1118468896610301,8.323272705608323,7.956042084554608,8.323272705608323,6.224279409636325,545567249.88,885467249.88,13.736711901500655,22.82708158493724,27.835063769387755,-27.142649247761195,1.2218751397088468,1.2218751397088468,37.04883890711297,24.259376709041096,45.17690050408163,-44.05309700895523,0.0181994062183606,-0.0368423874497985,0.7478163493840986,0.4192090395480226,9.312328767123288,-0.375,0.0,1.97979797979798,0.0250729859664574,1.3776815389263772,0.0669456066945606,0.0,0.0247332077840552,2.0255102040816326,1.661087866108787,6.508196721311475,0.0,5.887452374199044,,0.0127819258496395,-6.636248786554453,-22000000.0,426800000.0,-356000000.0,751100000.0,1486500.0,0.0,0.0,0.0,0.0,0.0,0.0,0.0,0.0,0.0222374020156774,0.7400535865904825,1999-05-12,,amc,,2025-04-25,1999-03-31,,11.075409836065576,101006.47540983609
1998-12-31,O,USD,726728,1999-03-24,1999-03-24 00:00:00,1998,Q4,23132000.0,0.0,23132000.0,1.0,0,0.0,0.0,1880000.0,59748000.0,61628000.0,61628000.0,0.0,0.0,5835000.0,-32661000.0,-1.4119401695,-38496000.0,-1.6641881376,38496000.0,0.0,0.0,-49100000.0,10604000.0,0.4584125886,0.2,0.2,53513514,53513514,https://www.sec.gov/Archives/edgar/data/726728/000072672899000006/0000726728-99-000006-index.html,https://www.sec.gov/Archives/edgar/data/726728/,0.4322646425349679,0.1981555537541414,0.2624570683210973,-0.7800459525046327,0.0473338379535307,8.412996388164679,8.039688815800808,8.412996388164679,5.5088888388080814,644302708.56,936569708.56,15.190086490003772,27.853307477088013,45.87416935279459,-15.434988107227555,1.4311191214746928,1.4311191214746928,40.488055877572194,-28.67547559964483,66.68349651548593,-22.43656921064609,0.0164581024712742,-0.0647878698093548,0.6548069896425882,0.3882860883469392,-8.948501270628578,0.3932857142857143,0.0,1.3245001886080725,0.0209528841344965,1.2731044888721237,0.0,0.0,0.0263120460885576,3.9720897116411535,2.411724018675428,9.560925449871466,0.0,6.12448724838563,,0.0143441320136299,-5.685708660432952,-8494000.0,430232000.0,-303519000.0,729763000.0,1486500.0,0.0,0.0,11.567093204219264,0.0,0.0,7.780692902791793,0.0,0.0,0.0235535051498304,1.0425030208257302,1999-03-24,,amc,,2025-04-25,1998-12-31,,12.01875,73869.640625
1998-09-30,O,USD,726728,1998-11-13,1998-11-13 00:00:00,1998,Q3,21800000.0,0.0,21800000.0,1.0,0,1700000.0,0.0,1700000.0,-7800000.0,-6100000.0,-6100000.0,0.0,0.0,5600000.0,33500000.0,1.5366972477,27900000.0,1.2798165138,0.0,0.0,0.0,17400000.0,10500000.0,0.4816513761,0.2,0.2,53846154,53846154,https://www.sec.gov/Archives/edgar/data/726728/000072672898000023/0000726728-98-000023-index.html,https://www.sec.gov/Archives/edgar/data/726728/,0.4048571417004081,0.1949999994428571,0.3454285704416326,-0.300857141997551,-0.055714285555102,8.416571404524081,8.04142854845306,8.416571404524081,4.215714273669388,648307694.16,878307694.16,15.43589748,29.738885053211007,34.85525237419355,-40.01899346666666,1.430511240423654,1.430511240423654,40.289343768807335,26.218140124179104,47.22084377204301,-54.21652433086419,0.0161960132427622,-0.0249881347174045,0.500882612533098,0.325401376146789,6.865671641791045,-0.1764705882352941,0.0,1.7714285714285714,0.0205149501074988,1.2666666666666666,0.0779816513761468,0.0,0.0289564220183486,1.870967741935484,1.5963302752293578,6.214285714285714,0.0,6.076817171171244,,0.0155004428697962,-4.594571415444082,-20000000.0,433000000.0,-247400000.0,670600000.0,0.0,0.0,0.0,0.0,0.0,0.0,0.0,0.0,0.0,0.0231685789938217,0.6462857124391836,1998-11-13,,amc,,2025-04-25,1998-09-30,,12.2071875,73553.4375
1998-06-30,O,USD,726728,1998-08-13,1998-08-13 00:00:00,1998,Q2,20600000.0,0.0,20600000.0,1.0,0,1700000.0,0.0,1700000.0,-7500000.0,-5800000.0,-5800000.0,0.0,0.0,5400000.0,31800000.0,1.5436893204,26400000.0,1.2815533981,300000.0,26700000.0,1.2961165049,16100000.0,10300000.0,0.5,0.19,0.19,55675676,55675676,https://www.sec.gov/Archives/edgar/data/726728/000072672898000020/0000726728-98-000020-index.html,https://www.sec.gov/Archives/edgar/data/726728/,0.3699999978446602,0.1849999989223301,0.2460679597316429,-0.6501941709697427,-0.0538834948317466,8.199271796897445,7.832864032041568,8.199271796897445,3.554514542400886,710978382.52,911878382.52,17.25675685728155,34.5135137145631,51.89623230072993,-19.64028680994475,1.5574553833954,1.5574553833954,44.265940899029125,28.675420833962264,66.56046587737227,-25.190010566850827,0.0144870790072302,-0.0509157534040519,0.4335158817086528,0.2971471471471471,6.317610062893082,-0.25,0.0,1.3300970873786409,0.0182846628246595,1.2621359223300972,0.0825242718446602,0.0,0.0306306306306306,3.6423357664233578,2.4223300970873787,9.24074074074074,0.0,5.842043191878435,0.016302533638831,0.0159541511771995,-3.816747550582053,-15000000.0,436100000.0,-212500000.0,642900000.0,0.0,0.0,0.0,0.0,0.0,0.0,0.0,0.0,0.0,0.0225629791894852,0.8962621307013856,1998-08-13,,amc,,2025-04-25,1998-06-30,,12.747142857142858,67636.55555555556
1998-03-31,O,USD,726728,1998-05-13,1998-05-13 00:00:00,1998,Q1,19500000.0,0.0,19500000.0,1.0,0,1500000.0,0.0,1500000.0,-7100000.0,-5600000.0,-5600000.0,0.0,0.0,5100000.0,30200000.0,1.5487179487,25100000.0,1.2871794872,200000.0,25300000.0,1.2974358974,15200000.0,9900000.0,0.5076923077,0.19,0.19,52105263,52105263,https://www.sec.gov/Archives/edgar/data/726728/000072672898000014/0000726728-98-000014-index.html,https://www.sec.gov/Archives/edgar/data/726728/,0.3742424253764922,0.1900000005757575,0.3512121222764003,-0.6486868706525865,-0.038383838500153,8.814848511560147,8.417575783083564,8.814848511560147,2.8404040490113256,685705261.08,835705261.08,17.31578942121212,35.16437236307693,37.47023284590164,-20.28713790177515,1.4929354693664272,1.4929354693664272,42.856680055384615,27.6723596384106,45.66695415737705,-24.725007724260355,0.0144376900133554,-0.0492923153991327,0.3222294796429349,0.2384788913954237,4.966887417218543,-0.1538461538461538,0.0,1.8484848484848484,0.0182294065825194,1.2626262626262623,0.0769230769230769,0.0,0.0333548179181437,2.846994535519125,2.671794871794872,10.215686274509803,0.0,6.138686952525921,0.0167393219224303,0.0165027504584097,-3.1340404135374964,-15000000.0,438600000.0,-163300000.0,598600000.0,1618000.0,0.0,0.0,0.0,0.0,0.0,0.0,0.0,0.0,0.0215545395166557,0.9998989929289868,1998-05-13,,amc,,2025-04-25,1998-03-31,,12.781803278688525,85933.08196721312
1997-12-31,O,USD,726728,1998-03-20,1998-03-20 00:00:00,1997,Q4,18397000.0,0.0,18397000.0,1.0,0,0.0,0.0,1537000.0,39546000.0,41083000.0,41083000.0,0.0,0.0,4896000.0,-17790000.0,-0.96700549,-22686000.0,-1.2331358374,0.0,0.0,0.0,-32756000.0,10070000.0,0.5473718541,0.19,0.19,50885886,52105263,https://www.sec.gov/Archives/edgar/data/726728/000072672898000005/0000726728-98-000005-index.html,https://www.sec.gov/Archives/edgar/data/726728/,0.3615344341258006,0.1978937735308372,0.1885002061278838,-0.3261611677548466,0.0417208025030752,8.515426065294411,8.104683487283683,8.515426065294411,2.605830622660279,626914115.52,757391115.52,15.56390554915591,34.07697535032886,65.35801871559633,-37.77273697174188,1.4467860921500526,1.4467860921500526,41.16927300755558,-42.57398063631253,78.96070845704753,-45.63421796228234,0.0160628062930874,-0.0264741207593219,0.3060129467015912,0.2298009951110964,-7.334288926363126,0.4871818181818181,0.0,0.95253227408143,0.0187977272727272,1.1702642072460776,0.0,0.0,0.0362222518764481,2.730296080066722,1.423547317497418,5.34906045751634,0.0,6.157586413432548,,0.0181076026756815,-2.734667919509154,-5641000.0,412414000.0,-138347000.0,562851000.0,1618000.0,0.0,0.0,15.830841985106266,0.0,0.0,5.685105067985167,0.0,0.0,0.0232394447457392,0.5146613738827305,1998-03-20,,amc,,2025-04-25,1997-12-31,,12.6303125,105272.03125
1997-09-30,O,USD,726728,1997-11-12,1997-11-12 00:00:00,1997,Q3,17400000.0,0.0,17400000.0,1.0,0,1300000.0,0.0,1300000.0,-6500000.0,-5200000.0,-5200000.0,0.0,0.0,4800000.0,27400000.0,1.5747126437,22600000.0,1.2988505747,600000.0,23200000.0,1.3333333333,14100000.0,8500000.0,0.4885057471,0.19,0.19,45945946,45945946,https://www.sec.gov/Archives/edgar/data/726728/000072672897000024/0000726728-97-000024-index.html,https://www.sec.gov/Archives/edgar/data/726728/,0.3787058819074048,0.1849999997823529,0.343882352536609,-0.9032352930550172,-0.1305882351404844,7.983294108254948,7.524058814677578,7.983294108254948,3.8654117601583393,599135135.8399999,782735135.8399999,17.62162164235294,34.43305378390804,37.91994530632911,-14.43699122506024,1.6334109483097057,1.6334109483097057,44.98477792183908,28.56697576058394,49.54019847088607,-18.861087610602407,0.0141871165477264,-0.0692665102036056,0.4841875681570338,0.3179946284691137,6.700729927007299,-0.4285714285714285,0.0,1.880952380952381,0.0181928906317903,1.2823529411764707,0.0747126436781609,0.0,0.0377797672336615,3.626582278481013,3.293103448275862,11.9375,0.0,5.764586861737496,0.0168050335022062,0.0158168961667286,-4.3028823478789615,-20000000.0,345700000.0,-197700000.0,527500000.0,0.0,0.0,0.0,0.0,0.0,0.0,0.0,0.0,0.0,0.0231733914940021,1.2471176455916262,1997-11-12,,amc,,2025-04-25,1997-09-30,,12.83890625,44060.84375
1997-06-30,O,USD,726728,1997-08-13,1997-08-13 00:00:00,1997,Q2,16300000.0,0.0,16300000.0,1.0,0,1300000.0,0.0,1300000.0,-6200000.0,-4900000.0,-4900000.0,0.0,0.0,4400000.0,25600000.0,1.5705521472,21200000.0,1.3006134969,200000.0,21400000.0,1.3128834356,13100000.0,8100000.0,0.4969325153,0.18,0.18,46285714,46285714,https://www.sec.gov/Archives/edgar/data/726728/000072672897000020/0000726728-97-000020-index.html,https://www.sec.gov/Archives/edgar/data/726728/,0.3521604960009907,0.1750000010802469,0.3521604960009907,-0.4904321017927907,-0.0648148152149062,7.972222271433471,7.509876589567139,7.972222271433471,2.635802485406188,588291424.94,713291424.94,18.15714274506173,36.09149846257669,36.091498462576695,-25.91592180352423,1.5942857044444445,1.5942857044444445,43.76021011901841,27.862946286718756,43.76021011901841,-31.42252973303965,0.0137686861589494,-0.0385863180010063,0.3306233062330623,0.2438536877873276,4.8828125,-0.3333333333333333,0.0,2.0123456790123457,0.0183582482119325,1.3333333333333333,0.0797546012269938,0.0,0.0427743353987607,2.392638036809816,2.392638036809816,8.863636363636363,0.0,5.602733742338518,0.0170731517992982,0.0169137607016078,-2.901543227787304,-12000000.0,347600000.0,-134300000.0,481600000.0,0.0,0.0,0.0,0.0,0.0,0.0,0.0,0.0,0.0,0.0219512195121951,0.8425925977937815,1997-08-13,,amc,,2025-04-25,1997-06-30,,12.0546875,46860.796875
1997-03-31,O,USD,726728,1997-05-14,1997-05-14 00:00:00,1997,Q1,15600000.0,0.0,15600000.0,1.0,0,1300000.0,0.0,1300000.0,-6300000.0,-5000000.0,-5000000.0,0.0,0.0,4500000.0,25100000.0,1.608974359,20600000.0,1.3205128205,200000.0,20800000.0,1.3333333333,12400000.0,8200000.0,0.5256410256,0.18,0.18,45555556,45555556,https://www.sec.gov/Archives/edgar/data/726728/000072672897000013/0000726728-97-000013-index.html,https://www.sec.gov/Archives/edgar/data/726728/,0.3424390210493754,0.1799999982439024,0.2414634122784057,-0.1514634131564545,-0.0658536578941106,8.161463335010113,7.687316998172517,8.161463335010113,1.9360975420868527,507488893.84,598688893.84,15.472222373170734,32.53133934871795,46.13535398545455,-73.54911504927537,1.3649513013448091,1.3649513013448091,38.37749319487179,23.85214716494024,54.42626307636364,-86.7665063536232,0.0161579890703682,-0.0135963566567732,0.237224314147391,0.1885824246311738,3.633466135458167,-0.375,0.0,1.3414634146341464,0.0214783025447578,1.329268292682927,0.0833333333333333,0.0,0.0461834509300833,1.6272727272727272,1.1474358974358974,3.977777777777778,0.0,5.749254402469387,0.018507743646787,0.0183815288052006,-2.170975588575848,-11000000.0,350200000.0,-98900000.0,449500000.0,1144000.0,0.0,0.0,0.0,0.0,0.0,0.0,0.0,0.0,0.0220548682087143,0.3929268254348602,1997-05-14,,amc,,2025-04-25,1997-03-31,,12.141311475409836,72725.37704918033
1996-12-31,O,USD,726728,1997-03-26,1997-03-26 00:00:00,1996,Q4,14457000.0,0.0,14457000.0,1.0,0,0.0,0.0,1281000.0,38708000.0,39989000.0,39989000.0,0.0,0.0,4222000.0,-21310000.0,-1.4740264232,-25532000.0,-1.7660648821,300000.0,-25232000.0,-1.7453136889,-34355000.0,8823000.0,0.6102925918,0.19,0.19,44804411,45555556,https://www.sec.gov/Archives/edgar/data/726728/000072672897000007/0000726728-97-000007-index.html,https://www.sec.gov/Archives/edgar/data/726728/,0.3226691229129203,0.1969225753241126,0.2761558454590553,-0.52298422135267,0.034795681166303,8.352771337625663,7.86545324744923,8.352771337625663,1.5623461716749272,517938991.16,586379991.1600001,14.675818631984589,35.82617356021305,41.86042117190657,-22.10391734209628,1.3839718020206233,1.3839718020206233,40.56028160475895,-27.516658430783675,47.39190100703144,-25.024752097985665,0.017034824855027,-0.0452408495979818,0.1870452462450667,0.15415208644849,-3.2116846550915064,0.3847,0.0,1.4023574747818202,0.0208518767351572,1.2240734444066643,0.0,0.0,0.0480822379359476,2.8938010183464,2.47665490765719,8.480577925153955,0.0,6.0835111543598135,0.0208897419043784,0.0204111848573669,-1.7092290310433944,-6153000.0,352407000.0,-76009000.0,441914000.0,1144000.0,0.0,0.0,14.243619008092963,0.0,0.0,6.318618881118881,0.0,0.0,0.0235757172517174,0.7991400668117253,1997-03-26,,amc,,2025-04-25,1996-12-31,,11.2728125,57021.296875
1996-09-30,O,USD,726728,1996-11-13,1996-11-13 00:00:00,1996,Q3,14100000.0,0.0,14100000.0,1.0,0,1300000.0,0.0,1300000.0,-5700000.0,-4400000.0,-4400000.0,0.0,0.0,4100000.0,22600000.0,1.6028368794,18500000.0,1.3120567376,300000.0,18800000.0,1.3333333333,10600000.0,7900000.0,0.5602836879,0.17,0.17,46470588,46470588,https://www.sec.gov/Archives/edgar/data/726728/000072672896000029/0000726728-96-000029-index.html,https://www.sec.gov/Archives/edgar/data/726728/,0.3034177230552796,0.1700000008607595,0.2668354443890402,-0.045189873646531,-0.021518987450729,8.093291180219197,7.62202535504823,8.093291180219197,0.7875949406966832,512105879.76,549705879.76,16.205882270886075,36.319565940425534,41.29886127096774,-243.85994274285716,1.3616215893645305,1.3616215893645305,38.9862326070922,24.323269015929203,44.33111933548387,-261.76470464761906,0.0154264973557858,-0.004100714486981,0.0973145440042541,0.0868533459895586,1.663716814159292,-0.125,0.0,1.5696202531645569,0.0206988445533328,1.3417721518987342,0.0921985815602836,0.0,0.051969625059326,1.1693548387096775,1.0283687943262412,3.5365853658536586,0.0,5.563887033457987,0.0197724796279593,0.0197747183979974,-0.996329118968755,-9000000.0,354200000.0,-46300000.0,408100000.0,0.0,0.0,0.0,0.0,0.0,0.0,0.0,0.0,0.0,0.0210050518479127,0.3120253180355712,1996-11-13,,amc,,2025-04-25,1996-09-30,,10.576875,79655.1875
1996-06-30,O,USD,726728,1996-08-09,1996-08-09 00:00:00,1996,Q2,13800000.0,0.0,13800000.0,1.0,0,1300000.0,0.0,1300000.0,-5700000.0,-4400000.0,-4400000.0,0.0,0.0,4000000.0,22200000.0,1.6086956522,18200000.0,1.3188405797,200000.0,18400000.0,1.3333333333,10600000.0,7600000.0,0.5507246377,0.17,0.17,46060606,46060606,https://www.sec.gov/Archives/edgar/data/726728/000072672896000024/0000726728-96-000024-index.html,https://www.sec.gov/Archives/edgar/data/726728/,0.2996052635521122,0.1650000002171052,0.2431578950567867,0.1953947370992036,-0.0217105263443559,8.226118431876472,7.746315799666205,8.226118431876472,0.5340789480711565,473963635.7399999,499563635.7399999,15.590909070394735,34.34519099565217,42.3181817625,52.66262619333333,1.2508937338083923,1.2508937338083923,36.200263459420285,22.502866474774773,44.60389604821428,55.50707063777777,0.0160349854438391,0.0189887985519148,0.0649247822644497,0.0597377367654201,1.1531531531531531,-0.125,0.0,1.4736842105263157,0.0225755716117209,1.4078947368421053,0.0942028985507246,0.0,0.0536668285575522,0.1964285714285714,0.1594202898550724,0.55,0.0,5.526252321286544,0.0193460817234311,0.0195021811649987,-0.7359868430736669,-9000000.0,356800000.0,-33900000.0,398800000.0,550000.0,0.0,0.0,0.0,0.0,0.0,0.0,0.0,0.0,0.0200580628134072,0.0477631579575831,1996-08-09,,amc,,2025-04-25,1996-06-30,,9.885238095238096,71734.36507936507
1996-03-31,O,USD,726728,1996-05-10,1996-05-10 00:00:00,1996,Q1,14400000.0,0.0,14400000.0,1.0,0,1300000.0,0.0,1300000.0,-6100000.0,-4800000.0,-4800000.0,0.0,0.0,4100000.0,23300000.0,1.6180555556,19200000.0,1.3333333333,700000.0,19900000.0,1.3819444444,11300000.0,7900000.0,0.5486111111,0.17,0.17,46470588,46470588,https://www.sec.gov/Archives/edgar/data/726728/000072672896000015/0000726728-96-000015-index.html,https://www.sec.gov/Archives/edgar/data/726728/,0.3098734192904983,0.1700000008607595,0.2603797481538215,0.1915189883114885,-0.0430379749014581,8.22240510492357,7.742531684772312,8.22240510492357,0.5293670912879347,464241174.12,490841174.12,14.69117639620253,32.238970425,38.36703918347107,52.1619296764045,1.2149729759748755,1.2149729759748755,34.08619264722222,21.066144812017168,40.56538629090909,55.15069372134832,0.0170170171031791,0.0191710699010499,0.0643810520806071,0.0592200288878189,1.1416309012875536,-0.1125,0.0,1.5316455696202531,0.0344648447659324,2.0253164556962027,0.0902777777777777,0.0,0.0536831969186326,0.2644628099173554,0.2222222222222222,0.7804878048780488,0.0,5.608092339251977,0.0206868298109846,0.0200966675146273,-0.741867092363884,-8900000.0,359800000.0,-34200000.0,401100000.0,1615500.0,0.0,0.0,6.875,0.0,0.0,13.090909090909092,0.0,0.0,0.0206752159120649,0.0688607598423329,1996-05-10,,amc,,2025-04-25,1996-03-31,,10.61111111111111,66560.53968253969
1995-12-31,O,USD,726728,1996-03-21,1996-03-21 00:00:00,1995,Q4,14255000.0,0.0,14255000.0,1.0,0,0.0,0.0,1721000.0,38752000.0,40473000.0,40473000.0,0.0,0.0,4049000.0,-22169000.0,-1.5551736233,-26218000.0,-1.8392143108,26218000.0,0.0,0.0,-33818000.0,7600000.0,0.5331462645,0.16,0.16,46470588,46470588,https://www.sec.gov/Archives/edgar/data/726728/000072672896000009/0000726728-96-000009-index.html,https://www.sec.gov/Archives/edgar/data/726728/,0.3067531661101426,0.1635443046255408,0.2563341785130844,0.045663291370447,0.0355063292937029,8.207793712444525,7.722174722643922,8.207793712444525,0.4001886096212081,506064703.32000005,523011703.32000005,16.646865240789474,35.500856072956864,42.48360504701142,238.48478007540052,1.3267877314568417,1.3267877314568417,36.68970209189759,-23.592029560196675,43.90628805574212,246.47111372290297,0.0150178424816841,0.0041931397034386,0.0487571476137915,0.0445288873883904,-0.7644458478054942,0.2224117647058823,0.0,1.547012987012987,0.0378167125803489,2.518118872698947,0.0,0.0,0.0540347046133143,0.8218603089321692,0.6867765696246931,2.417880958261299,0.0,5.495689501078239,,0.0192369998380042,-0.7094756365036741,-13219000.0,358854000.0,-32437000.0,398712000.0,1065500.0,0.0,0.0,13.4542265871624,0.0,0.0,6.689347724073205,0.0,0.0,0.0199254891576499,0.2106708871426374,1996-03-21,,amc,,2025-04-25,1995-12-31,,9.775238095238096,80526.71428571429
1995-09-30,O,USD,726728,1995-11-14,1995-11-14 00:00:00,1995,Q3,13100000.0,0.0,13100000.0,1.0,0,1300000.0,0.0,1300000.0,-6000000.0,-4700000.0,-4700000.0,0.0,0.0,3900000.0,21700000.0,1.6564885496,17800000.0,1.358778626,0.0,0.0,0.0,11700000.0,6100000.0,0.465648855,0.16,0.16,39354839,39354839,https://www.sec.gov/Archives/edgar/data/726728/000072672895000019/0000726728-95-000019-index.html,https://www.sec.gov/Archives/edgar/data/726728/,0.3328688500034265,0.1549999988565573,0.2337704900787423,-0.134672130154058,0.0,9.01286878597064,8.438606495125034,8.796885181006585,1.453442612228702,402600002.97,459800002.97,16.500000121721314,30.73282465419847,43.76086988804348,-75.96226471132076,1.1629116203639511,1.1629116203639511,35.099236867938934,21.18894022903226,49.97826119239131,-86.75471754150944,0.0151515150397416,-0.0131644311001034,0.1652224147891392,0.1388686574411264,2.6359447004608296,0.0,0.0,1.5081967213114753,0.0183758553274682,1.212806460559836,0.099236641221374,0.0,0.0548676863316338,1.576086956521739,1.1068702290076335,3.717948717948718,0.0,5.538875052069596,,0.0156691497559722,-1.453442612228702,0.0,332100000.0,-57200000.0,406200000.0,0.0,0.0,0.0,0.0,0.0,0.0,0.0,0.0,0.0,0.0176198729058347,0.3684426202328003,1995-11-14,,amc,,2025-04-25,1995-09-30,,10.33095238095238,36801.28571428572
1995-06-30,O,USD,726728,1995-06-30,1995-06-29 20:00:00,1995,Q2,12300000.0,0.0,12300000.0,1.0,0,800000.0,0.0,800000.0,-5900000.0,-5100000.0,-5100000.0,0.0,0.0,3600000.0,21000000.0,1.7073170732,17400000.0,1.4146341463,0.0,0.0,0.0,11600000.0,5800000.0,0.4715447154,0.15,0.15,38666667,38666667,,,0.318103445533591,0.1499999987068965,0.2405172393058858,-0.5094827542285969,0.0,8.663793028760406,8.663793028760406,8.526724064424792,1.1431034384215222,395560003.41,439760003.41,17.05000014698276,32.15934987073171,42.5333337,-20.079187990355333,1.1997573655141038,1.1997573655141038,35.75284580569106,20.94095254333333,47.286021872043015,-22.32284281269036,0.0146627564718373,-0.0498028107750339,0.1340612678192296,0.1165611814345991,2.104761904761905,0.0,0.0,1.603448275862069,0.0222469408538222,1.5172413793103448,0.065040650406504,0.0,0.0,3.118279569892473,2.3577235772357725,8.055555555555555,0.0,5.364484455131742,,0.015295358649789,-1.1431034384215222,0.0,335000000.0,-44200000.0,373000000.0,0.0,0.0,0.0,0.0,0.0,0.0,0.0,0.0,0.0,0.0175917500758265,0.7499999935344828,1995-06-29,,amc,,2025-04-25,1995-06-30,,9.414920634920636,42233.39682539683
1995-03-31,O,USD,726728,1995-03-31,1995-03-30 19:00:00,1995,Q1,11900000.0,0.0,11900000.0,1.0,0,900000.0,0.0,900000.0,-5700000.0,-4800000.0,-4800000.0,0.0,0.0,3300000.0,20000000.0,1.6806722689,16700000.0,1.4033613445,0.0,0.0,0.0,10700000.0,6000000.0,0.5042016807,0.16,0.16,38709677,38709677,,,0.3074166699970139,0.1550000016791667,0.255750002770625,-0.069750000755625,0.0,8.723916761175765,8.723916761175765,8.594750093109793,0.4107500044497917,339870964.06,355770964.06,14.161290169166666,28.56058521512605,34.33040041010101,-125.87813483703704,1.0215538444845205,1.0215538444845205,29.896719668907565,17.788548203,35.936461016161616,-131.76702372592592,0.0176537587333902,-0.0079441914300256,0.0477908025247971,0.0449660633484162,0.795,0.0,0.0,1.65,0.025892179475639,1.4666666666666666,0.0756302521008403,0.0,0.0,1.2727272727272727,1.0588235294117647,3.8181818181818175,0.0,5.4748690645933085,,0.0169683257918552,-0.4107500044497917,0.0,337700000.0,-15900000.0,347500000.0,0.0,0.0,0.0,0.0,0.0,0.0,0.0,0.0,0.0,0.018034265103697,0.32550000352625,1995-03-30,,amc,,2025-04-25,1995-03-31,,8.70952380952381,36516.06349206349
1994-12-31,O,USD,726728,1994-12-31,1994-12-30 19:00:00,1994,Q4,12300000.0,0.0,12300000.0,1.0,0,0.0,0.0,0.0,-1600000.0,-1600000.0,-1600000.0,0.0,0.0,3400000.0,17300000.0,1.406504065,13900000.0,1.1300813008,0.0,0.0,0.0,6800000.0,7100000.0,0.5772357724,0.18,0.18,37607004,39259259,,,0.3270667346965474,0.1887946192150802,0.1701810652079596,0.1701810652079596,0.3103943084644552,9.046187247460606,9.046187247460606,8.918551448554636,0.3350439721281706,311762063.16,312689063.16,10.977537435211266,25.3465092,48.71282236875,48.71282236875,0.9295231459749552,0.9295231459749552,25.421875053658532,18.07451232138728,48.85766611875,48.85766611875,0.0227737779511556,0.0205284758996332,0.0375670840787119,0.0357142857142857,0.0535838150289017,0.0,0.0,0.3742690058479532,0.0282266543619957,1.2394366197183098,0.0,0.0,0.0,0.0,0.0,0.0,0.0,6.155073257508755,,0.0201247165532879,-0.0246496636637154,11673000.0,340200000.0,-927000.0,350173000.0,400000.0,0.0,0.0,0.0,0.0,0.0,0.0,0.0,0.0,0.0211687537268932,0.0,1994-12-30,,amc,,2025-04-25,1994-12-31,,7.85173076923077,76602.48076923077
1994-09-30,O,USD,726728,1994-09-30,1994-09-29 20:00:00,1994,Q3,12200000.0,0.0,12200000.0,1.0,0,2700000.0,0.0,2700000.0,-17400000.0,-14700000.0,-14700000.0,0.0,0.0,0.0,26900000.0,2.2049180328,26900000.0,2.2049180328,-26900000.0,0.0,0.0,5300000.0,-5300000.0,-0.4344262295,-0.14,-0.14,39259259,39259259,,,0.3107547190332859,-0.1350000008915094,,,0.0,8.73933968035413,8.73933968035413,8.64764156654103,0.3336792474865611,304259257.25,317359257.25,-14.351851757075472,24.93928338114754,0.0,0.0,0.8961981067746686,0.8961981067746686,26.01305387295082,11.79774190520446,0.0,0.0,-0.0174193549537431,,0.0385861561119293,0.036777091521617,0.4869888475836431,0.0,0.0,0.0,,,0.221311475409836,0.0,0.0,0.0,,0.0,,,,-0.0148792813026389,-0.3183962285177109,800000.0,343100000.0,-12300000.0,340900000.0,,,,5.901639344262295,0.0,0.0,15.25,0.0,0.0,-0.0156111929307805,,1994-09-29,,amc,,2025-04-25,1994-09-30,,,
