date,symbol,reportedCurrency,cik,fillingDate,acceptedDate,calendarYear,period,revenue,costOfRevenue,grossProfit,grossProfitRatio,researchAndDevelopmentExpenses,generalAndAdministrativeExpenses,sellingAndMarketingExpenses,sellingGeneralAndAdministrativeExpenses,otherExpenses,operatingExpenses,costAndExpenses,interestIncome,interestExpense,depreciationAndAmortization,ebitda,ebitdaratio,operatingIncome,operatingIncomeRatio,totalOtherIncomeExpensesNet,incomeBeforeTax,incomeBeforeTaxRatio,incomeTaxExpense,netIncome,netIncomeRatio,eps,epsdiluted,weightedAverageShsOut,weightedAverageShsOutDil,link,finalLink,revenuePerShare,netIncomePerShare,operatingCashFlowPerShare,freeCashFlowPerShare,cashPerShare,bookValuePerShare,tangibleBookValuePerShare,shareholdersEquityPerShare,interestDebtPerShare,marketCap,enterpriseValue,peRatio,priceToSalesRatio,pocfratio,pfcfRatio,pbRatio,ptbRatio,evToSales,enterpriseValueOverEBITDA,evToOperatingCashFlow,evToFreeCashFlow,earningsYield,freeCashFlowYield,debtToEquity,debtToAssets,netDebtToEBITDA,currentRatio,interestCoverage,incomeQuality,dividendYield,payoutRatio,salesGeneralAndAdministrativeToRevenue,researchAndDdevelopementToRevenue,intangiblesToTotalAssets,capexToOperatingCashFlow,capexToRevenue,capexToDepreciation,stockBasedCompensationToRevenue,grahamNumber,roic,returnOnTangibleAssets,grahamNetNet,workingCapital,tangibleAssetValue,netCurrentAssetValue,investedCapital,averageReceivables,averagePayables,averageInventory,daysSalesOutstanding,daysPayablesOutstanding,daysOfInventoryOnHand,receivablesTurnover,payablesTurnover,inventoryTurnover,roe,capexPerShare,report_date,epsEstimated,time,revenueEstimated,updatedFromDate,fiscalDateEnding,surprise(%),QuarterAvgPrice,QuarterAvgVolume
2025-03-31,OKE,USD,1039684,2025-04-30,2025-04-30 16:20:00,2025,Q1,8043000000.0,6035000000.0,2008000000.0,0.2496580878,0,0.0,0.0,655000000.0,133000000.0,788000000.0,6823000000.0,0.0,0.0,380000000.0,1710000000.0,0.2126072361,1220000000.0,0.1516846948,-332000000.0,888000000.0,0.1104065647,197000000.0,636000000.0,0.079074972,1.04,1.04,611400000,612500000,https://www.sec.gov/Archives/edgar/data/1039684/000103968425000061/0001039684-25-000061-index.htm,https://www.sec.gov/Archives/edgar/data/1039684/000103968425000061/oke-20250331.htm,13.155053974484789,1.040235525024534,1.4785737651292117,0.4497873732417403,0.2306182531894013,36.17926071311744,18.030749100425258,34.942754334314685,52.40431795878312,60663108000.0,92562108000.0,23.845561320754715,7.542348377471093,67.10520796460177,220.59312,2.839501404231417,2.839501404231417,11.508405818724356,54.129887719298246,102.39171238938052,336.58948363636364,0.0104841314757562,0.0045332329494229,1.4997191537165324,0.4985761635777975,18.65438596491228,0.6656962639495391,0.0,1.421383647798742,0.0105995228599233,1.0110062893081762,0.0,0.0,0.1726654529044707,0.6957964601769911,0.0782046500062165,1.6552631578947368,0.0,28.59800034997344,0.0157335528737109,0.0119623074463482,-64.70600261694472,-2067000000.0,11024000000.0,-38027000000.0,55259000000.0,2488500000.0,2312000000.0,826500000.0,29.664304364043264,36.34299917149959,13.496271748135875,3.03394945303659,2.4764054164956915,6.668508287292818,0.0297697060475566,1.0287863918874711,2025-04-29,1.24,amc,6570800071.0,2025-05-11,2025-03-31,-0.1612903225806451,99.2705,3979872.366666666
2024-12-31,OKE,USD,1039684,2025-02-25,2025-02-25 16:21:23,2024,Q4,7000000000.0,4840000000.0,2160000000.0,0.3085714286,0,0.0,0.0,0.0,592000000.0,592000000.0,5432000000.0,0.0,448000000.0,344000000.0,2120000000.0,0.3028571429,1568000000.0,0.224,-240000000.0,1328000000.0,0.1897142857,328000000.0,923000000.0,0.1318571429,1.58,1.57,587280509,586500000,https://www.sec.gov/Archives/edgar/data/1039684/000103968425000036/0001039684-25-000036-index.htm,https://www.sec.gov/Archives/edgar/data/1039684/000103968425000036/oke-20241231.htm,11.919346705238604,1.5716510012764615,2.743152506019913,1.7861992419707564,1.2481258764199852,37.68727151814943,18.73551025682005,29.008284352920693,55.38239308398365,58962963103.600006,90306963103.6,15.9704667127844,8.423280443371429,36.60022539019243,56.2087350844614,3.461080247922048,3.461080247922048,12.900994729085715,42.5976241054717,56.05646375145872,86.08862068979981,0.0156538944350245,0.0177908291032943,1.882895045785396,0.5006633473286612,14.784905660377358,0.8980716253443526,3.5,1.611,0.0098197235946686,0.6273022751895991,0.0,0.0,0.1737189592470617,0.3488516449410304,0.0802857142857142,1.6337209302325582,0.0,32.02803819847623,0.0195454798385383,0.0174351612232947,-66.55167232869974,-481000000.0,11003000000.0,-37698000000.0,56804000000.0,1789000000.0,1717000000.0,760500000.0,29.90571428571429,40.667355371900825,13.90909090909091,3.0094582975064488,2.21307727480567,6.470588235294118,0.0541793848321202,0.9569532640491564,2025-02-24,1.46,amc,6184953629.0,2025-05-11,2024-12-31,0.0753424657534247,102.29140625,2922752.609375
2024-09-30,OKE,USD,1039684,2024-10-30,2024-10-30 16:18:44,2024,Q3,5023000000.0,3301000000.0,1722000000.0,0.3428230141,0,0.0,0.0,274000000.0,320000000.0,594000000.0,3895000000.0,0.0,325000000.0,274000000.0,1511000000.0,0.3008162453,1128000000.0,0.2245669918,-216000000.0,912000000.0,0.1815648019,219000000.0,693000000.0,0.1379653593,1.18,1.18,584800000,586700000,https://www.sec.gov/Archives/edgar/data/1039684/000103968424000342/0001039684-24-000342-index.htm,https://www.sec.gov/Archives/edgar/data/1039684/000103968424000342/oke-20240930.htm,8.589261285909712,1.1850205198358412,2.1802325581395348,1.3389192886456909,0.9900820793433652,28.8765389876881,17.879616963064297,28.8765389876881,48.46443228454172,53292824000.0,80730824000.0,19.225405483405485,10.609759904439578,41.79829333333333,68.06235504469987,3.1558491147036176,3.1558491147036176,16.072232530360342,53.428738583719394,63.31829333333334,103.1045006385696,0.0130036269048155,0.0146924096197266,1.6590868715580032,0.5488148873653281,18.15883520847121,0.808546527973011,3.4707692307692306,1.83982683982684,0.0108457378802069,0.834054834054834,0.0,0.0,0.1259745347698335,0.3670588235294117,0.0931714115070675,1.708029197080292,0.0,27.74768554223265,0.0176255722588395,0.0155315000336179,-55.16159370725034,-681000000.0,10456000000.0,-31287000000.0,45248000000.0,1291000000.0,1259000000.0,798500000.0,22.432809078240098,33.99878824598606,21.075431687367463,4.011980830670926,2.6471531676022453,4.270375161707633,0.0410374844554983,0.8002735978112175,2024-10-29,1.23,amc,5581298770.0,2025-04-24,2024-09-30,-0.040650406504065,87.00890625,2639966.90625
2024-06-30,OKE,USD,1039684,2024-08-06,2024-08-06 16:17:35,2024,Q2,4894000000.0,3643000000.0,1251000000.0,0.2556191255,0,0.0,0.0,490000000.0,-22000000.0,22000000.0,3665000000.0,0.0,298000000.0,262000000.0,1491000000.0,0.3046587658,1229000000.0,0.2511238251,-206000000.0,1023000000.0,0.2090314671,243000000.0,780000000.0,0.1593788312,1.33,1.33,584600000,585800000,https://www.sec.gov/Archives/edgar/data/1039684/000103968424000138/0001039684-24-000138-index.htm,https://www.sec.gov/Archives/edgar/data/1039684/000103968424000138/oke-20240630.htm,8.37153609305508,1.3342456380431065,2.4563804310639754,1.637016763599042,0.0615805679096818,28.581936366746493,17.618884707492303,28.581936366746493,37.925076975709885,47773512000.0,69610512000.0,15.312023076923076,9.761649366571312,33.268462395543175,49.92007523510972,2.859148482853552,2.859148482853552,14.223643645279935,46.68713078470825,48.475286908078,72.73825705329153,0.0163270391341545,0.0200320210915203,1.3090550002992398,0.4911417985853822,14.645875251509054,0.6220155818044735,4.124161073825503,1.841025641025641,0.0120987546404375,0.7410256410256411,0.0,0.0,0.1439092848321544,0.3335654596100278,0.0978749489170412,1.8282442748091603,0.0038823048630976,29.29240154534168,0.0222634223967771,0.0204584797775796,-45.1257269928156,-1504000000.0,10300000000.0,-25351000000.0,38320000000.0,1514500000.0,1375500000.0,887500000.0,24.458520637515324,31.399945100192152,20.35684875102937,3.6796992481203006,2.86624704956727,4.421116504854369,0.0466814291699084,0.8193636674649333,2024-08-05,1.21,amc,5604003495.0,2025-04-24,2024-06-30,0.0991735537190083,79.87730158730159,2614279.6507936507
2024-03-31,OKE,USD,1039684,2024-05-01,2024-05-01 16:19:45,2024,Q1,4781000000.0,3637000000.0,1144000000.0,0.2392804853,0,0.0,0.0,486000000.0,-80000000.0,80000000.0,254000000.0,0.0,300000000.0,254000000.0,1318000000.0,0.2756745451,1064000000.0,0.2225475842,-217000000.0,639000000.0,0.1336540473,208000000.0,639000000.0,0.1336540473,1.09,1.09,584200000,585700000,https://www.sec.gov/Archives/edgar/data/1039684/000103968424000035/0001039684-24-000035-index.htm,https://www.sec.gov/Archives/edgar/data/1039684/000103968424000035/oke-20240331.htm,8.183841150290997,1.09380349195481,1.062992125984252,0.186579938377268,0.1112632660047928,28.1496062992126,17.250941458404657,28.1496062992126,38.173570694967474,46566582000.0,68502582000.0,18.218537558685444,9.739925120267726,74.98644444444443,427.2163486238532,2.831655944055944,2.831655944055944,14.32808659276302,51.97464491654021,110.310115942029,628.4640550458715,0.0137222869395911,0.0023407343918864,1.337853450896929,0.495629646316738,16.64339908952959,0.7033857892226991,3.546666666666667,0.971830985915493,0.0124123346652326,0.9045383411580594,0.0,0.0,0.1434332056769542,0.8244766505636071,0.1070905668270236,2.015748031496063,0.0,26.32067813550245,0.0171894333398929,0.0168056176524735,-44.72826086956522,-1244000000.0,10078000000.0,-24995000000.0,37930000000.0,1702000000.0,1522000000.0,869000000.0,31.98284877640661,36.62359087159747,23.53313170195216,2.81400824014126,2.4574324324324324,3.824395373291273,0.0388567953785345,0.8764121876069839,2024-04-30,1.16,amc,5647985192.0,2025-04-24,2024-03-31,-0.0603448275862067,72.99639344262295,3102379.704918033
2023-12-31,OKE,USD,1039684,2024-02-27,2024-02-27 16:18:54,2023,Q4,5183000000.0,3879000000.0,1304000000.0,0.2515917422,0,0.0,0.0,486000000.0,-64000000.0,64000000.0,3943000000.0,0.0,311000000.0,260000000.0,1384000000.0,0.2670268184,1240000000.0,0.2392436813,-330000000.0,910000000.0,0.1755739919,222000000.0,688000000.0,0.1327416554,1.18,1.18,583400000,585500000,https://www.sec.gov/Archives/edgar/data/1039684/000103968424000015/0001039684-24-000015-index.htm,https://www.sec.gov/Archives/edgar/data/1039684/000103968424000015/oke-20231231.htm,8.884127528282482,1.1792937949948576,2.639698320191978,1.606102159753171,0.57936235858759,28.255056564964004,17.511141583818993,28.255056564964004,37.83853273911553,40966348000.0,62392348000.0,14.88602761627907,7.903983793169979,26.60152467532468,43.72075560298826,2.4852188789128853,2.4852188789128853,12.037883079297703,45.08117630057803,40.514511688311686,66.58735112059765,0.0167942722158196,0.0228724317823009,1.320310604222276,0.4594469073253114,15.48121387283237,0.9003476245654692,3.987138263665595,2.238372093023256,0.0135721153372031,0.8081395348837209,0.0,0.0,0.1323200337766518,0.3915584415584415,0.1163418869380667,2.319230769230769,0.0121551225159174,27.381066266610983,0.0211028588743839,0.0167388448250693,-49.49562907096332,-344000000.0,10216000000.0,-27778000000.0,38621000000.0,1638000000.0,1591500000.0,899000000.0,29.60640555662744,36.2877030162413,18.259860788863108,3.039882697947214,2.4801790281329925,4.928843710292249,0.0417374423683571,1.033596160438807,2024-02-26,1.2,amc,6039630000.0,2025-04-24,2023-12-31,-0.0166666666666666,67.02190476190476,3985711.6825396814
2023-09-30,OKE,USD,1039684,2023-11-01,2023-11-01 16:18:12,2023,Q3,4189000000.0,2922000000.0,1267000000.0,0.3024588207,0,0.0,0.0,308000000.0,22000000.0,528000000.0,3450000000.0,215000000.0,215000000.0,177000000.0,1039000000.0,0.2480305562,739000000.0,0.1764144187,-144000000.0,595000000.0,0.1420386727,141000000.0,454000000.0,0.1083790881,0.99,0.99,457300000,458200000,https://www.sec.gov/Archives/edgar/data/1039684/000103968423000081/0001039684-23-000081-index.htm,https://www.sec.gov/Archives/edgar/data/1039684/000103968423000081/oke-20230930.htm,9.160288650776296,0.9927837305926088,2.0118084408484584,1.1414826153509732,0.621036518696698,35.64181062759676,21.33391646621474,35.64181062759676,48.70763175158539,29006539000.0,50781539000.0,15.972763766519822,6.924454285032227,31.528846739130437,55.56808237547893,1.7796514510092645,1.7796514510092645,12.12259226545715,48.87539846005775,55.197325,97.2826417624521,0.0156516432380988,0.017995942225303,1.353395913859746,0.502036914813719,20.95765158806545,0.9666464523953912,3.437209302325581,2.026431718061674,0.0147552936253442,0.9427312775330396,0.0,0.0,0.1489109902364642,0.4326086956521739,0.0950107424206254,2.248587570621469,0.0,28.216196035232464,0.0136846409477515,0.0121403358647983,-56.13874917996939,-110000000.0,9756000000.0,-24452000000.0,38522000000.0,1297000000.0,1249500000.0,735500000.0,33.75268560515636,49.86652977412731,31.139630390143736,2.666454487587524,1.8048177887584929,2.8902077151335317,0.0278544695993619,0.8703258254974853,2023-10-31,1.05,amc,5758070000.0,2025-04-24,2023-09-30,-0.0571428571428571,65.28619047619047,4349023.079365079
2023-06-30,OKE,USD,1039684,2023-08-08,2023-08-08 16:17:32,2023,Q2,3732000000.0,2652000000.0,1080000000.0,0.2893890675,0,0.0,0.0,287000000.0,13000000.0,343000000.0,2995000000.0,180000000.0,180000000.0,170000000.0,907000000.0,0.2430332262,737000000.0,0.1974812433,-124000000.0,613000000.0,0.1642550911,145000000.0,468000000.0,0.1254019293,1.04,1.04,448300000,449000000,https://www.sec.gov/Archives/edgar/data/1039684/000103968423000061/0001039684-23-000061-index.htm,https://www.sec.gov/Archives/edgar/data/1039684/000103968423000061/oke-20230630.htm,8.324782511710907,1.043943787642204,1.7220611197858575,1.0417131385233105,0.2743698416239125,16.10082534017399,14.43229979924158,16.10082534017399,28.991746598260093,27669076000.0,40380076000.0,14.780489316239317,7.414007502679528,35.84077202072539,59.248556745182015,3.833343862565808,3.833343862565808,10.81995605573419,44.52048070562293,52.30579792746114,86.4669721627409,0.0169141896896014,0.0168780482586408,1.7756996397894154,0.533197437390798,14.014332965821389,1.2280817402768622,4.094444444444444,1.6495726495726497,0.015468532451174,0.9145299145299144,0.0,0.0,0.0311173974540311,0.3950777202072539,0.0817256162915326,1.7941176470588236,0.0,19.447056930810977,0.0249708801207929,0.020094461142121,-35.02063350434977,346000000.0,6470000000.0,-14957000000.0,21323000000.0,1088000000.0,977000000.0,508000000.0,24.670418006430868,29.86425339366516,15.610859728506789,3.6480938416422286,3.013636363636364,5.765217391304348,0.0648379052369077,0.6803479812625474,2023-08-07,1.02,amc,4296870000.0,2025-04-24,2023-06-30,0.0196078431372549,61.86161290322581,3138235.85483871
2023-03-31,OKE,USD,1039684,2023-05-03,2023-05-03 16:17:53,2023,Q1,4521000000.0,3509000000.0,1012000000.0,0.2238442822,0,0.0,0.0,239000000.0,-485000000.0,-485000000.0,3024000000.0,166000000.0,166000000.0,162000000.0,880000000.0,0.1946472019,1497000000.0,0.3311214333,-118000000.0,1379000000.0,0.3050210131,330000000.0,1049000000.0,0.2320283123,2.34,2.34,448000000,449000000,https://www.sec.gov/Archives/edgar/data/1039684/000103968423000037/0001039684-23-000037-index.htm,https://www.sec.gov/Archives/edgar/data/1039684/000103968423000037/oke-20230331.htm,10.091517857142858,2.341517857142857,2.7254464285714284,2.080357142857143,1.5200892857142858,15.919642857142858,14.245535714285714,15.919642857142858,30.071428571428573,28465920000.0,41091920000.0,6.784061010486177,6.2963769077637695,23.313611793611795,30.542832618025752,3.991295569265283,3.991295569265283,9.08912187569122,46.69536363636364,33.65431613431613,44.09004291845493,0.0368510836818202,0.0327409056162597,1.8656758272574312,0.5439012426422498,14.347727272727273,1.1773602199816682,9.018072289156626,1.1639656816015254,0.015000393452943,0.4070543374642517,0.0,0.0,0.0306572923479398,0.2366912366912366,0.0639239106392391,1.7839506172839503,0.0,28.960540061609287,0.0499325680295956,0.0442354727165387,-34.616629464285715,387000000.0,6382000000.0,-14763000000.0,21177000000.0,1342646000.0,1216500000.0,568362500.0,22.952886529528865,27.54630948988316,14.2604730692505,3.921075455333912,3.267225325884544,6.311151079136691,0.1470835670218732,0.6450892857142857,2023-05-02,2.07,amc,5541150000.0,2025-04-24,2023-03-31,0.1304347826086956,66.43241935483871,2562817.516129032
2022-12-31,OKE,USD,1039684,2023-02-28,2023-02-28 16:33:50,2022,Q4,5032031000.0,4050660000.0,981371000.0,0.1950248319,0,0.0,0.0,274739000.0,224559000.0,224559000.0,4275219000.0,166202000.0,166202000.0,157415000.0,945040000.0,0.1878048843,756812000.0,0.1503989145,-129737000.0,627075000.0,0.1246166806,142154000.0,484921000.0,0.0963668547,1.08,1.08,447776000,448977000,https://www.sec.gov/Archives/edgar/data/1039684/000103968423000016/0001039684-23-000016-index.htm,https://www.sec.gov/Archives/edgar/data/1039684/000103968423000016/oke-20221231.htm,11.237830969055956,1.0829544236403916,2.323592599871364,1.6178468698635031,0.5163898913742585,14.502530282998642,12.821182912885014,14.502530282998642,30.96958077252912,29418883200.0,42899889200.0,15.166843259005075,5.846323919705582,28.275180426911845,40.60952938366971,4.5302439448804535,4.5302439448804535,8.525362661716512,45.39478667569627,41.23209229861339,59.21857397440481,0.0164833245607365,0.024624762098379,2.109866897858524,0.5620074724680089,14.265011004825192,0.8348906992892644,4.553567345759979,2.1456051604281936,0.0142146796381447,0.8623672721948523,0.0,0.0,0.0308816644293672,0.3037304086985523,0.0628008849707007,2.007534224819744,0.0105325265285527,18.79828542151977,0.0262861639354433,0.0205246906329986,-36.210963740798974,-503852000.0,5741018000.0,-15337434000.0,20201541000.0,1630742000.0,1508952000.0,636950500.0,27.405689670830725,30.195079320407043,12.902897305624268,3.2839896051144297,2.9806181015452538,6.975177579749452,0.074673481282776,0.7057457300078611,2023-02-27,1.02,amc,5896693834.0,2025-04-24,2022-12-31,0.0588235294117647,61.455714285714286,2451717.936507937
2022-09-30,OKE,USD,1039684,2022-11-02,2022-11-02 16:50:27,2022,Q3,5913531000.0,4929776000.0,983755000.0,0.166356615,0,0.0,0.0,238000000.0,284554000.0,284554000.0,5214330000.0,167000000.0,166939000.0,157102000.0,878311000.0,0.148525644,699201000.0,0.1182374794,-136120000.0,563880000.0,0.095354197,132129000.0,431000000.0,0.0728836967,0.96,0.96,447700000,448217000,https://www.sec.gov/Archives/edgar/data/1039684/000103968422000076/0001039684-22-000076-index.htm,https://www.sec.gov/Archives/edgar/data/1039684/000103968422000076/oke-20220930.htm,13.208691087781997,0.962698235425508,1.3757471521107885,0.6459481795845432,0.2001161492070583,14.09932767478222,12.411871789144516,14.09932767478222,31.328945722582088,22940148000.0,36776963000.0,13.306350348027845,3.879264013328078,37.24521611502755,79.32524871105947,3.634215842195572,3.634215842195572,6.21912069117419,41.87236980978264,59.71042274833501,127.17187948449296,0.0187880217686477,0.0126063266897842,2.195570245818105,0.5670809852825638,15.75389013686496,0.6681719928150276,4.188362216138829,1.426567628100456,0.0182253837246385,0.9700533642691416,0.0,0.0,0.0309123322682294,0.530474638022347,0.0552514225426399,2.079738004608471,0.0,17.47573895853834,0.0241815890410779,0.0181981170311195,-36.618047799865984,-1373316000.0,5556795000.0,-15361652000.0,19171959000.0,1753939500.0,1791332500.0,733540000.0,26.31714960148176,30.28562758226743,12.65490358993999,3.4198232469268883,2.971706620756837,7.111867693053424,0.0682797263551347,0.7297989725262453,2022-11-01,0.96,amc,6205442289.0,2025-04-24,2022-09-30,0.0729166666666667,59.46859375,2551661.9375
2022-06-30,OKE,USD,1039684,2022-08-09,2022-08-09 16:07:55,2022,Q2,5996000000.0,5036000000.0,960000000.0,0.1601067378,0,0.0,0.0,231000000.0,-9000000.0,271000000.0,5307000000.0,0.0,171000000.0,157757000.0,863984000.0,0.1440933956,689000000.0,0.11490994,-144000000.0,545000000.0,0.0908939293,131000000.0,413725000.0,0.0690001668,0.93,0.92,447500000,448200000,https://www.sec.gov/Archives/edgar/data/1039684/000103968422000059/0001039684-22-000059-index.htm,https://www.sec.gov/Archives/edgar/data/1039684/000103968422000059/oke-20220630.htm,13.398882681564244,0.9245251396648044,1.758659217877095,1.0837988826815643,0.3575351955307262,13.663975418994411,11.96993966480447,13.663975418994411,31.336364245810056,24836250000.0,38552499000.0,15.007704393014684,4.142136424282855,31.55813214739517,51.20876288659794,4.06177545685928,4.06177545685928,6.429702968645763,44.62177424581937,48.98665692503177,79.48968865979381,0.016658110624591,0.0195279077960642,2.2653905903367155,0.5647708115578369,15.87558218670716,0.8280813377793185,4.029239766081871,1.9009661835748792,0.0168302380592883,1.010332950631458,0.0,0.0,0.0309082667272914,0.3837357052096569,0.0503669112741827,1.9113924050632911,0.0,16.85928520456905,0.0240169635307777,0.0174062779897767,-36.9412530726257,-628334000.0,5356548000.0,-15385676000.0,19730966000.0,1730573000.0,1826852000.0,753155000.0,26.69810373582388,34.38016084193805,13.830691024622718,3.371025930925452,2.6177888001680043,6.507267051210486,0.0676615048926108,0.6748603351955307,2022-08-08,0.87,amc,5060073240.0,2025-04-24,2022-06-30,0.0574712643678161,64.83467741935483,2828052.7580645164
2022-03-31,OKE,USD,1039684,2022-05-04,2022-05-04 16:29:19,2022,Q1,5444609000.0,4519806000.0,924803000.0,0.1698566417,0,0.0,0.0,214000000.0,263917000.0,263917000.0,4783723000.0,0.0,172054000.0,153858000.0,830173000.0,0.1524761466,662456000.0,0.1216719144,-148409000.0,513591000.0,0.0943301897,122420000.0,390725000.0,0.0717636473,0.87,0.87,447000000,448404000,https://www.sec.gov/Archives/edgar/data/1039684/000103968422000034/0001039684-22-000034-index.htm,https://www.sec.gov/Archives/edgar/data/1039684/000103968422000034/oke-20220331.htm,12.180333333333332,0.8741051454138703,1.0340290827740493,0.4591342281879194,0.042572706935123,13.408711409395972,11.706948545861298,13.408711409395972,31.280682326621925,31571610000.0,45367411000.0,20.200659031287987,5.798691880353575,68.30562232400354,153.83300931136804,5.267471112138858,5.267471112138858,8.332537928802601,54.648140809204826,98.15303184043653,221.05319807243475,0.0123758338583303,0.0065005554040481,2.3041568355007778,0.5756087527438027,16.617983239638004,0.7584347304237213,3.850279563392888,1.181608554826406,0.0132080688948077,1.067246784823085,0.0,0.0,0.0317049703232711,0.5559755176748281,0.0471986142622913,1.6702283924137842,0.0,16.239274362398724,0.0235430119693967,0.016818384731726,-36.58150727069352,-841274000.0,5233006000.0,-15357690000.0,19344646000.0,1562122500.0,1531167000.0,656652500.0,27.811236766496915,34.44724618711511,14.583931257226528,3.236102038742103,2.612690707150467,6.171175550172992,0.0651893473373849,0.5748948545861298,2022-05-03,0.89,amc,4996335224.0,2025-04-24,2022-03-31,-0.0224719101123595,63.99774193548387,2989914.483870968
2021-12-31,OKE,USD,1039684,2022-03-01,2022-03-01 16:06:09,2021,Q4,5420491000.0,4472157000.0,948334000.0,0.1749535236,0,0.0,0.0,255579000.0,895000.0,296115000.0,4768272000.0,0.0,178395000.0,153118000.0,805285000.0,0.1485631099,652167000.0,0.1203151154,-142396000.0,509771000.0,0.0940451704,130398000.0,379098000.0,0.0699379447,0.85,0.85,446634000,447635000,https://www.sec.gov/Archives/edgar/data/1039684/000103968422000015/0001039684-22-000015-index.htm,https://www.sec.gov/Archives/edgar/data/1039684/000103968422000015/oke-20211231.htm,12.136315193200696,0.8487889412807802,2.3623593367276112,1.8999561161935723,0.3277650156503983,13.467767791972843,11.758773402830954,13.467767791972843,31.14689880304679,26244213840.0,39830691840.0,17.30701153791368,4.841667265935872,24.87343863672982,30.92703010305391,4.363009587603861,4.363009587603861,7.348170459096787,49.46160904524485,37.75027422733175,46.93777504905225,0.0144450126153978,0.0323341748841656,2.283041872680757,0.581368808302803,16.871639233314912,0.7455755303852675,3.655747078113176,2.7811942336434066,0.0158978661941888,1.1005782146041394,0.0,0.0,0.0323134156841871,0.1957378851494157,0.038100791976225,1.348796353139409,0.0099806456647562,16.037583303764645,0.0227363938511794,0.0165846848398906,-36.02114930793446,-810245000.0,5251868000.0,-15232076000.0,19272924000.0,1469667500.0,1387687500.0,678404500.0,23.93892730381805,26.81372545731288,11.690311856225083,3.7595669537642897,3.356489949271648,7.698682559274504,0.0630237285340397,0.462403220534039,2022-02-28,0.89,amc,4337610228.0,2025-04-24,2021-12-31,-0.0449438202247191,62.02515625,2287741.046875
2021-09-30,OKE,USD,1039684,2021-11-03,2021-11-03 16:11:48,2021,Q3,4536175000.0,3603669000.0,932506000.0,0.2055709932,0,0.0,0.0,225364000.0,1287000.0,265117000.0,3868786000.0,0.0,184049000.0,154542000.0,822401000.0,0.1812983406,667859000.0,0.1472295491,-153942000.0,513917000.0,0.1132930277,121899000.0,391743000.0,0.0863597635,0.88,0.88,446634000,447635000,https://www.sec.gov/Archives/edgar/data/1039684/000103968421000072/0001039684-21-000072-index.htm,https://www.sec.gov/Archives/edgar/data/1039684/000103968421000072/oke-20210930.htm,10.156358450095604,0.8771007133357515,0.9250952681614028,0.55296282862478,0.5022837491100095,13.077542238163687,11.362710854972976,13.077542238163687,32.36094430786729,25900305660.0,39945417660.0,16.52888862085602,5.709723646023357,62.6854357554474,104.87142534376366,4.434319457273097,4.434319457273097,8.805969271467701,48.571703657947886,96.67823790657316,161.7406736796074,0.0151250338564537,0.0095354859221379,2.4430327647826737,0.5977400782520986,17.07817962283606,0.9514750951703076,3.62870213910426,1.0539796641990928,0.0161048678527448,1.0647822679664984,0.0,0.0,0.0320832515266314,0.4022639098308481,0.0366403412566755,1.0754810989892716,0.0,16.064938113166363,0.0235636846808899,0.016953852973127,-36.48625552465777,-136009000.0,5074973000.0,-15364595000.0,19851840000.0,1294765500.0,1247772500.0,687747000.0,29.71212750830821,36.03787140272872,19.378000587734338,3.0290661607733704,2.49737280524247,4.644442010026936,0.067069231921587,0.3721324395366228,2021-11-02,0.82,amc,3518300000.0,2025-04-24,2021-09-30,0.0731707317073171,53.74734375,2341608.109375
2021-06-30,OKE,USD,1039684,2021-08-04,2021-08-04 16:16:09,2021,Q2,3388964000.0,2523900000.0,865064000.0,0.2552591293,0,0.0,0.0,212319000.0,-493000.0,254259000.0,2778159000.0,0.0,184957000.0,156921000.0,768433000.0,0.2267456957,611512000.0,0.1804421646,-159304000.0,452208000.0,0.1334354688,110069000.0,341864000.0,0.1008756658,0.77,0.77,446337000,446903000,https://www.sec.gov/Archives/edgar/data/1039684/000103968421000056/0001039684-21-000056-index.htm,https://www.sec.gov/Archives/edgar/data/1039684/000103968421000056/oke-20210630.htm,7.592836802684967,0.7659324680678501,1.220302148376675,0.8900852942955659,0.8387765298418012,13.241980835108896,11.520167496756937,13.241980835108896,32.38566822826698,24834190680.0,38729778680.0,18.160870024337164,7.327959423587857,45.59526513496345,62.510863123555794,4.2017882892927805,4.2017882892927805,11.42820598861481,50.40098314361825,71.10739183279294,97.48785152965934,0.0137658603175386,0.0159972195236442,2.414387994286668,0.608858386445371,18.083018298277143,0.9336098164161796,3.306238747384527,1.5919436252517252,0.016785487611469,1.2193562352280438,0.0,0.0,0.0327900698921648,0.2706025343972269,0.0434905770613084,0.9392496861478068,0.0,15.10646943930639,0.0214264303325157,0.0150808565046339,-35.92287105931169,-158978000.0,5141877000.0,-15291239000.0,19791050000.0,1000977000.0,991166000.0,556385500.0,28.999534961126766,37.53337691667657,21.38062522286937,3.103498043008035,2.3978657769003413,4.209418530180925,0.057841230674274,0.3302168540811091,2021-08-03,0.75,amc,3388960000.0,2025-04-24,2021-06-30,0.0266666666666666,53.27015873015873,2862694.8253968256
2021-03-31,OKE,USD,1039684,2021-04-28,2021-04-28 16:09:22,2021,Q1,3194679000.0,2278630000.0,916049000.0,0.2867421109,0,0.0,0.0,207158000.0,-5022000.0,251597000.0,2530227000.0,0.0,185523000.0,157120000.0,821572000.0,0.2571688736,664721000.0,0.2080712961,-156413000.0,508308000.0,0.1591108215,122132000.0,385901000.0,0.1207949218,0.87,0.86,445894000,446885000,https://www.sec.gov/Archives/edgar/data/1039684/000103968421000035/0001039684-21-000035-index.htm,https://www.sec.gov/Archives/edgar/data/1039684/000103968421000035/oke-20210331.htm,7.164660210722728,0.8654545699202052,1.1960622928319289,0.7997035169793718,0.90302627978847,13.673574885510906,11.944204227910667,13.673574885510906,32.444370186636284,22588990040.0,36467804040.0,14.633928157739938,7.070816830110318,42.35565346688742,63.34847718483495,3.7049564890072353,3.7049564890072353,11.41517004994868,44.38783702463083,68.37922668881734,102.27017003053987,0.0170835880363246,0.015785699111318,2.342350169305548,0.6161031381933914,16.89299781394692,0.9754096039266508,3.582957369167165,1.3810205709313887,0.0184261890090239,1.0785901047159765,0.0,0.0,0.0332665384781808,0.3313863987084604,0.0553213640556688,1.124834521384929,0.0,16.317530515239127,0.023283882670471,0.0172209478476169,-35.3026447989881,-50360000.0,5325849000.0,-15085370000.0,19846007000.0,869884000.0,824536500.0,442087500.0,25.63558967896305,36.72355318766101,20.26956109592167,3.510744286637391,2.4507432475308435,4.440155342984136,0.0632939503507072,0.3963587758525569,2021-04-27,0.77,amc,2686930000.0,2025-04-24,2021-03-31,0.1168831168831168,45.44262295081968,3052422.573770492
2020-12-31,OKE,USD,1039684,2021-02-23,2021-02-23 16:08:22,2020,Q4,2570577000.0,1779734000.0,790843000.0,0.3076519396,0,0.0,0.0,227019000.0,4949000.0,249771000.0,2029505000.0,0.0,176931000.0,152648000.0,689095000.0,0.2680701648,538663000.0,0.2095494513,-135427000.0,403236000.0,0.1568659488,95207000.0,307754000.0,0.119721759,0.69,0.69,445103000,445103000,https://www.sec.gov/Archives/edgar/data/1039684/000103968421000015/0001039684-21-000015-index.htm,https://www.sec.gov/Archives/edgar/data/1039684/000103968421000015/oke-20201231.htm,5.775240786963916,0.6914219854730254,1.788215311961501,1.178518230611791,1.1783699503261045,13.575280328373433,11.836979305913465,13.575280328373433,32.60868158605986,17083053140.000002,30895848140.0,13.877198297991251,6.645610359075025,21.462739829635403,32.56631845234691,2.8271976026736407,2.8271976026736407,12.01903235732678,44.8353973545012,38.81680546272332,58.89837262325521,0.0180151637694899,0.0307065719283947,2.3727816340466155,0.6212333213482842,20.04483416655178,1.3906356564701718,3.0444806167375984,2.5839774826396216,0.0243393845697537,1.3510498645021674,0.0,0.0,0.0335253367664476,0.3409528356408774,0.1055708504355247,1.777802526073057,0.0180115203707183,14.532397040919625,0.0189138980253221,0.0137975150090578,-35.281763996198634,525228000.0,5268675000.0,-15166581000.0,20453879000.0,773824000.0,671892500.0,415257500.0,29.052481213361823,36.37463800770227,18.76062377860961,3.097842120231961,2.474251427077917,4.7972818527823,0.050932427820875,0.60969708134971,2021-02-22,0.73,amc,2711430534.0,2025-04-24,2020-12-31,-0.0547945205479452,33.61875,4168957.765625
2020-09-30,OKE,USD,1039684,2020-10-28,2020-10-28 16:09:21,2020,Q3,2174264000.0,1418919000.0,755345000.0,0.3474026153,0,0.0,0.0,178148000.0,3679000.0,204929000.0,1623848000.0,0.0,176371000.0,153245000.0,699061000.0,0.3215161544,550433000.0,0.2531583101,-131562000.0,418871000.0,0.1926495587,106555000.0,312041000.0,0.1435156908,0.7,0.7,445103000,445510000,https://www.sec.gov/Archives/edgar/data/1039684/000103968420000076/0001039684-20-000076-index.htm,https://www.sec.gov/Archives/edgar/data/1039684/000103968420000076/oke-20200930.htm,4.8848558648223,0.7010534640296741,0.8238767206691485,-0.0299526177087101,1.004551755436382,13.80829156397508,12.064133470230486,13.80829156397508,32.66168055483787,11563775940.0,25478087940.0,9.264628638544291,5.318478317260461,31.533844018434184,-867.3699324932493,1.8814782320920933,1.8814782320920933,11.718028693847666,36.44615840391611,69.47748340650651,-1911.047700270027,0.0269843519641906,-0.0011529106123445,2.336670890475149,0.6304165388547833,19.904288753055884,1.573252831899333,3.120881550821847,1.1741633473789368,0.0359410284457656,1.331921125749501,0.0,0.0,0.0340781451951189,1.036355703416869,0.1747911017245376,2.4799634572090445,-0.0011498143739674,14.758315935372512,0.0189059275935013,0.0141807515592459,-34.642504094557886,627220000.0,5369782000.0,-14913402000.0,20432865000.0,663387500.0,689978500.0,487391000.0,29.71427572732658,39.61006230799645,29.14713947730632,3.028847171840435,2.2721499224158226,3.087781566697931,0.0507704708277363,0.8538293383778586,2020-10-27,0.61,amc,1894715771.0,2025-04-24,2020-09-30,0.1475409836065573,27.84078125,4967998.671875
2020-06-30,OKE,USD,1039684,2020-07-29,2020-07-29 16:08:39,2020,Q2,1660729000.0,1080874000.0,579855000.0,0.3491569064,0,0.0,0.0,194738000.0,11517000.0,224464000.0,1305338000.0,0.0,218968000.0,140416000.0,491207000.0,0.2957779385,355730000.0,0.2142011129,-178269000.0,177461000.0,0.1068572898,43140000.0,134046000.0,0.0807151558,0.32,0.32,419722000,420116000,https://www.sec.gov/Archives/edgar/data/1039684/000103968420000057/0001039684-20-000057-index.htm,https://www.sec.gov/Archives/edgar/data/1039684/000103968420000057/oke-2020630x10q.htm,3.956735648834228,0.319368534410872,0.7473923215842867,-0.6685020084722745,2.253234283644889,14.868536793401349,13.012696499111316,14.868536793401349,34.809064094805606,13943164840.0,27388594840.0,26.004440341375343,8.395809816050662,44.44787435008942,-49.69319400538161,2.234248094590116,2.234248094590116,16.491910986079006,55.75774539043621,87.30907480785599,-97.61246980415916,0.0096137427577023,-0.0201234800864622,2.3060350104444214,0.6259076940286573,27.372228001636785,1.7122422241108726,1.6245752804062694,2.335427818434943,0.0277766206197989,2.8892618951703146,0.0,0.0,0.0338779218428366,1.8944459143695984,0.3578440552311666,4.2322954649042845,0.0,10.336450701387353,0.0123848393688962,0.0060344303674382,-35.95656946740938,906757000.0,5461715000.0,-14571956000.0,20666867000.0,553239500.0,748921500.0,450683500.0,32.999405682685136,62.90526000255348,42.903196857358026,2.727321845290784,1.4307229633316303,2.09774577636316,0.021479486438276,1.4158943300565612,2020-07-28,0.51,amc,2646786843.0,2025-04-24,2020-06-30,-0.3725490196078431,32.58603174603175,7325538.412698412
2020-03-31,OKE,USD,1039684,2020-04-29,2020-04-29 16:09:30,2020,Q1,2136672000.0,1409281000.0,727391000.0,0.3404317556,0,0.0,0.0,179696000.0,4527000.0,207040000.0,1616321000.0,0.0,140616000.0,132353000.0,65439000.0,0.0306266006,-83469000.0,-0.0390649571,-113783000.0,-197252000.0,-0.0923173983,-55395000.0,-141857000.0,-0.0663915659,-0.34,-0.34,414282000,414282000,https://www.sec.gov/Archives/edgar/data/1039684/000103968420000036/0001039684-20-000036-index.htm,https://www.sec.gov/Archives/edgar/data/1039684/000103968420000036/oke-2020331x10q.htm,5.15753037785856,-0.3424165182170599,1.0203701826292235,-1.2719789901564635,1.2832563326429822,13.422357234926936,11.535854804215486,13.422357234926936,34.770451045423165,9035490420.0,22768016420.0,-15.923589283574303,4.228768112279283,21.374595584321572,-17.146509626953193,1.624900873838106,1.624900873838106,10.655831320857857,347.9273280459665,53.86062301139522,-43.2065106137491,-0.0156999779099981,-0.0583209073891088,2.5651999472722657,0.6492726259749907,209.85232048166995,1.3636548554506538,-0.5935953234340331,-2.979909345326632,0.0427942460261055,-2.725751989679748,0.0,0.0,0.0355741429913552,2.246585809552873,0.4444664412694133,7.175349255400331,0.0,,-0.0028722782147325,-0.0066951904993303,-36.95778720774738,396890000.0,4779097000.0,-14920517000.0,19807926000.0,666338500.0,976134500.0,446393500.0,20.95784472300849,47.40943076646886,24.65802065024647,4.294334708052963,1.898356477708525,3.649928000165755,-0.0255109078251949,2.292349172785687,2020-04-28,0.8,amc,2059442891.0,2025-04-24,2020-03-31,0.0374999999999998,60.93983870967742,5007506.225806451
2019-12-31,OKE,USD,1039684,2020-02-25,2020-02-25 16:08:55,2019,Q4,2663606000.0,1917324000.0,746282000.0,0.2801773235,0,0.0,0.0,234570000.0,1394000.0,259275000.0,2176599000.0,0.0,129283000.0,125983000.0,609796000.0,0.2289362616,487314000.0,0.182952734,-68883000.0,418431000.0,0.1570919273,98180000.0,319976000.0,0.1201288779,0.77,0.77,413911000,414282000,https://www.sec.gov/Archives/edgar/data/1039684/000103968420000012/0001039684-20-000012-index.htm,https://www.sec.gov/Archives/edgar/data/1039684/000103968420000012/oke10-k2019.htm,6.435214333516142,0.7730550770576283,1.4977471002220284,-1.1815994259635525,0.0506340735085561,15.041762601138892,12.727658844534211,15.041762601138892,31.07657201668958,31320645370.0,44033339370.0,24.47108952702703,11.758738105410483,50.52254815835234,-64.04031547179687,5.030660435650715,5.030660435650715,16.53147626563388,72.2099511475969,71.02907627263548,-90.03355171067133,0.010216136871384,-0.0156151635517847,2.045254130654096,0.58378788564395,20.847453902616618,0.7277807531364184,3.769358693718432,1.9357753761893013,0.0120766668608399,1.1821167837587818,0.0,0.0,0.0439128776151571,1.7889178525455935,0.4163569987453099,8.802862290944017,0.0034198000755366,16.175057845364403,0.018626865038416,0.015343415224725,-35.4799310721387,-549964000.0,5268118000.0,-14115836000.0,18756554000.0,778114500.0,1169874500.0,491576500.0,28.21772063886325,56.79321804765392,23.783538932387017,3.189485116528024,1.5846962558889164,3.784129866285094,0.051393915564064,2.679346526185581,2020-02-24,0.77,amc,2663606000.0,2025-04-24,2019-12-31,0.0,71.49078125,1848080.40625
2019-09-30,OKE,USD,1039684,2019-10-30,2019-10-30 16:05:42,2019,Q3,2263228000.0,1535958000.0,727270000.0,0.3213419063,0,0.0,0.0,221480000.0,578000.0,245135000.0,1781093000.0,0.0,129577000.0,121430000.0,600390000.0,0.2652803871,482151000.0,0.2130368659,-75631000.0,406520000.0,0.1796195523,97365000.0,308880000.0,0.1364776328,0.75,0.74,413816000,415578000,https://www.sec.gov/Archives/edgar/data/1039684/000103968419000076/0001039684-19-000076-index.htm,https://www.sec.gov/Archives/edgar/data/1039684/000103968419000076/oke-2019930x10q.htm,5.469165039534479,0.7464186981653682,0.8672791772188606,-1.5955883774431148,1.6270733852726815,15.028191273416205,12.706367081021517,15.028191273416205,30.55314680920989,30494101040.0,42334596040.0,24.681187710437708,13.47372029685034,84.96687333864594,-46.18359035560671,4.903451031419352,4.903451031419352,18.70540486420281,70.51182737887041,117.9584948201976,-64.11612655237172,0.0101291721830013,-0.0216527124093244,2.012219512563785,0.5865138051079807,19.72133946268259,1.255516376203457,3.7209612817089455,1.1608869337387395,0.0120628248564365,1.1908993783993784,0.0,0.0,0.0450324422580207,2.8397632727211937,0.4503187482657514,8.393098904718768,0.0044069797651849,15.88677962133541,0.018539086804725,0.0151596809419183,-33.02100933748333,400433000.0,5258098000.0,-13149416000.0,18724097000.0,695848500.0,1018613000.0,419472500.0,28.67573218429606,66.20390010664354,27.91939623349076,3.1385423542659354,1.3594365264738917,3.2235654112047145,0.0496678997881621,2.462867554661975,2019-10-29,0.74,amc,2293812162.0,2025-04-24,2019-09-30,0.0,70.77015625,2044086.765625
2019-06-30,OKE,USD,1039684,2019-07-31,2019-07-31 16:08:49,2019,Q2,2457575000.0,1740758000.0,716817000.0,0.2916765511,0,0.0,0.0,209951000.0,1185000.0,237713000.0,1978471000.0,0.0,117493000.0,114964000.0,590893000.0,0.2404374231,476146000.0,0.1937462743,-65248000.0,410898000.0,0.167196525,98935000.0,311688000.0,0.126827462,0.75,0.75,413606000,415049000,https://www.sec.gov/Archives/edgar/data/1039684/000103968419000056/0001039684-19-000056-index.htm,https://www.sec.gov/Archives/edgar/data/1039684/000103968419000056/oke-2019630x10q.htm,5.941826279115873,0.753586746807348,1.4853387039839847,-0.5225117624018993,0.6610083025874867,15.348268642137686,13.018072755230824,15.348268642137686,27.09433132014526,28782841540.0,39598329540.0,23.086260571468905,11.711887344231611,46.85126686145407,-133.1836046716085,4.53406189470421,4.53406189470421,16.112765445612037,67.01438253626291,64.45617615509201,-183.2288955828868,0.0108289516713227,-0.0075084317057321,1.7467938620092576,0.5614172203013084,18.30363196043954,0.8064877260093256,4.052547811358974,1.969288024541372,0.0124147228307327,1.146438104771438,0.0,0.0,0.0487952010354202,1.3517795375562591,0.3379180696418217,7.223643923315125,0.0038481022959624,16.13197651532384,0.019728562210981,0.0165899050187379,-30.091163450240085,-336203000.0,5384353000.0,-12002288000.0,16963819000.0,742379000.0,967349500.0,384710500.0,24.55795245312961,46.91285635338168,18.7401292999946,3.6648006454027726,1.918450655019909,4.802528230156125,0.0490991371325378,2.007850466385884,2019-07-30,0.71,amc,2326504333.0,2025-04-24,2019-06-30,0.0563380281690141,67.40126984126984,1905130.888888889
2019-03-31,OKE,USD,1039684,2019-05-01,2019-05-01 16:07:57,2019,Q1,2779958000.0,2070535000.0,709423000.0,0.2551919849,0,0.0,0.0,210426000.0,5898000.0,240741000.0,2311276000.0,0.0,115420000.0,114158000.0,579665000.0,0.2085157402,468742000.0,0.1686147776,-53600000.0,415142000.0,0.1493339108,77934000.0,336933000.0,0.121200752,0.82,0.81,412908000,415233000,https://www.sec.gov/Archives/edgar/data/1039684/000103968419000030/0001039684-19-000030-index.htm,https://www.sec.gov/Archives/edgar/data/1039684/000103968419000030/oke-2019331x10q.htm,6.732632935181687,0.8160001743729838,0.8563796293605355,-1.2983497534559756,0.0673612523855193,15.601552888294728,13.26648793435826,15.601552888294728,25.32039824852025,29048077800.0,39359838800.0,21.55330421775249,10.449106713123005,82.14814737306493,-54.18416710346409,4.50916652359529,4.50916652359529,14.158429300011008,67.90100972113203,111.30987257003558,-73.41897448045977,0.0115991496001845,-0.0184555757420892,1.605024118263783,0.5460757117034803,17.7891730568518,0.7946994352148261,4.061185236527465,1.0486287395316838,0.0121936811942854,1.0512564812588854,0.0,0.0,0.0509216462694075,2.5160913559159064,0.3200426049602188,7.7936281294346434,0.0030960899409271,16.924673475139812,0.0216898288780989,0.0187495847281921,-28.215489285748884,-346890000.0,5477839000.0,-11149540000.0,16135309000.0,817413500.0,1071829500.0,422397500.0,26.358387428874824,44.65463273984743,17.68908035845808,3.4144729165566363,2.015468373109892,5.0878846257808,0.0523024970793259,2.154729382816511,2019-04-30,0.73,amc,2505394246.0,2025-04-24,2019-03-31,0.1095890410958905,64.75704918032787,2910562.37704918
2018-12-31,OKE,USD,1039684,2019-02-26,2019-02-26 16:06:41,2018,Q4,3136700000.0,2428748000.0,707952000.0,0.2256996206,0,0.0,0.0,217886000.0,-10817000.0,236340000.0,2665088000.0,0.0,118489000.0,110649000.0,578056000.0,0.1842879459,471865000.0,0.1504335767,-82359000.0,389506000.0,0.1241770013,96618000.0,292613000.0,0.0932868939,0.71,0.71,411740000,412908000,https://www.sec.gov/Archives/edgar/data/1039684/000103968419000016/0001039684-19-000016-index.htm,https://www.sec.gov/Archives/edgar/data/1039684/000103968419000016/oke10-k2018.htm,7.618157089425366,0.7106742118812843,1.627893816486132,-0.3923616845582163,0.0752416573565842,15.979848933793171,13.630934570359935,15.979848933793171,23.07153300626609,22213373000.0,31582382000.0,18.97845704052793,7.081765230975229,33.140982202667885,-137.50068399452803,3.376127034962763,3.376127034962763,10.06866515764976,54.63550590254231,47.11896566900752,-195.4948096885813,0.0131728306187448,-0.0072726910946842,1.4257804835381425,0.5145432911772048,16.207787826784948,0.6633504645149295,3.9823527922423176,2.288482286744421,0.0158458600591634,1.2029198976122044,0.0,0.0,0.0530473591806258,1.2410241261344326,0.2651895303981891,7.517645889253405,0.0024551280007651,15.985008517596182,0.0213325976825836,0.0169487971551381,-26.19792587555253,-709804000.0,5612401000.0,-10253496000.0,15023989000.0,954316500.0,1227922000.0,496354000.0,23.54679121369592,41.36712824879321,16.224692722340894,3.822176838585623,2.175640509989367,5.547100431435156,0.0444731495789297,2.0202555010443484,2019-02-25,0.73,amc,3271130000.0,2025-04-24,2018-12-31,-0.0410958904109589,62.1052380952381,2498138.523809524
2018-09-30,OKE,USD,1039684,2018-10-31,2018-10-31 16:14:04,2018,Q3,3393890000.0,2668148000.0,725742000.0,0.2138378085,0,0.0,0.0,210424000.0,1668000.0,230371000.0,2898519000.0,0.0,121910000.0,107383000.0,598577000.0,0.1763690043,495534000.0,0.1460076785,-78635000.0,416899000.0,0.1228381002,102983000.0,312984000.0,0.0922198421,0.76,0.75,412117000,414847000,https://www.sec.gov/Archives/edgar/data/1039684/000103968418000078/0001039684-18-000078-index.htm,https://www.sec.gov/Archives/edgar/data/1039684/000103968418000078/oke-2018930x10q.htm,8.235258433891346,0.7594542326572309,1.2459568520590028,-0.4387661756248832,0.2049515064896619,16.142886607444,13.788902180691403,16.142886607444,22.021095950907142,28415467150.0,37284361150.0,22.697220265253176,8.372536278429767,55.33899499493651,-157.14520359688757,4.271231142031621,4.271231142031621,10.9857305775968,62.28832907044541,72.61112633403444,-206.1925814193991,0.0110145646505762,-0.006363541343363,1.3458114664624807,0.4998716453745381,14.816630107738854,0.7378595922138792,4.0647526864080055,1.6357242064756177,0.011950357817714,1.0849596145489866,0.0,0.0,0.0541622462762921,1.3521519825504402,0.2045743969309553,6.465669612508497,0.0023253552707954,16.60858603644224,0.0231917508751988,0.0184747276122224,-24.46071685953261,-642298000.0,5682641000.0,-9450648000.0,14288346000.0,1012019500.0,1183487000.0,477237000.0,28.85118551278916,45.18326194798789,18.716364309626,3.1194558698499506,1.9918880603087552,4.808626211326318,0.0470457515514618,1.6847230276838858,2018-10-30,0.71,amc,3212882533.0,2025-04-24,2018-09-30,0.0563380281690141,68.45492063492063,2254670.3174603176
2018-06-30,OKE,USD,1039684,2018-08-01,2018-08-01 16:02:19,2018,Q2,2960529000.0,2282106000.0,678423000.0,0.2291560056,0,0.0,0.0,206214000.0,-2534000.0,230153000.0,2512259000.0,0.0,113496000.0,106288000.0,550381000.0,0.1859063026,448366000.0,0.1514479338,-78656000.0,369710000.0,0.124879709,87531000.0,280773000.0,0.094838794,0.68,0.68,411946000,414641000,https://www.sec.gov/Archives/edgar/data/1039684/000103968418000056/0001039684-18-000056-index.htm,https://www.sec.gov/Archives/edgar/data/1039684/000103968418000056/oke-2018630x10q.htm,7.18669194506076,0.6815771970112587,1.2323192845664237,0.3805450228913498,0.0371286527845882,16.600435493972512,14.20325236802882,16.178965204177246,20.13223092347055,28766189180.0,36930790180.0,25.61338624084225,9.716570646664836,56.66550939724101,183.49996925314483,4.316098039568724,4.316098039568724,12.47438892846515,67.1004089530707,72.74867118816347,235.58208632083893,0.0097605212231313,0.0054495921937755,1.227317002907788,0.4836248915081957,14.834452860836402,0.5574035187849838,3.9505004581659264,1.799031820227586,0.0113704668335911,1.1649446349898316,0.0,0.0,0.0583851453139817,0.6911960823324778,0.1185210480964719,3.3012663706156857,0.0029954106174943,15.751581173778424,0.0221779859723121,0.0176296180949516,-22.23128880969836,-1138394000.0,5850973000.0,-8641550000.0,13153033000.0,890141000.0,900260500.0,341800000.0,28.45631979960338,40.52047976737277,15.759403813845632,3.1627420774647885,2.2210990717950065,5.710875935606734,0.0421273665163259,0.8517742616750739,2018-07-31,0.67,amc,2916963235.0,2025-04-24,2018-06-30,0.0149253731343283,64.37671875,2221732.5
2018-03-31,OKE,USD,1039684,2018-05-02,2018-05-02 16:04:33,2018,Q1,3102077000.0,2472263000.0,629814000.0,0.2030297765,0,0.0,0.0,185358000.0,-2571000.0,210204000.0,2682467000.0,0.0,115725000.0,104237000.0,557839000.0,0.17982758,419699000.0,0.1352961258,-77879000.0,341820000.0,0.1101906884,75771000.0,264233000.0,0.0851793814,0.65,0.64,409676000,412173000,https://www.sec.gov/Archives/edgar/data/1039684/000103968418000034/0001039684-18-000034-index.htm,https://www.sec.gov/Archives/edgar/data/1039684/000103968418000034/oke-2018331x10q.htm,7.572025210166083,0.6449804235542234,1.2090554486960428,0.5635038420605551,0.1878948242025405,16.767523604018784,14.349795936300882,16.357916988058857,19.86966773743153,23318757920.0,31325684920.0,22.062685130169207,7.517143488056551,47.07807244191141,101.01084633577932,3.479660646373932,3.479660646373932,10.098293794770408,56.155422837055134,63.24319970281898,135.69478943401458,0.011331349675935,0.0098999269511692,1.1974133642201996,0.488329573371351,14.353472955458477,0.6293744313300221,3.626692590192266,1.8617660656495607,0.0135688187632251,1.1974583038454698,0.0,0.0,0.0602765387074652,0.5339305218232218,0.0852548147579831,2.5371701027466256,0.0023219926520199,15.407370480293451,0.0213308884029483,0.0171114726967512,-21.263044454642205,-760093000.0,5878767000.0,-8272350000.0,13108581000.0,1023584500.0,956812500.0,358293500.0,24.49314443194028,28.14217581220121,10.338451046672624,3.6744975823780113,3.1980469669647915,8.705365977330427,0.0394292515376532,0.6455516066354876,2018-05-01,0.61,amc,2956689062.0,2025-04-24,2018-03-31,0.0491803278688525,57.38770491803279,3260571.606557377
2017-12-31,OKE,USD,1039684,2018-02-27,2018-02-27 16:35:36,2017,Q4,3792158000.0,3177533000.0,614625000.0,0.1620778987,0,0.0,0.0,202661000.0,2210000.0,216809000.0,3394342000.0,0.0,124190000.0,103769000.0,493435000.0,0.1301198421,397836000.0,0.1049101857,-84381000.0,316181000.0,0.0833775913,251369000.0,62771000.0,0.0165528441,0.15,0.15,391023484,409676000,https://www.sec.gov/Archives/edgar/data/1039684/000103968418000021/0001039684-18-000021-index.htm,https://www.sec.gov/Archives/edgar/data/1039684/000103968418000021/oke10-k2017.htm,9.698031333586092,0.1605300002902127,0.9703151230681584,0.5049671134330131,0.0985183795252563,14.53966892689238,11.999003108468033,14.136918180597052,23.689477433022923,20900205219.8,30001964219.8,83.23989270443359,5.511427851845835,55.08519730269678,105.84847721393336,3.780880621729864,3.780880621729864,7.911580746319114,60.802262141518135,79.07406176808568,151.9440690986255,0.0030033676387317,0.009447467042713,1.6532510641084526,0.5425018507430012,18.4457101745924,0.6615059600687577,3.203446332232869,5.854101092390298,0.0136825929215797,4.555750266842969,0.0,0.0,0.0589732705280804,0.4795844139414257,0.0479837601703304,1.753529474120402,0.0017335775566313,7.145732173246074,0.0053559935841966,0.0039596966455147,-25.58299477992478,-902877000.0,4691892000.0,-9396127000.0,12788709000.0,1071273000.0,1031695500.0,412113000.0,28.549862637579977,32.30537338243222,12.252731914979323,3.1523794402265763,2.785914248214272,7.345300674535476,0.0113553745052115,0.4653480096351451,2018-02-26,0.51,amc,3720649056.0,2025-04-24,2017-12-31,0.0196078431372549,53.36714285714286,2423545.238095238
2017-09-30,OKE,USD,1039684,2017-11-01,2017-11-01 16:23:29,2017,Q3,2906366000.0,2331714000.0,574652000.0,0.1977218286,0,0.0,0.0,179693000.0,2458000.0,207050000.0,2538764000.0,0.0,126533000.0,102298000.0,472616000.0,0.1626140686,351906000.0,0.1210811027,-90963000.0,263659000.0,0.0907177554,97128000.0,165466000.0,0.0569322652,0.43,0.43,380907000,383419000,https://www.sec.gov/Archives/edgar/data/1039684/000103968417000117/0001039684-17-000117-index.htm,https://www.sec.gov/Archives/edgar/data/1039684/000103968417000117/oke-2017930x10q.htm,7.630119688007834,0.4343999978997498,0.7694922907691378,0.4145526335824755,0.0313147303672549,14.482230570716736,11.866277070255997,14.070350505503969,25.15950875148002,21106056870.0,30551280870.0,31.88881230887312,7.262009282382191,72.00851868784224,133.6621589426621,3.9380682079188425,3.9380682079188425,10.511849116732028,64.64292548284442,104.23322996878252,193.47764410472053,0.0078397400812082,0.0074815490630296,1.7645132610441845,0.5640912430961916,19.984985696633206,0.5541118829074672,2.781140097840089,1.7600626910304988,0.013441023197622,1.7144730639527153,0.0,0.0,0.0594359946509483,0.4612647344808174,0.0465182292939017,1.3216191909910262,0.0021370329820814,11.727045884445602,0.0144436956430671,0.0104935146900707,-27.135279083870863,-1222215000.0,4519948000.0,-9729593000.0,12352827000.0,844470000.0,809827000.0,333468500.0,29.095974147784556,35.61920544286306,15.116296424003972,3.093211436842469,2.5267267722849525,5.953839318543939,0.0308734311721533,0.3549396571866623,2017-10-31,0.45,amc,3041581395.0,2025-04-24,2017-09-30,0.0444444444444443,54.05460317460317,4224686.968253968
2017-06-30,OKE,USD,1039684,2017-08-02,2017-08-02 16:07:44,2017,Q2,2725772000.0,2191871000.0,533901000.0,0.1958714815,0,0.0,0.0,190784000.0,-17810000.0,217805000.0,2409676000.0,0.0,118473000.0,100849000.0,419662000.0,0.1539607862,316733000.0,0.116199374,-99615000.0,219835000.0,0.080650546,43844000.0,71476000.0,0.0262222959,0.34,0.33,211785000,214012000,https://www.sec.gov/Archives/edgar/data/1039684/000103968417000099/0001039684-17-000099-index.htm,https://www.sec.gov/Archives/edgar/data/1039684/000103968417000099/oke-2017630x10qxmerger.htm,12.870467691290695,0.3374932124560285,1.765002242840617,1.375479849847723,1.5717071558420097,26.277739216658404,21.558760063271716,25.53413603418561,45.9106593951413,11046705600.0,20319050600.0,38.63781409144328,4.052688779545759,29.55237037889144,37.92131161047146,2.0427556244772545,2.0427556244772545,7.454420472438634,48.41765659030362,54.3579353720295,69.75156914035414,0.0064703453308287,0.0263703958943198,1.7761030610344752,0.5760667160761194,22.094792952423617,0.5061357746618708,2.673461463793438,2.123977930689638,0.0117606103307396,1.81761710224411,0.0,0.0,0.0599420389574161,0.2206922934930618,0.0302648203884991,0.8180051363920317,0.0027771948644273,13.924652453221126,0.0162733618474108,0.0045603047280909,-47.572617276955405,-1412708000.0,4565822000.0,-9659881000.0,12133693000.0,742094500.0,700056000.0,234322000.0,24.74199969770032,28.61256889661846,11.304246463409571,3.6375394511206456,3.1454708007933023,7.961609850892646,0.0132173343168606,0.3895223929928937,2017-08-01,0.45,amc,3304000000.0,2025-04-24,2017-06-30,-0.2666666666666666,51.73857142857143,3257983.206349206
2017-03-31,OKE,USD,1039684,2017-05-03,2017-05-03 16:19:44,2017,Q1,2749611000.0,2243262000.0,506349000.0,0.1841529584,0,0.0,0.0,162052000.0,3591000.0,191922000.0,2435184000.0,0.0,116462000.0,99419000.0,416563000.0,0.1514988848,314420000.0,0.1143507209,-76011000.0,241126000.0,0.0876945866,54941000.0,87361000.0,0.0317721307,0.41,0.41,211619000,213602000,https://www.sec.gov/Archives/edgar/data/1039684/000103968417000045/0001039684-17-000045-index.htm,https://www.sec.gov/Archives/edgar/data/1039684/000103968417000045/oke-2017331x10q.htm,12.993214219895188,0.412822100094982,1.2715776938743686,0.7388419754369882,1.4691402945860248,16.39509212310804,11.658352983427765,1.1264678502402905,46.015088437238624,11732157360.0,21042554360.0,33.57378395393826,4.2668426042811145,43.59938072763759,75.03634314659776,49.215785420040106,49.215785420040106,7.652920489480148,50.51469852099202,78.19894592887138,134.58363037485688,0.0074462860767493,0.0133268754588201,40.3604508729686,0.5987969671558055,22.35051360778562,0.5045608047514362,2.699764730126565,1.4452829175282649,0.0110671887544474,1.486269616877096,0.0,0.0,0.0623855846669419,0.418956482961091,0.0410010725153485,1.1339582977096934,0.0021483038873498,3.234686002006643,0.0161454695393999,0.0057988709589414,-55.001415279346375,-1353527000.0,2467129000.0,-11219598000.0,12202441000.0,803637000.0,789004500.0,197142500.0,24.052842383886304,28.21561636581015,7.756788997451034,3.7417615167300817,3.189722982945577,11.60273923005705,0.3664748177295265,0.5327357184373804,2017-05-02,0.43,amc,2883726829.0,2025-04-24,2017-03-31,-0.0465116279069767,54.99629032258064,2877050.629032258
2016-12-31,OKE,USD,1039684,2017-02-28,2017-02-28 16:16:30,2016,Q4,2654461000.0,2120780000.0,533681000.0,0.2010506088,0,0.0,0.0,179859000.0,-5031000.0,204179000.0,2324959000.0,0.0,114188000.0,99310000.0,428812000.0,0.1615439067,329600000.0,0.124168334,-79969000.0,249631000.0,0.0940420673,54870000.0,90505000.0,0.0340954341,0.43,0.43,211398000,213157000,https://www.sec.gov/Archives/edgar/data/1039684/000103968417000019/0001039684-17-000019-index.htm,https://www.sec.gov/Archives/edgar/data/1039684/000103968417000019/oke10-k2016.htm,12.556698738871702,0.4281260939081732,2.032119509172272,1.402473060293853,1.177281715058799,16.220186567517196,11.464422558396958,0.8928419379558936,45.19962818948145,12136359180.0,21328407180.0,33.52400193359483,4.572061589904693,28.251291196640487,40.93483263626552,64.30029500119208,64.30029500119208,8.034929569505824,49.738363618555454,49.64874828323083,71.93877219373988,0.0074573435622395,0.0244290726405478,50.01946011814883,0.5849847364272489,21.436079214201097,0.5039953100450135,2.8864679300802187,2.209065898747846,0.0106702511090315,1.4308380752444616,0.0,0.0,0.0622947215679825,0.3098471551679989,0.0501442665761523,1.340308126069882,0.0035604214942317,2.9326781200679624,0.0173482330459069,0.0059804834236765,-55.37500591301716,-1407017000.0,2423556000.0,-11280152000.0,12169745000.0,804827000.0,793274000.0,250208000.0,29.579903415420304,37.12114882260301,8.527588905968559,3.042606283598684,2.42449393013395,10.553979676131895,0.4795093909772444,0.6296464488784189,2017-02-27,0.46,amc,2839697674.0,2025-04-24,2016-12-31,-0.0652173913043478,52.46968253968255,1764850.0793650793
2016-09-30,OKE,USD,1039684,2016-11-02,2016-11-02 16:12:00,2016,Q3,2357907000.0,1850143000.0,507764000.0,0.2153452193,0,0.0,0.0,165664000.0,3532000.0,184151000.0,2034294000.0,0.0,118240000.0,98550000.0,422163000.0,0.1790414126,329357000.0,0.1396819298,-79553000.0,249804000.0,0.1059431097,55012000.0,92144000.0,0.0390787253,0.44,0.43,211309000,212870000,https://www.sec.gov/Archives/edgar/data/1039684/000103968416000159/0001039684-16-000159-index.htm,https://www.sec.gov/Archives/edgar/data/1039684/000103968416000159/oke-2016930x10q.htm,11.15857346350605,0.4360628274233468,1.847635453293518,1.098618610660218,1.1235205315438528,16.28048970938294,11.508643739736597,1.014135697012432,45.39576638950542,10859169510.0,20096053510.0,29.462497585301268,4.605427402353019,27.813928287852637,46.776924677361,50.67369204278195,50.67369204278195,8.522835510476028,47.60259309792663,51.47264629042421,86.56569735685855,0.0084853634447041,0.0213780620871807,44.21124986000672,0.592808988342223,21.879899470109887,0.5846763656486607,2.785495602165088,2.01024632368085,0.0119341538854014,1.4064399201250215,0.0,0.0,0.0630917151664353,0.4053921141738938,0.0671247848197575,1.606027397260274,0.0033580628922175,3.154378668958313,0.0173598722360935,0.0061537224497804,-54.90423029781032,-972673000.0,2431880000.0,-11172530000.0,12562410000.0,704641500.0,704825000.0,315271500.0,28.139430435551528,34.626258618928375,14.567684768150354,3.198358979089124,2.599183498005808,6.178057902294053,0.4299846940680181,0.7490168426333,2016-11-01,0.44,amc,2357900000.0,2025-04-24,2016-09-30,0.0,47.31859375,2175652.15625
2016-06-30,OKE,USD,1039684,2016-08-03,2016-08-03 16:34:15,2016,Q2,2134107000.0,1626570000.0,507537000.0,0.2378217212,0,0.0,0.0,167667000.0,3863000.0,191839000.0,1818409000.0,0.0,118976000.0,99247000.0,414945000.0,0.1944349557,315285000.0,0.1477362663,-82741000.0,232544000.0,0.108965483,52458000.0,85944000.0,0.0402716452,0.41,0.4,211075000,212618000,https://www.sec.gov/Archives/edgar/data/1039684/000103968416000145/0001039684-16-000145-index.htm,https://www.sec.gov/Archives/edgar/data/1039684/000103968416000145/oke-2016630x10q.htm,10.11065734928343,0.407172805874689,1.4313774724623949,0.7830628923368471,0.8568234040033164,16.544721070709464,11.753490465474355,1.1248560938055194,44.89498993248845,10015508750.0,19191888750.0,29.13382187819976,4.693067756209038,33.14988597548059,60.59538826874792,42.18317370666599,42.18317370666599,8.992936506932407,46.25164479629831,63.52237710506805,116.11391687085944,0.0085810917992558,0.016502906055571,39.41066171360701,0.5913728836054074,22.11468989866127,0.5854394561192751,2.649988232920925,1.6798047359320356,0.0129072824183793,1.5041538676347388,0.0,0.0,0.0639142635041616,0.452930545993751,0.0641219020414627,1.378812457807289,0.0070108949551264,3.210178074219685,0.016641999286523,0.0058024826637462,-54.38961625014805,-907233000.0,2480868000.0,-11049535000.0,12588698000.0,596747500.0,610075000.0,285146000.0,28.34221058269337,38.611907264980914,18.3186521330161,3.1754756650829763,2.330887189341863,4.913025224044244,0.3619776859608556,0.6483145801255478,2016-08-02,0.44,amc,2290253658.0,2025-04-24,2016-06-30,-0.0681818181818182,39.6684375,2793461.6875
2016-03-31,OKE,USD,1039684,2016-05-04,2016-05-04 16:18:53,2016,Q1,1774459000.0,1290216000.0,484243000.0,0.2728961334,0,0.0,0.0,155145000.0,-332000.0,177015000.0,1467231000.0,0.0,118247000.0,94478000.0,401706000.0,0.2263822382,311434000.0,0.1755092679,-85457000.0,225977000.0,0.1273498007,50066000.0,83446000.0,0.047026164,0.4,0.4,210781000,211071000,https://www.sec.gov/Archives/edgar/data/1039684/000103968416000126/0001039684-16-000126-index.htm,https://www.sec.gov/Archives/edgar/data/1039684/000103968416000126/oke-2016331x10q.htm,8.418495974494855,0.3958895725895597,1.0887034410122354,0.1568784662754233,0.6510026994842989,17.295235339048585,12.48320768949763,1.3610714438208378,44.329968071125954,6293920660.0,15382369660.0,18.8562683052513,3.5469518653290946,27.4271200725124,190.33842380621164,21.938598547168237,21.938598547168237,8.668765894281018,38.292606184622585,67.0320015862087,465.1879414522031,0.013258190642651,0.0052537999422445,32.15773402861047,0.5951602684420362,22.62462845961972,0.5616568241841696,2.6337581503124814,1.311610148663401,0.0205333061824773,1.5487261222826738,0.0,0.0,0.0654328269472153,0.855903398147099,0.1106878209076682,2.078907258832744,0.0046391604427039,3.481919703777924,0.016557591666111,0.0057601144208909,-53.17242303623192,-773439000.0,2631223000.0,-10864621000.0,12677972000.0,557707500.0,569149500.0,221999500.0,26.447069219407155,36.434620249632616,16.686903588236387,3.4030235733627903,2.470178071937157,5.393451189077791,0.2908661219709433,0.931824974736812,2016-05-03,0.41,amc,1818862499.0,2025-04-24,2016-03-31,-0.0243902439024389,24.610491803278688,4088806.24590164
2015-12-31,OKE,USD,1039684,2016-02-23,2016-02-23 16:46:06,2015,Q4,1930902000.0,1426665000.0,504237000.0,0.2611406483,0,0.0,0.0,163569000.0,3113000.0,184786000.0,1611451000.0,0.0,110730000.0,93379000.0,412830000.0,0.2138016326,242017000.0,0.1253388313,-255644000.0,-13627000.0,-0.0070573235,12652000.0,25515000.0,0.0132140316,0.13,0.12,210417000,210683000,https://www.sec.gov/Archives/edgar/data/1039684/000103968416000113/0001039684-16-000113-index.htm,https://www.sec.gov/Archives/edgar/data/1039684/000103968416000113/oke10-k2015.htm,9.176549423288042,0.1212592138467899,1.4823089389165325,0.2561912773207488,0.4639311462476891,17.89939025839167,13.064904451636512,1.5958691550587645,43.20611927743481,5188883220.0,14071836220.0,50.84149735449736,2.6872846058474225,16.636208115984775,96.25620457454504,15.45239465392885,15.45239465392885,7.287700887978779,34.08627333284888,45.11606563579061,261.0391270150444,0.0049172430594805,0.0103889406861617,26.74397107785037,0.5814131466490173,21.51721774095875,0.595269632648178,2.185649778741082,-11.05411823079104,0.0248028322364132,5.044052518126592,0.0,0.0,0.0658585193386218,0.8271674206403914,0.1336142383197076,2.762891014039559,0.0013998638978052,2.0866387758203984,0.0322656908362443,0.0017683318279006,-52.44006781771435,-663056000.0,2749078000.0,-10704565000.0,12728191000.0,590068000.0,618275000.0,204846000.0,27.685563534555357,38.85872296579785,12.918379577546236,3.2507916946558715,2.316082288118809,6.966818048637562,0.0759831803643857,1.2261176615957836,2016-02-22,0.46,amc,1972876086.0,2025-04-24,2015-12-31,-0.0217391304347826,30.01375,3128925.53125
2015-09-30,OKE,USD,1039684,2015-11-05,2015-11-04 19:29:24,2015,Q3,1898946000.0,1449108000.0,449838000.0,0.2368882527,0,0.0,0.0,146979000.0,-7437000.0,164177000.0,1613285000.0,0.0,106923000.0,88299000.0,373960000.0,0.1969302971,284935000.0,0.1500490272,-81939000.0,202996000.0,0.106899301,38298000.0,82157000.0,0.0432645267,0.39,0.39,210296000,210524000,https://www.sec.gov/Archives/edgar/data/1039684/000103968415000076/0001039684-15-000076-index.htm,https://www.sec.gov/Archives/edgar/data/1039684/000103968415000076/oke-2015930x10q.htm,9.0298721801651,0.3906731464221858,1.7173745577661963,0.2866863849050862,0.1824618632784266,19.19820158253129,14.346787385399628,1.9708981625898736,41.98178282040552,6771531200.000001,15454838200.0,20.605460277274,3.5659419488495203,18.749549918733404,112.31785566189522,16.337728966009767,16.337728966009767,8.138640171969081,41.32751684672157,42.79257552809443,256.34590389623315,0.0121327064106268,0.0089033038790399,21.04286417417823,0.5623878261818286,23.21988180554069,0.485913808552642,2.664861629396856,2.245470597744314,0.0189147766165501,1.5589907129033436,0.0,0.0,0.0657862648757458,0.8330670594782879,0.1584394711592641,3.4073772069898864,0.0030796031061441,4.162268875898762,0.0159483761418256,0.0056706675460111,-51.7867589017385,-1008031000.0,3017072000.0,-10518203000.0,12290795000.0,635528000.0,657741000.0,177524500.0,27.78074258035773,38.54172359824113,12.726504856780862,3.2396542223329243,2.3351316858104187,7.0718552354181305,0.1982208689609913,1.43068817286111,2015-11-03,0.41,amc,1898900000.0,2025-04-24,2015-09-30,0.0,36.51484375,2770035.921875
2015-06-30,OKE,USD,1039684,2015-08-05,2015-08-05 16:58:12,2015,Q2,2128052000.0,1690080000.0,437972000.0,0.2058088806,0,0.0,0.0,140869000.0,-1900000.0,165350000.0,1855430000.0,0.0,102384000.0,86987000.0,359609000.0,0.1689850624,272744000.0,0.1281660411,-73502000.0,199242000.0,0.0936264715,48222000.0,76505000.0,0.0359507192,0.36,0.36,210204000,210477000,https://www.sec.gov/Archives/edgar/data/1039684/000103968415000060/0001039684-15-000060-index.htm,https://www.sec.gov/Archives/edgar/data/1039684/000103968415000060/oke-2015630x10q.htm,10.123746455823866,0.3639559665848414,1.4017335540712832,0.0430486574946242,1.0760642042967783,19.02608418488706,14.158388993549124,2.4619322182261043,42.45836425567544,8298853919.999999,16895194920.0,27.118665185282005,3.899742073971876,28.165124452740532,917.1017703613658,16.036184793278554,16.036184793278554,7.939277292096246,46.98212480777734,57.33987754963516,1867.0786738866173,0.0092187428212979,0.0010903915272194,17.048111333544604,0.5636976892477117,23.904688147404546,0.4848516935334743,2.663931864353805,1.9528764581124072,0.01522656034413,1.651695967583818,0.0,0.0,0.0653758374767908,0.96928898693365,0.1342077167287265,3.28326071711865,0.0010530757707048,4.490076358303275,0.0141833169647255,0.0052300486513132,-51.55413431713954,-1342766000.0,2976150000.0,-10388025000.0,11756293000.0,656481500.0,708224500.0,184414000.0,28.965885232127786,37.00550269809713,7.995083072990627,3.1071033831265638,2.4320707310544902,11.256918680938076,0.1478334634440433,1.358684896576659,2015-08-04,0.34,amc,2009872222.0,2025-04-24,2015-06-30,0.0588235294117645,44.35619047619048,2034223.238095238
2015-03-31,OKE,USD,1039684,2015-05-06,2015-05-06 16:19:50,2015,Q1,1805306000.0,1429819000.0,375487000.0,0.2079907783,0,0.0,0.0,154331000.0,1832000.0,179018000.0,1608837000.0,0.0,96750000.0,85955000.0,282424000.0,0.1564410687,196463000.0,0.1088253183,-63198000.0,133265000.0,0.0738185105,37428000.0,60800000.0,0.033678501,0.29,0.29,209874000,210467000,https://www.sec.gov/Archives/edgar/data/1039684/000103968415000034/0001039684-15-000034-index.htm,https://www.sec.gov/Archives/edgar/data/1039684/000103968415000034/oke-2015331x10q.htm,8.601856351906381,0.2896976281006699,0.1871122673604162,-1.451237409112134,1.1407368230462087,18.5505970248816,13.729775960814584,2.5260775512926803,42.51427523180575,10124321760.0,18710801760.0,41.62961250000001,5.608091791640863,257.8131336898396,-33.24059846935258,19.096800878228755,19.096800878228755,10.364338101130778,66.25074979463501,476.4655401069519,-61.43209027602216,0.0060053405493505,-0.0300836942187424,16.64766164049208,0.568199930561068,30.4027986290117,0.5186717254151103,2.030625322997416,0.4103748445549831,0.0124505130307118,2.0732401315789475,0.0,0.0,0.0651361774968803,8.755971479500891,0.1904646636082747,4.000314117852365,0.0031257858778511,4.05776665022477,0.009757005947604,0.0041869506521037,-51.55464945634047,-1226771000.0,2881523000.0,-10317836000.0,11676315000.0,686779000.0,806474000.0,176412500.0,31.31090241765108,45.41704229696207,13.765511578738288,2.8743981505069547,1.9816349865217904,6.538078841836198,0.1146827926769001,1.6383496764725505,2015-05-05,0.36,amc,2241062068.0,2025-04-24,2015-03-31,-0.1944444444444444,45.68524590163935,2329246.934426229
2014-12-31,OKE,USD,1039684,2015-02-25,2015-02-25 08:44:27,2014,Q4,2844768000.0,2361828000.0,482940000.0,0.1697642831,0,0.0,0.0,165686000.0,1235000.0,181259000.0,2543087000.0,0.0,86459000.0,80555000.0,382236000.0,0.1343645598,306747000.0,0.1078284767,-49978000.0,256769000.0,0.0902600845,56003000.0,94544000.0,0.0332343446,0.45,0.45,209541000,210285000,https://www.sec.gov/Archives/edgar/data/1039684/000103968415000017/0001039684-15-000017-index.htm,https://www.sec.gov/Archives/edgar/data/1039684/000103968415000017/oke10-k2014.htm,13.576187953670164,0.4511957087157167,1.9808581614099388,-0.7621086088164131,0.8247168811831574,19.117418548160025,14.274738595310705,2.8257715673782218,39.826735579194526,10433046390.0,18519109390.0,27.587806709045523,3.667450698967368,25.13557051685133,-65.33189551201367,17.61996637477517,17.61996637477517,6.509883895628748,48.44941185550288,44.616726752772415,-115.96694526372475,0.009061974467076,-0.0153064593054109,13.948092853584184,0.539634919265892,21.15463483293044,0.5464278772501457,3.547889751211557,2.059241435765138,0.0117670328886556,1.2985065154848536,0.0,0.0,0.0663031148886345,1.3847365872344732,0.20204248641717,7.135050586555769,0.0010078150485382,5.356020921614162,0.0171584424437192,0.0066161785102961,-50.107986026601,-1085101000.0,2991143000.0,-9991433000.0,11592076000.0,858389500.0,1056673500.0,236239500.0,23.58521327573989,33.968252556917776,5.111320553401857,3.815950228975686,2.6495328203649717,17.607974115436804,0.1596716853989512,2.742966770226352,2015-02-23,0.36,amc,2275840000.0,2025-04-24,2014-12-31,0.25,55.21265625,2117513.375
2014-09-30,OKE,USD,1039684,2014-11-05,2014-11-05 16:27:11,2014,Q3,3120145000.0,2657792000.0,462353000.0,0.1481831774,0,0.0,0.0,153408000.0,-2406000.0,172495000.0,2830287000.0,0.0,86052000.0,74588000.0,364446000.0,0.116804187,291392000.0,0.0933905315,-139082000.0,152310000.0,0.048815039,37858000.0,64458000.0,0.0206586553,0.31,0.31,209489000,210759000,https://www.sec.gov/Archives/edgar/data/1039684/000103968414000086/0001039684-14-000086-index.htm,https://www.sec.gov/Archives/edgar/data/1039684/000103968414000086/oke-2014930x10q.htm,14.894075583920872,0.3076915733045649,1.5954632462802345,-0.2289046202903255,0.7227252982256825,17.94554845361809,13.08746521297061,2.97501062108273,34.806882461608964,13732003950.0,20786207950.0,53.25950211765801,4.401078779992597,41.08524602671199,-286.363813525744,22.0335347831947,22.0335347831947,6.661936528590819,57.03508324964466,62.19095702984753,-433.4704387629554,0.0046939980671939,-0.0034920613316601,11.561676871534196,0.5034592175791891,19.35596494405207,0.9612133334006772,3.3862315809045693,2.924650641838976,0.0088382584538944,1.882884979366409,0.0,0.0,0.0711082352421668,1.1434721989516263,0.1224894996867132,5.1239475518850215,0.001945742906179,4.538301248096204,0.0174599232037921,0.004848478101552,-45.366399906439,-69114000.0,2741680000.0,-8840014000.0,11190723000.0,1034146500.0,1246736500.0,336730500.0,28.01653448798053,41.37797841215565,11.457273556395684,3.212388742748009,2.17507001196464,7.855271985695074,0.1034253696857671,1.82436786657056,2014-11-04,0.38,amc,3824638709.0,2025-04-24,2014-09-30,-0.1842105263157895,67.01328125,889692.5
2014-06-30,OKE,USD,1039684,2014-08-06,2014-08-06 16:18:35,2014,Q2,3066882000.0,2643529000.0,423353000.0,0.1380401985,0,0.0,0.0,153323000.0,1821000.0,172022000.0,2815551000.0,0.0,88751000.0,72127000.0,323458000.0,0.1054680291,251315000.0,0.0819447895,-60242000.0,191073000.0,0.0623020384,42313000.0,61590000.0,0.0200822855,0.29,0.29,209403000,210516000,https://www.sec.gov/Archives/edgar/data/1039684/000103968414000065/0001039684-14-000065-index.htm,https://www.sec.gov/Archives/edgar/data/1039684/000103968414000065/oke-2014630x10q.htm,14.645836019541267,0.2941218607183278,0.2193091789515909,-1.6559075084884172,1.712296385438604,18.11497925053605,13.250297273678028,3.1347449654493964,34.84376537107873,14256156240.0,21105234240.0,57.8671709693132,4.648420200059865,310.42932322968386,-41.11340739202658,21.717875218037097,21.717875218037097,6.881658387900154,65.24876255959043,459.56872746276457,-60.86550110741971,0.0043202388472139,-0.0243229657533551,10.980139391400389,0.5010684389029387,21.174551255495302,1.1126227668864734,2.831686403533481,0.3262783212907901,0.0081655249872598,1.890063321967852,0.0,0.0,0.0708176376606603,8.55056179775281,0.128037531277695,5.444230315970441,0.0041860104170946,4.554660579845242,0.0155979895136856,0.0046080091073832,-44.13658352554644,208484000.0,2774652000.0,-8531552000.0,11097827000.0,990340500.0,1213326500.0,283176500.0,32.192539523855174,43.2900528044141,11.409157985405116,2.7956787917681547,2.078999543073394,7.888399837668151,0.0938264081959096,1.875216687440008,2014-08-05,0.36,amc,3345709090.0,2025-04-24,2014-06-30,-0.0833333333333332,63.26190476190476,1046830.015873016
2014-03-31,OKE,USD,1039684,2014-05-07,2014-05-07 17:06:34,2014,Q1,3163296000.0,2720083000.0,443213000.0,0.1401111372,0,0.0,0.0,126726000.0,-24125000.0,149111000.0,2869194000.0,0.0,94901000.0,78768000.0,393390000.0,0.1243607933,294117000.0,0.0929780204,-74396000.0,219721000.0,0.0694595131,14984000.0,93515000.0,0.0295625196,0.45,0.45,209130000,210166000,https://www.sec.gov/Archives/edgar/data/1039684/000103968414000034/0001039684-14-000034-index.htm,https://www.sec.gov/Archives/edgar/data/1039684/000103968414000034/oke-2014331x10q.htm,15.125979056089514,0.447162052311959,2.3448716109596903,0.2910055946062257,1.0052455410510208,14.95580261081624,10.070707215607516,2.7949122555348347,35.52613207096065,12390952500.0,19515404500.0,33.125574774100414,3.917101814057237,25.267907941343804,203.60433303756284,21.19923438836613,21.19923438836613,6.169326076345685,49.60828821271512,39.79625007392181,320.6711443031319,0.0075470388575858,0.004911486828797,12.548638152266896,0.5372157777108172,18.110404433259617,0.8755648286959409,3.0991981117164205,2.374609584961576,0.0067206294269952,0.8904988504517992,0.0,0.0,0.0748267760354509,0.8758970029548333,0.1357840050377833,5.453039305301646,0.0014067605434331,5.30283139038741,0.023035903154237,0.0074033088986799,-45.60238488021805,-235397000.0,2106087000.0,-8869100000.0,10297017000.0,996591500.0,1214108000.0,324157000.0,25.141678173651783,38.21951756619192,7.650990796972004,3.5797133102403262,2.3548177928758545,11.763182362684171,0.1599914456800684,2.053866016353465,2014-05-06,0.39,amc,,2025-04-24,2014-03-31,0.1025641025641025,58.5072131147541,1648343.4098360655
2013-12-31,OKE,USD,1039684,2014-02-25,2014-02-25 17:04:24,2013,Q4,4140111000.0,3596491000.0,543620000.0,0.1313056582,0,0.0,0.0,132176000.0,-5397000.0,260538000.0,3857029000.0,0.0,90130000.0,108034000.0,437381000.0,0.105644752,294621000.0,0.0711625848,-55404000.0,239217000.0,0.0577803349,55154000.0,90737000.0,0.0219165621,0.44,0.43,206319000,210552000,https://www.sec.gov/Archives/edgar/data/1039684/000103968414000019/0001039684-14-000019-index.htm,https://www.sec.gov/Archives/edgar/data/1039684/000103968414000019/oke10-k2013.htm,20.06655228069155,0.4397898400050407,1.3242648520010276,-1.8686790843305752,0.7236997077341398,23.483925377691826,17.75243676055041,11.331244335228456,40.81167027757986,11232006360.0,19412786360.0,30.946599402669253,2.7129722753810226,41.109601238557794,-29.132878115078952,4.804414977686773,4.804414977686773,4.688953112609783,44.38415559889433,71.05158959230806,-50.35167545079161,0.0080784320353607,-0.0343254791390627,3.563141106939664,0.4704258486686871,18.704013205877715,0.8792448617734637,3.2688450016642627,1.4843884974166457,0.0069794298086561,0.8639584733901275,0.0,0.0,0.0667802415217276,2.411106759729303,0.1591177144767374,6.097756261917544,0.0044829715918244,10.588944139907593,0.0145444059770372,0.0054908782990761,-56.57449871315778,-325605000.0,3662665000.0,-10491576000.0,13154414000.0,1138252000.0,1327943500.0,540645000.0,24.119135936210405,31.85860328859436,10.437098271620863,3.7314769582969056,2.824982601551172,8.623086384528516,0.0388121398669119,3.192943936331603,2014-02-24,0.58,amc,3705125925.0,2025-04-24,2013-12-31,-0.0689655172413791,50.1246875,1440835.71875
2013-09-30,OKE,USD,1039684,2013-11-06,2013-11-06 16:25:45,2013,Q3,3571925000.0,3105004000.0,466921000.0,0.13071971,0,0.0,0.0,116678000.0,5077000.0,236862000.0,3341866000.0,0.0,81908000.0,94267000.0,363239000.0,0.1016927847,230081000.0,0.0644137265,-28607000.0,187147000.0,0.0523938773,39449000.0,62356000.0,0.0174572534,0.3,0.3,206235000,209893000,https://www.sec.gov/Archives/edgar/data/1039684/000103968413000100/0001039684-13-000100-index.htm,https://www.sec.gov/Archives/edgar/data/1039684/000103968413000100/oke-2013930x10q.htm,17.319683855795574,0.3023541106019832,1.1310640773874463,-1.4751230392513397,3.829209397047058,22.744180182801173,17.941619996605812,10.617470361480835,40.78867311562053,9627049800.0,17177669800.0,38.59712698056322,2.6951993112957298,41.2708713266028,-31.644817929012365,4.39652746000126,4.39652746000126,4.809079082007601,47.29026839078403,73.64015090133539,-56.464258995075966,0.0064771660368891,-0.0316007506266353,3.804250274239231,0.4730256531630303,20.78691990672808,1.0992916836721072,2.809017434194462,1.5793375671979308,0.0081402923666188,1.2567675925331965,0.0,0.0,0.0562428568256734,2.3041905129359312,0.150475443913296,5.701751408234059,0.002412144711885,8.498841431615267,0.0116685730890234,0.0037518907318683,-52.962048148956285,260314000.0,3700190000.0,-10037673000.0,13021566000.0,1162866000.0,1298553500.0,549604500.0,29.40416162153461,40.08067300396392,19.25252592267192,3.0607912294321995,2.245471277168902,4.674711274847074,0.0284770383441704,2.606187116638786,2013-11-05,0.29,amc,2597902857.0,2025-04-24,2013-09-30,0.2068965517241379,43.3996875,1967321.125
2013-06-30,OKE,USD,1039684,2013-07-31,2013-07-31 17:21:05,2013,Q2,3349236000.0,2987702000.0,361534000.0,0.107945215,0,0.0,0.0,108906000.0,2328000.0,233630000.0,3221332000.0,0.0,81731000.0,91855000.0,248508000.0,0.0741984142,128183000.0,0.0382723105,-31689000.0,80857000.0,0.0241419237,1362000.0,919000.0,0.0002743909,0.0045,0.0044,206143000,208874000,https://www.sec.gov/Archives/edgar/data/1039684/000103968413000082/0001039684-13-000082-index.htm,https://www.sec.gov/Archives/edgar/data/1039684/000103968413000082/oke-2013630x10q.htm,16.24714882387469,0.0044580703686276,1.5367148047714452,-1.1762950961225944,0.2105334646337736,20.2498071726908,15.43580427179191,10.116031104621548,36.080657601761885,7392287980.0,14714650980.0,2010.959733405876,2.2071564918088784,23.33549458146428,-30.485547477163536,3.5448684992296258,3.5448684992296258,4.39343509385424,59.211981022743736,46.45025452754725,-60.6827266841248,0.0001243187498222,-0.032802428782002,3.5274882046122737,0.4643300576672263,29.46530091586589,0.713381146558471,1.5683522775935692,3.984942449210642,0.0100376230202005,80.74102285092492,0.0,0.0,0.0626408178522856,1.7654608991012777,0.1669837539068611,6.088596156986555,0.0006753779070808,1.007325427357833,0.0089772188914483,6.188593445841827e-05,-51.1196911852452,-759190000.0,3181983000.0,-9778329000.0,11212668000.0,1210271000.0,1209785000.0,368734500.0,31.137375807497587,36.57961202288582,13.103596007901723,2.890416988137094,2.4603869484370704,6.868343616952799,0.0004406936201086,2.71300990089404,2013-07-30,0.27,amc,2117470588.0,2025-04-24,2013-06-30,0.2592592592592592,41.12828125,1686734.296875
2013-03-31,OKE,USD,1039684,2013-05-01,2013-05-01 15:34:18,2013,Q1,3541445000.0,3008214000.0,533231000.0,0.150568765,0,0.0,0.0,121405000.0,4768000.0,259423000.0,3267637000.0,0.0,80437000.0,90221000.0,304014000.0,0.0858446199,273849000.0,0.0773269103,58433000.0,233122000.0,0.0658268023,67417000.0,112521000.0,0.0317726239,0.55,0.54,205479000,209458000,https://www.sec.gov/Archives/edgar/data/1039684/000103968413000042/0001039684-13-000042-index.htm,https://www.sec.gov/Archives/edgar/data/1039684/000103968413000042/oke-2013331x10q.htm,17.235070250487883,0.5476034047274904,2.294628648183026,-0.1438930498980431,0.7387908253398158,20.460158945683013,15.621275166805368,10.387212318533768,34.82489694810662,8718473970.0,15649874970.0,19.37077072279841,2.4618408502743936,18.49100944224578,-294.8717817161024,4.084830337422939,4.084830337422939,4.419064808291531,51.47748120152362,33.191816232518484,-529.3020925355971,0.0129060430055972,-0.0033913044991289,3.314983362647433,0.458063426395806,22.79961120211569,0.8342499545362159,3.404515334982657,2.84540599257717,0.0084626048381721,0.6557087121515095,0.0,0.0,0.0643710282755928,1.0627086435149249,0.1414860318316393,5.553751343922147,0.0047314020124553,11.31289700754274,0.0142382429403689,0.0077858805017738,-48.63120075530833,-387362000.0,3209844000.0,-9292423000.0,11128145000.0,1305587500.0,1269368500.0,409743500.0,32.06667334943787,36.05871124860133,9.04941270800548,2.806652221739668,2.495929468457944,9.945396779216658,0.0527189960053486,2.438521698081069,2013-04-30,0.59,amc,2751148148.0,2025-04-24,2013-03-31,-0.0847457627118642,40.40166666666666,1445353.05
2012-12-31,OKE,USD,1039684,2013-02-26,2013-02-26 16:58:41,2012,Q4,3659924000.0,3142019000.0,517905000.0,0.1415070368,0,0.0,0.0,203032000.0,74000.0,224452000.0,3366471000.0,0.0,83591000.0,86415000.0,324171000.0,0.0885731507,299586000.0,0.0818557981,-45954000.0,254235000.0,0.0694645572,58360000.0,111542000.0,0.0304765891,0.55,0.53,204648000,209243000,https://www.sec.gov/Archives/edgar/data/1039684/000103968413000024/0001039684-13-000024-index.htm,https://www.sec.gov/Archives/edgar/data/1039684/000103968413000024/oke10-k2012.htm,17.883995934482623,0.5450431961221219,1.114518588014542,-1.9504759391736053,2.881024979476956,20.681609397599782,15.81370939369063,10.406204800437823,36.2915249599312,7659974640.0,14419753640.0,17.16836402431371,2.092932705706457,33.58400694480981,-19.19018801937063,3.596892499984739,3.596892499984739,3.9399052111464608,44.48193589185954,63.22124147243998,-36.12515661600207,0.0145616670083388,-0.0521099636434305,3.4482372116195976,0.4631516640361015,20.85250994074115,0.9828175957716226,3.5839504252850185,1.2507485276214918,0.0088154338850395,0.6053863118825196,0.0,0.0,0.0628312028646617,2.750061380894758,0.1713819740519202,7.258519932882023,0.0001972718559183,11.29673405407377,0.0166409893545629,0.0075066614200391,-47.704808989093465,-48334000.0,3236244000.0,-8858165000.0,11062212000.0,1167047500.0,1243619500.0,580866500.0,33.1819431223162,38.196462211081474,14.809350293553283,2.712318554348656,2.3562391590781777,6.077241622083735,0.0523767508495691,3.064994527188148,2013-02-25,0.45,amc,3107462264.0,2025-04-24,2012-12-31,0.1777777777777778,39.92903225806452,1447370.4838709678
2012-09-30,OKE,USD,1039684,2012-10-31,2012-10-31 16:22:32,2012,Q3,3028775000.0,2474803000.0,553972000.0,0.1829029888,0,0.0,0.0,0.0,310639000.0,310639000.0,2785442000.0,0.0,71364000.0,81434000.0,360370000.0,0.1189820967,243333000.0,0.0803404016,-35341000.0,207572000.0,0.0685333179,42584000.0,65219000.0,0.0215331281,0.32,0.31,205005000,209960000,https://www.sec.gov/Archives/edgar/data/1039684/000103968412000108/0001039684-12-000108-index.htm,https://www.sec.gov/Archives/edgar/data/1039684/000103968412000108/oke-2012930x10q.htm,14.77415184995488,0.3181337040559986,0.5377868832467501,-1.6973342113606986,5.05415965464257,20.36808370527548,15.499314650862177,10.076368869051974,35.49530499256116,8628660450.0,14855186450.0,33.07571585734219,2.848894503553417,78.26520376602056,-24.797709088923504,4.177099960013671,4.177099960013671,4.904684715767926,41.222039709187776,134.74214233235676,-42.691979152896,0.0075584153969113,-0.0403263058056711,3.488081556620352,0.4689668723750443,17.278147459555456,1.2119282706459271,3.409744408945687,0.6682243557107184,0.0078425846505525,1.0375964059553198,0.0,0.0,0.0649636849875493,4.15614654101171,0.1512859159231042,5.626777513078076,0.0062870302349959,8.492745870110934,0.0142078436730803,0.0045397577714612,-44.34875978634667,516917000.0,3177437000.0,-8232718000.0,11005421000.0,889283000.0,1032863500.0,603260500.0,29.26105768833935,41.95788513267521,23.446193494997377,3.0757603145652994,2.145008017334778,3.838576185904247,0.0315722566522051,2.2351210946074485,2012-10-30,0.32,amc,3126503225.0,2025-04-24,2012-09-30,-0.03125,39.26460317460317,1112549.1587301588
2012-06-30,OKE,USD,1039684,2012-08-01,2012-08-01 15:52:56,2012,Q2,2529260000.0,1980298000.0,548962000.0,0.217044511,0,0.0,0.0,0.0,315849000.0,314883000.0,2295181000.0,0.0,71535000.0,84586000.0,345471000.0,0.1365897535,234079000.0,0.0925484134,-44729000.0,189350000.0,0.0748637942,40412000.0,60993000.0,0.0241149585,0.29,0.29,207292000,211784000,https://www.sec.gov/Archives/edgar/data/1039684/000103968412000084/0001039684-12-000084-index.htm,https://www.sec.gov/Archives/edgar/data/1039684/000103968412000084/form_10-q.htm,12.201435655982865,0.2942371147945892,1.092782162360342,-0.9924888562993266,0.7363332883082802,20.29016073944002,15.465859753391353,10.080176755494664,28.48325550431276,7678095680.0,13395991680.0,31.471216696998017,3.035708341570261,33.89513598940514,-37.32031827350718,3.674538740584052,3.674538740584052,5.2964075184045925,38.77602368939795,59.13692387153736,-65.11284749799499,0.007943766598126,-0.0267950555156405,2.791435435550408,0.4221419534549389,16.551015859507743,0.800876244141275,3.27223037673866,1.5182131966086927,0.0082568650668338,1.0394143590248062,0.0,0.0,0.0723764330970021,1.9082220505462968,0.1709037425966488,5.110301941219587,0.0047128409099894,8.169097123673781,0.0151306723701473,0.0047587014650368,-41.40190890145302,-449358000.0,3205949000.0,-7803884000.0,9648734000.0,974396500.0,1011042500.0,430466000.0,28.24770090856614,41.44726197774274,25.53261175843232,3.186100004786846,2.171434148010312,3.5249037917273345,0.0291896781109717,2.085271018659669,2012-07-31,0.34,amc,2965386206.0,2025-04-24,2012-06-30,-0.1470588235294118,36.52857142857143,1497270.492063492
2012-03-31,OKE,USD,1039684,2012-05-02,2012-05-02 16:01:25,2012,Q1,3414600000.0,2771013000.0,643587000.0,0.1884809348,0,0.0,0.0,0.0,307467000.0,307410000.0,3078423000.0,0.0,75815000.0,83417000.0,452521000.0,0.1325253324,325922000.0,0.0954495402,-32633000.0,293289000.0,0.0858926375,73839000.0,122865000.0,0.0359822527,0.59,0.58,207618000,211852000,https://www.sec.gov/Archives/edgar/data/1039684/000103968412000046/0001039684-12-000046-index.htm,https://www.sec.gov/Archives/edgar/data/1039684/000103968412000046/form_10-q.htm,16.446550877091582,0.5917839493685518,2.0522546214682733,0.3739945476789103,4.552259438006338,21.09381171189396,16.267852498338293,10.866841988652236,29.31257405427275,7422343500.0,12651154500.0,15.102640092784764,2.173708047794764,17.41986575448561,95.58962883783228,3.28982422283605,3.28982422283605,3.705018010894394,27.957055031700182,29.69162139009822,162.92956032351125,0.0165533971851343,0.0104613859490604,2.663828944149153,0.4216931624557714,11.554847178362992,1.0034426492401136,4.2989118248367735,1.8250721744866405,0.0085384083881324,0.5158100354047125,0.0,0.0,0.0703024597960325,0.8177640611615054,0.1020432847185614,4.177050241557477,0.0014666432378609,12.028861544518422,0.019609929011201,0.0092727462090909,-38.10706080397653,8952000.0,3377499000.0,-7263346000.0,9711944000.0,1247442000.0,1225913000.0,424522500.0,30.441512915129152,36.05530540636222,9.71547228396258,2.956489063172377,2.4961652379768453,9.263574365660416,0.0544577670298809,1.6782600737893631,2012-05-01,0.65,amc,3963374999.0,2025-04-24,2012-03-31,-0.1384615384615384,36.78612903225806,1649109.3548387096
2011-12-31,OKE,USD,1039684,2012-02-21,2012-02-21 16:08:31,2011,Q4,3829239000.0,3138070000.0,691169000.0,0.1804977438,0,0.0,0.0,0.0,328881000.0,328881000.0,3466951000.0,0.0,68318000.0,78087000.0,480075000.0,0.1253708635,363079000.0,0.0948175342,-29409000.0,333670000.0,0.0871374182,71148000.0,115001000.0,0.030032338,1.27,1.27,206056000,206606000,https://www.sec.gov/Archives/edgar/data/1039684/000103968412000027/0001039684-12-000027-index.htm,https://www.sec.gov/Archives/edgar/data/1039684/000103968412000027/form_10-k.htm,18.58348701323912,0.5581055635361261,1.6032195131420586,-0.6959467329269713,0.6280088907869705,18.440288077027603,13.5186793881275,10.86390592848546,28.168274643786155,7819825200.000001,13489796200.0,16.9994721785028,2.0421355783747117,23.67111907565544,-54.53003542439542,3.493218760344202,3.493218760344202,3.5228399689860046,28.09935155965214,40.83448977306094,-94.0684792613874,0.0147063389601087,-0.018338517336679,2.562312687591604,0.4187834457149511,11.81059417799302,0.7143213166264912,5.314543751280775,1.2477828307246026,0.0073765075976378,0.5015869427222373,0.0,0.0,0.0740420548550793,1.4340932275475022,0.1237209273174121,6.067040608552,0.007070334340583,11.679988983704945,0.0245058120806446,0.0090676859813532,-41.19069937298598,-927363000.0,2785605000.0,-7578091000.0,8531097000.0,1240532500.0,1291675500.0,603987000.0,31.49293371346108,38.48053740037666,15.771588906557213,2.857783933972818,2.33884467525963,5.706463726212233,0.0513724591514326,2.2991662460690296,2012-02-20,0.53,amc,3995611111.0,2025-04-24,2011-12-31,0.0188679245283019,34.06079365079365,1853403.396825397
2011-09-30,OKE,USD,1039684,2011-11-02,2011-11-02 15:03:44,2011,Q3,3595191000.0,3061198000.0,533993000.0,0.1485297999,0,0.0,0.0,0.0,285043000.0,285043000.0,3346241000.0,0.0,73841000.0,75986000.0,345014000.0,0.095965416,248881000.0,0.0692260856,-54223000.0,194634000.0,0.0541373184,33754000.0,60321000.0,0.0167782463,0.29,0.28,206606000,211940000,https://www.sec.gov/Archives/edgar/data/1039684/000103968411000125/0001039684-11-000125-index.htm,https://www.sec.gov/Archives/edgar/data/1039684/000103968411000125/form_10-q.htm,17.401193576178812,0.2919615112823441,0.7454768980571717,-0.8930911977386911,1.2308016224117402,17.8216508717075,12.903865328209248,10.58033164574117,27.207084983011143,5972979460.0,11371878460.0,24.754975298817996,1.661380288279538,38.780544474743536,-32.370714293456466,2.73242852568208,2.73242852568208,3.1630804761137865,32.9606290179529,73.8337778210622,-61.63018491420891,0.0100989799820942,-0.0308921202953542,2.53769785357463,0.4211717997643937,15.648347603285664,0.7766967754245886,3.3704987743936297,0.9573595226255596,0.0097072157016927,0.961207539662804,0.0,0.0,0.0771417837991655,2.1980132450331125,0.094164120904842,4.455268075698155,0.0026930418995819,8.336882893868522,0.0183520453305819,0.0049626164533676,-38.96253981007328,-664721000.0,2666016000.0,-7177021000.0,8370636000.0,1133235000.0,1217868000.0,616116000.0,28.566460029522773,36.50432608410171,19.347102016922783,3.150547877020362,2.4654612111630407,4.651859483724103,0.0275947409833665,1.6385680957958626,2011-11-01,0.29,amc,3655449999.0,2025-04-24,2011-09-30,-0.0344827586206894,30.436875,2449312.796875
2011-06-30,OKE,USD,1039684,2011-08-03,2011-08-03 15:13:54,2011,Q2,3514476000.0,2992828000.0,521648000.0,0.1484283859,0,0.0,0.0,0.0,304519000.0,304519000.0,3297347000.0,0.0,75498000.0,78824000.0,324555000.0,0.0923480485,216917000.0,0.0617210076,-46198000.0,170931000.0,0.048636269,36165000.0,55142000.0,0.0156899635,0.26,0.25,210674000,216060000,https://www.sec.gov/Archives/edgar/data/1039684/000103968411000097/0001039684-11-000097-index.htm,https://www.sec.gov/Archives/edgar/data/1039684/000103968411000097/form_10-q.htm,16.682058535937042,0.2617408887665303,1.0813769140947624,-0.4807190256035391,2.545800620864464,17.55178142533013,12.706071940533716,10.523790311096766,26.548102755916723,6825837600.0,11865761600.0,30.946635958071884,1.942206348826966,29.961801086832477,-67.39903826215749,3.078738652349996,3.078738652349996,3.376253415871953,36.560094899169634,52.0843901711015,-117.16377783263393,0.0080784224927941,-0.0148370069630721,2.4886222429501026,0.4232399555918064,15.52872086395218,0.8903914184840829,2.8731489575882807,4.1314787276486165,0.0081609032128159,1.0102100032642995,0.0,0.0,0.0783092147155185,1.4445434513515174,0.0936392793691008,4.175035522175987,0.006178161410122,7.8725085047543155,0.0154204898458145,0.0045892511219704,-36.41268025480126,-311356000.0,2676839000.0,-6809368000.0,8422083000.0,1202731500.0,1163012500.0,490922000.0,28.81807131418737,35.9089362970408,17.266468370384132,3.1230403665387643,2.5063399053515485,5.212415073505721,0.0248713515785789,1.5620959396983016,2011-08-02,0.27,amc,3577292307.0,2025-04-24,2011-06-30,-0.037037037037037,30.20984126984127,1832201.174603175
2011-03-31,OKE,USD,1039684,2011-02-22,2011-02-22 16:32:52,2011,Q1,3866888000.0,3233339000.0,633549000.0,0.1638395009,0,0.0,0.0,0.0,303003000.0,303003000.0,3536342000.0,0.0,79349000.0,79391000.0,441345000.0,0.1141344151,330546000.0,0.0854811414,-46234000.0,284327000.0,0.0735286359,84981000.0,130130000.0,0.033652384,0.61,0.6,214040000,218358000,,,18.066193234909363,0.6079704728088208,3.0264483274154363,2.1169033825453187,4.328709586993085,18.487282750887683,13.717253784339375,11.675780227994768,25.5748878714259,6267091200.0,10791705200.0,12.040058403135326,1.6207066767902252,9.674706729589166,13.831524027702372,2.507755321549816,2.507755321549816,2.7907984922242384,24.451857843637065,16.659496342127973,23.817385930761727,0.0207640188800826,0.0722986127918483,2.1586709370313284,0.413716805336607,10.251875516885883,1.2146835658623734,4.165723575596416,4.977952816414355,0.0088798771589601,0.4276569584261891,0.0,0.0,0.078298208011966,0.3005321242827437,0.0503451354163865,2.4521545263317,0.0020435037166838,12.637915831994682,0.0207732968370827,0.0108273671043237,-32.66740679312278,494126000.0,2936041000.0,-6286804000.0,8953996000.0,1306425500.0,1172122500.0,558302000.0,29.79430746377966,31.507051997950107,11.347523411556908,3.0207112586661458,2.856503363305952,7.931246029273606,0.0520710788432881,0.9095449448701176,2011-05-03,0.66,amc,4136660000.0,2025-04-24,2011-03-31,-0.0909090909090909,26.872258064516128,1554031.4677419355
2010-12-31,OKE,USD,1039684,2010-12-31,2010-12-31 00:00:00,2010,Q4,3356249000.0,2812474000.0,543775000.0,0.1620186702,0,0.0,0.0,0.0,306258000.0,306258000.0,3118732000.0,0.0,69451000.0,76717000.0,349613000.0,0.1041677778,241068000.0,0.0718266136,-37623000.0,203445000.0,0.0606167778,55510000.0,83074000.0,0.0247520372,0.69,0.69,212886000,212886000,,,15.76547541876873,0.3902276335691403,0.3476555527371457,-0.7161015754911079,0.4367313961462942,18.417561511795046,13.61267063122986,11.502038649793786,23.280459964488035,5168872080.0,10024471080.0,15.555023473048124,1.540074076744604,69.83924119387659,-33.905804471032745,2.1109301350187435,2.1109301350187435,2.98680791562247,28.673050144016383,135.4456915863858,-65.75665853274559,0.0160719783183336,-0.0294934751025991,1.9956657272270983,0.3909564431252462,13.88849670921848,0.7549858589602655,3.4710515327353098,0.5002940480616487,0.0098891981091549,0.6153068348701158,0.0,0.0,0.0818369212368016,3.059801921336017,0.0674738376085922,2.9518750733214283,0.0025096469302486,10.049343251149349,0.0166183162076023,0.0072387561789398,-33.49844047988125,-772067000.0,2897947000.0,-6199289000.0,7564010000.0,1095772500.0,1048670000.0,706305000.0,35.73791455878274,38.794694635399296,22.68606572007421,2.518333851069162,2.3199048438411216,3.967192950532702,0.0339268233615383,1.0637571282282536,2011-02-21,0.39,amc,3442306666.0,2025-04-24,2010-12-31,-0.0256410256410256,22.4846875,1434522.828125
2010-09-30,OKE,USD,1039684,2010-11-03,2010-11-03 15:34:56,2010,Q3,2942703000.0,2491333000.0,451370000.0,0.1533861895,0,0.0,0.0,0.0,280592000.0,264466000.0,2755799000.0,0.0,70907000.0,77233000.0,156593000.0,0.0532140009,186904000.0,0.0635143948,-36638000.0,150266000.0,0.0510639368,29965000.0,55295000.0,0.0187905473,0.26,0.26,212886000,215302000,https://www.sec.gov/Archives/edgar/data/1039684/000103968410000043/0001039684-10-000043-index.htm,https://www.sec.gov/Archives/edgar/data/1039684/000103968410000043/form_10-q.htm,13.822905216876638,0.2597399547175483,0.7934011630637994,-0.0360803434702141,0.7030194564226864,18.29803274992249,13.484141747226214,11.341652339749912,22.230517741890026,4198111919.999999,8809287920.0,18.980522289537937,1.4266176097281986,24.8550177615687,-546.5579898450721,1.7387237246627532,1.7387237246627532,2.993604152372836,56.25594962737798,52.15559086818548,-1146.8933628433797,0.0131713972980501,-0.0018296320218161,1.9307101035047312,0.3907590542737976,29.44688459892843,0.7658148567872739,2.6359033663813163,1.4040116042260662,0.0116609563853647,0.8853241703589836,0.0,0.0,0.0859037064723804,1.0454755363993748,0.0600077547751166,2.2863931221110145,0.0019519469005196,8.141394595881495,0.0145240427798623,0.0050706363160265,-32.35883172214237,-608165000.0,2870585000.0,-6045582000.0,7555617000.0,881572000.0,857516000.0,638309000.0,26.2662287019791,31.971450625026844,25.420499788667357,3.4264530710196213,2.815011463056642,3.540449666537346,0.0229014209690786,0.8294815065340135,2010-11-02,0.18,amc,1846800000.0,2025-04-24,2010-09-30,0.4444444444444445,19.68953125,1470406.859375
2010-06-30,OKE,USD,1039684,2010-08-05,2010-08-05 13:18:11,2010,Q2,2807131000.0,2349054000.0,458077000.0,0.1631833356,0,0.0,0.0,0.0,279091000.0,279091000.0,2628145000.0,0.0,75361000.0,75511000.0,268294000.0,0.0955758744,178713000.0,0.063663933,-61291000.0,117422000.0,0.0418298968,31048000.0,41724000.0,0.0148635742,0.2,0.2,212712000,215676000,https://www.sec.gov/Archives/edgar/data/1039684/000090928110000134/0000909281-10-000134-index.htm,https://www.sec.gov/Archives/edgar/data/1039684/000090928110000134/form_10-qa.htm,13.196862424310805,0.1961525442852307,0.1523656399262853,-0.3714929106021287,0.899968031892888,18.19631238482079,13.369476099138742,11.222822407762608,23.95807946895333,4026638160.0,8944197160.0,24.1266307161346,1.4344318665569935,124.2406096883678,-50.95655787702003,1.6867414730635393,1.6867414730635393,3.1862414543532167,33.33729848598925,275.9702918852206,-113.18759772718644,0.0103619938872282,-0.0196245594612851,2.1031957973030657,0.414261292842827,18.328993566758857,0.653167956133103,2.371425538408461,0.3752286567717137,0.0116153968003919,1.1209615568977087,0.0,0.0,0.084713988411301,3.4381672323356987,0.0396956892998581,1.4756922832435009,0.0020088125563074,7.037838184431249,0.0124398830393443,0.0037612281774801,-33.34644378314341,-997353000.0,2843848000.0,-6371082000.0,7876713000.0,1053309000.0,897515000.0,485097500.0,28.993748421430997,31.80060994766404,21.9512578254906,3.1041174356564287,2.830134395161533,4.099992843940301,0.0174780048332187,0.523858550528414,2010-08-03,0.16,amc,2245680000.0,2025-04-24,2010-06-30,0.25,20.330793650793648,1965246.634920635
2010-03-12,OKE,USD,1039684,2010-04-29,2010-04-29 12:23:18,2010,Q1,3923967000.0,3304648000.0,619319000.0,0.1578298187,0,0.0,0.0,0.0,281201000.0,281201000.0,3585849000.0,0.0,76520000.0,77856000.0,438407000.0,0.1117254554,337332000.0,0.0859670838,-54087000.0,284031000.0,0.0723836363,97311000.0,154539000.0,0.0393833587,0.73,0.72,212264000,214820000,https://www.sec.gov/Archives/edgar/data/1039684/000090928110000066/0000909281-10-000066-index.htm,https://www.sec.gov/Archives/edgar/data/1039684/000090928110000066/form_10-q.htm,18.486257679116573,0.728050917725097,2.632179738438925,2.310537820826895,1.524135039384917,18.277432819507784,13.431377906757625,11.215736064523425,23.47582727169939,4336553520.0,9075673520.0,7.015306039252228,1.1051452573377911,7.761628015614345,8.842097201719259,1.8215478576232085,1.8215478576232085,2.312882223525325,20.70147949280007,16.2437755070993,18.50501488447203,0.0356363640589866,0.113095341205428,2.060973319998303,0.3979622508920292,10.809863893596589,0.7893375895933246,4.408416100365917,2.992271850899743,0.0107691510746072,0.3021955622852484,0.0,0.0,0.083431501431724,0.1221960312644863,0.0173989740484565,0.8769137895602137,0.0011636183484723,13.554578784736242,0.0211989208140096,0.0136753532947824,-33.09880738137414,-562788000.0,2850998000.0,-6340823000.0,8260259000.0,1320143500.0,1102611000.0,490190500.0,27.57575942916951,26.281573710725013,10.81896165643058,3.2637360443752064,3.424452469650731,8.318728068188111,0.0649133426051278,0.3216419176120303,2010-04-28,0.61,amc,3324500000.0,2025-04-24,2010-03-12,0.180327868852459,19.58622950819672,2446953.409836065
2009-12-31,OKE,USD,1039684,2010-02-23,2010-02-23 14:04:49,2009,Q4,3729461000.0,3149206000.0,580255000.0,0.1555868261,0,0.0,0.0,0.0,308760000.0,308760000.0,3457966000.0,0.0,76780000.0,73298000.0,357619000.0,0.095890264,273055000.0,0.0732156738,-65514000.0,207541000.0,0.0556490603,63544000.0,93445000.0,0.0250558995,0.68,0.68,210840000,210840000,https://www.sec.gov/Archives/edgar/data/1039684/000090928110000030/0000909281-10-000030-index.htm,https://www.sec.gov/Archives/edgar/data/1039684/000090928110000030/form_10-k.htm,17.688583760197307,0.4432033769683172,0.8620612786947448,0.0249905141339404,0.675573894896604,16.34159552267122,11.453718459495352,10.46857332574464,26.375777841016884,4113488400.000001,9568378400.0,11.005105677136283,1.102971287271807,22.631801801306143,780.6962231922566,1.863673243040712,1.863673243040712,2.565619643160232,26.755788702501825,52.64379583729925,1815.9761624596697,0.0227167287016051,0.0012809079515089,2.484733557630185,0.4275354325484968,15.25335622548019,0.7752417553981656,3.556329773378484,1.262227685298999,0.0290339946017594,1.2780887152870672,0.0,0.0,0.0803387486267005,0.9710107451157316,0.0473226560084687,2.4078146743430926,0.0021222905937345,10.217309265419914,0.0178075733563768,0.0079209990435803,-37.32557389489661,-750448000.0,2414902000.0,-6793757000.0,8073770000.0,1082356500.0,1003393500.0,620265000.0,34.70192073331776,35.44341970642759,16.664972059623917,2.593516384630256,2.5392583657405576,5.40054910851324,0.0423365594505965,0.8370707645608044,2010-02-22,0.42,amc,3559977272.0,2025-04-24,2009-12-31,0.0476190476190476,17.328125,1504056.03125
2009-09-30,OKE,USD,1039684,2009-09-30,2009-09-30 00:00:00,2009,Q3,2364736000.0,1912882000.0,451854000.0,0.1910801037,0,0.0,0.0,0.0,276896000.0,276896000.0,2189778000.0,0.0,72689000.0,72318000.0,281395000.0,0.11899637,173778000.0,0.073487273,-37390000.0,136388000.0,0.0576757828,34080000.0,48042000.0,0.0203160099,0.23,0.23,210840000,212976000,,,11.215784481123126,0.2278599886169607,0.9252750901157276,-0.057256687535572,0.8539982925441093,16.124905141339404,11.227940618478469,10.148050654524758,26.11036805160311,3379765200.0000005,8760006200.0,17.58755463969027,1.42923573709708,17.32457749186252,-279.96729622266406,1.57961371555163,1.57961371555163,3.704433052991962,31.13063913715596,44.90353538201297,-725.6466368455931,0.0142145969193362,-0.0035718457601729,2.5389712635217085,0.4515927135609466,19.11988841308481,0.7022081248314874,2.390705608826645,1.9068401298041209,0.0130970636658428,0.9213812913700512,0.0,0.0,0.0858288852293575,1.0618807186610963,0.0876025907331727,2.8645288863076965,0.0028256854042057,7.213011222717452,0.0124417710896373,0.0043686483779112,-35.931973297287044,-787499000.0,2367299000.0,-6772733000.0,7943573000.0,748957500.0,796497000.0,610966500.0,27.65835594332729,36.06714894070832,30.93043376434093,3.253989506260329,2.4953455608025257,2.909755507656643,0.0224535722548215,0.9825317776512996,2009-11-03,0.11,amc,1795721400.0,2025-04-24,2009-09-30,1.090909090909091,14.63390625,1620444.21875
2009-07-23,OKE,USD,1039684,2009-08-06,2009-08-06 13:54:37,2009,Q2,2227627000.0,1795201000.0,432426000.0,0.1941195721,0,0.0,0.0,0.0,281384000.0,281384000.0,2076585000.0,0.0,73392000.0,71249000.0,256249000.0,0.1150322743,154804000.0,0.0694927831,-43196000.0,111608000.0,0.050101745,30258000.0,81350000.0,0.0365186811,0.39,0.38,210670000,211900000,https://www.sec.gov/Archives/edgar/data/1039684/000103968409000053/0001039684-09-000053-index.htm,https://www.sec.gov/Archives/edgar/data/1039684/000103968409000053/form_10-q.htm,10.574011487160014,0.3861489533393459,1.3527982152181135,0.5716096264299616,1.0229031186215407,16.200056961124034,11.290041296814923,10.264361323396782,25.52708976123796,3023114500.0,8280476500.0,9.290456361401352,1.3571008521624133,10.60764261703755,25.10454571876998,1.3980411978766116,1.3980411978766116,3.717173700983154,32.314180738266295,29.054915191197008,68.76272826168193,0.0269093347274805,0.0398334234445966,2.4530231091203127,0.4482443944310679,20.516614698984192,0.7361031381063035,2.109276215391324,3.5033066994468345,0.0139333128136562,0.5177873386601106,0.0,0.0,0.0874106145631429,0.5774612798865941,0.0738781672156065,2.309828909879437,0.001965320046848,9.44353633915002,0.010896898471679,0.0075328747246356,-34.86353064033797,-643128000.0,2378473000.0,-6626942000.0,7982125000.0,892669000.0,812519500.0,503887000.0,31.15765790233284,41.43116007622545,28.30195615978378,2.8885354695823118,2.172278059180992,3.1799922059057977,0.0376203585564696,0.7811885887881521,2009-08-04,0.14,amc,1559338900.0,2025-04-24,2009-07-23,0.4285714285714285,11.926190476190476,1760403.634920635
2009-03-31,OKE,USD,1039684,2009-04-30,2009-04-30 17:32:43,2009,Q1,2789827000.0,2238416000.0,551411000.0,0.197650607,0,0.0,0.0,0.0,259072000.0,259072000.0,2497488000.0,0.0,77961000.0,72126000.0,393075000.0,0.1408958333,293003000.0,0.1050255088,-50015000.0,242988000.0,0.0870978738,79439000.0,163549000.0,0.0586233483,0.78,0.77,210324000,211466000,,,13.264425362773624,0.7776050284323235,3.760189041669044,2.6047003670527378,0.8515813696962782,15.4101909434967,10.4829881516137,10.380617523440026,27.032659135429142,2084310840.0,7512858840.0,3.1860647879228856,0.7471111434508305,2.635505792443144,3.804660269316632,0.9546638220339644,0.9546638220339644,2.692947928312401,19.113041633276097,9.499630578435069,13.713825687118838,0.0784667031717783,0.2628355567157152,2.5684395085771814,0.4696543473665415,13.810463651974814,0.8329808662681665,3.758327881889663,4.835602785709481,0.0201889272907106,0.2572929213874741,0.0,0.0,0.086793310264587,0.3072953678157141,0.0871118531722576,3.369478412777639,0.0014957916745375,13.476663483605364,0.0187869072188192,0.014999465775467,-35.8375387497385,-408781000.0,2204824000.0,-6660102000.0,8064183000.0,1139721000.0,960693000.0,651105000.0,32.71628670881743,32.110318189291,17.821513069956612,2.750923440701598,2.802837376741274,5.050076255967368,0.0749093227523745,1.1554886746163062,2009-04-29,0.56,bmo,2693626068.0,2025-04-24,2009-03-31,0.0357142857142855,11.155573770491804,2664933.901639344
2008-12-31,OKE,USD,1039684,2009-02-25,2009-02-24 17:34:00,2008,Q4,2843245000.0,2369484000.0,473761000.0,0.1666268647,0,0.0,0.0,0.0,256068000.0,256068000.0,2625552000.0,0.0,121534000.0,64498000.0,282191000.0,0.099249625,217693000.0,0.0765649812,-102421000.0,115272000.0,0.0405424084,47098000.0,68174000.0,0.0239775327,0.32,0.32,209038000,210324000,https://www.sec.gov/Archives/edgar/data/1039684/000103968409000010/0001039684-09-000010-index.htm,https://www.sec.gov/Archives/edgar/data/1039684/000103968409000010/form_10-k.htm,13.60157004946469,0.3261320908160239,-0.0130167720701499,-2.1182464432304173,4.175633138472431,15.152933916321434,10.186248433299207,9.98942775954611,31.679933791942133,2665234500.0,8655952500.0,9.773647211546924,0.9373917829803622,-979.505512679162,-6.019129663003564,1.276349387262531,1.276349387262531,3.0443920590733478,30.674091306951677,-3181.1659316427786,-19.54848642935541,0.0255789875149822,-0.1661369759396405,3.113145002562052,0.4952571456694323,21.22930213933116,0.8053867599607417,1.7912106900126714,-0.0399125766421216,0.0156830477768466,0.6131223046909379,0.0,0.0,0.0790965332938393,-161.73208379272327,0.1547784309829086,6.823048776706255,0.0108295275292843,8.561666988894105,0.0113729746675452,0.005639884591419,-36.86984663075613,-816162000.0,2129313000.0,-6580921000.0,7485833000.0,1165953000.0,1208695500.0,989521500.0,40.05177183112957,42.64577857457573,32.62606542183868,2.247091598830317,2.110408181260304,2.758530605402309,0.0326477250415435,2.1052296711602674,2009-02-23,0.33,bmo,2843200000.0,2025-04-24,2008-12-31,0.0,12.39046875,2593312.625
2008-09-30,OKE,USD,1039684,2008-11-06,2008-11-06 16:13:26,2008,Q3,4239246000.0,3784220000.0,455026000.0,0.1073365405,0,0.0,0.0,0.0,264157000.0,264157000.0,4048377000.0,0.0,61076000.0,60249000.0,252428000.0,0.0595454946,190869000.0,0.0450242803,-108805000.0,82064000.0,0.0193581594,24031000.0,58033000.0,0.0136894627,0.28,0.28,208892000,211272000,https://www.sec.gov/Archives/edgar/data/1039684/000119312508227937/0001193125-08-227937-index.htm,https://www.sec.gov/Archives/edgar/data/1039684/000119312508227937/d10q.htm,20.29396051548169,0.2778134155448749,-0.2700294889225054,-2.151456254906842,0.3491947992263945,14.920901709974531,9.941572678704786,9.852052735384792,26.82596748559064,3145913520.0,8615623520.0,13.552261299605396,0.7420927023343302,-55.77168649281119,-6.999909928752931,1.5286154474092757,1.5286154474092757,2.0323480920899613,34.13101367518659,-152.7403251369511,-19.17045342684604,0.0184471059458748,-0.1428589810695114,2.693203888212671,0.4534957805404865,21.66839653287274,0.8350175219193309,3.1251064247822384,-0.9719814588251512,0.013278813843554,0.7198318198266503,0.0,0.0,0.0851036359410027,-6.967486304891237,0.0927087033873476,6.52317880794702,0.0,7.847498293231622,0.013437172228792,0.00518989536771,-36.728400321697336,-596819000.0,2076715000.0,-6084556000.0,7336494000.0,1287122500.0,1512335500.0,1011103000.0,22.644248529101635,30.79014962132223,26.638760431475973,3.974519175778122,2.923012752678372,3.378535582821538,0.0281985311088597,1.8814267659843364,2008-11-05,0.12,bmo,3497377950.0,2025-04-24,2008-09-30,1.3333333333333337,18.836875,1944737.25
2008-06-30,OKE,USD,1039684,2008-08-06,2008-08-06 17:01:31,2008,Q2,4172866000.0,3752038000.0,420828000.0,0.1008486733,0,0.0,0.0,0.0,247812000.0,247812000.0,3999850000.0,0.0,82674000.0,59701000.0,232713000.0,0.0557681459,173016000.0,0.041462151,-100577000.0,72439000.0,0.0173595318,30574000.0,41865000.0,0.010032673,0.2,0.2,208680000,212144000,https://www.sec.gov/Archives/edgar/data/1039684/000119312508168400/0001193125-08-168400-index.htm,https://www.sec.gov/Archives/edgar/data/1039684/000119312508168400/d10q.htm,19.99648265286563,0.2006181713628522,-1.6087310714970289,-3.0488163695610506,0.4731838221199923,14.165243434924284,9.171669541882308,9.504015717845505,24.474539965497417,4461578400.0,9387507400.0,26.642651379433893,1.0691880352735983,-13.289977659289269,-7.012557467696278,2.249575404200478,2.249575404200478,2.249654649825803,40.33941980035495,-27.963144976318848,-14.754965444723346,0.0093834504846984,-0.1426013269205355,2.5334937059382905,0.4129051911271459,21.16739932878696,0.8763751482063215,2.092749836708034,-8.018870177952945,0.00889281694568,0.9477128866595008,0.0,0.0,0.0856317556507184,-0.8951684489589229,0.0720169303303772,5.033701278035544,0.0,6.549829059842274,0.010683864451297,0.0037624652725758,-36.096086112708456,-461071000.0,1913944000.0,-5944542000.0,7057569000.0,1615605500.0,1657899000.0,615718000.0,32.516622867832325,41.49843098604012,21.63933574233523,2.767815106932097,2.168756694205513,4.159092546631357,0.0211087794169106,1.4400852980640215,2008-08-05,0.19,bmo,3964255000.0,2025-04-24,2008-06-30,0.0526315789473684,21.37328125,1447230.59375
2008-03-31,OKE,USD,1039684,2008-05-02,2008-05-02 13:00:16,2008,Q1,4902076000.0,4316164000.0,585912000.0,0.1195232387,0,0.0,0.0,0.0,252802000.0,252802000.0,4568966000.0,0.0,70485000.0,59479000.0,392602000.0,0.0800889256,333110000.0,0.0679528428,-96905000.0,236205000.0,0.0481846875,92368000.0,143837000.0,0.0293420583,0.69,0.68,208340000,211642000,https://www.sec.gov/Archives/edgar/data/1039684/000119312508100403/0001193125-08-100403-index.htm,https://www.sec.gov/Archives/edgar/data/1039684/000119312508100403/d10q.htm,23.52921186522031,0.690395507343765,4.178338293174618,2.548641643467409,1.2899107228568685,14.266362676394357,9.265609100508785,9.632293366612268,21.94806566189882,4070963600.0,8304398600.0,7.075654386562567,0.8304570553373714,4.67650023262092,7.666829132327904,2.028592699193539,2.028592699193539,1.694057497272584,21.152206560333365,9.539638719608508,15.639639989152217,0.0353324210513697,0.130432018601198,2.2434686803614925,0.4005552928984538,10.783019444628405,0.9526423520331836,4.725970064552742,6.052093689384511,0.0097117056020839,0.2748666893775593,0.0,0.0,0.0926932728721794,0.3900346346702814,0.069262696049592,5.70841809714353,0.0016282897286782,12.232214496109886,0.0231968414700273,0.0141044640520369,-31.39823125659979,-136343000.0,1930397000.0,-5524916000.0,7111781000.0,1723392000.0,1510881000.0,585334500.0,31.64403815852712,33.06596551938249,6.866659839616845,2.844137639738868,2.7218319074107824,13.106809147695008,0.0716750913896407,1.6296966497072094,2008-04-30,0.71,bmo,5118369117.0,2025-04-24,2008-03-31,-0.0422535211267604,20.446393442622952,1730962.8196721312
2007-12-31,OKE,USD,1039684,2008-02-27,2008-02-27 15:45:44,2007,Q4,3984968000.0,3447569000.0,537399000.0,0.1348565409,0,0.0,0.0,0.0,281688000.0,281688000.0,3729257000.0,0.0,80300000.0,59506000.0,315217000.0,0.0791015135,255711000.0,0.0641688967,-97385000.0,158326000.0,0.0397308084,55402000.0,102924000.0,0.0258280619,0.49,0.49,207510000,208340000,https://www.sec.gov/Archives/edgar/data/1039684/000119312508040037/0001193125-08-040037-index.htm,https://www.sec.gov/Archives/edgar/data/1039684/000119312508040037/d10k.htm,19.20373957881548,0.4959953737169293,0.4250590332996,-1.33296708592357,0.0920678521517035,13.35488410197099,8.32489518577418,9.490183605609367,23.702110741651005,4067196000.000001,8886216000.0,9.879124402471728,1.020634544618677,46.11124212053876,-14.704038987144076,2.0652919705805286,2.0652919705805286,2.2299340923189344,28.19078920235901,100.74617931159584,-32.1261297739729,0.025305886414129,-0.0680085247920188,2.456764000349361,0.4373630563782393,15.287944495379374,1.0242248670647929,3.184445828144458,0.856981850685943,0.009182247425499,0.3628502584431231,0.0,0.0,0.0943563362759506,4.135957552945444,0.0915460299806673,6.130608678116492,0.0036735552205187,10.29123224849173,0.0188825708261197,0.010273639307261,-31.6060286251265,69808000.0,1727499000.0,-5339287000.0,6958762000.0,1323328500.0,1207852500.0,906575000.0,38.91852582003168,37.48741504521011,21.96405061073469,2.3125233575439355,2.4008057075010183,4.097604835968347,0.0522640440195236,1.75802611922317,2008-02-25,0.45,bmo,3659693877.0,2025-04-24,2007-12-31,0.0888888888888888,20.85640625,1472726.921875
2007-09-30,OKE,USD,1039684,2007-11-02,2007-11-02 14:59:18,2007,Q3,2809997000.0,2469837000.0,340160000.0,0.12105351,0,0.0,0.0,0.0,237449000.0,237449000.0,2707286000.0,0.0,53645000.0,56364000.0,159134000.0,0.0566313772,102711000.0,0.0365519963,-80659000.0,22052000.0,0.0078476952,8138000.0,13914000.0,0.0049516067,0.065,0.065,207764000,211862000,https://www.sec.gov/Archives/edgar/data/1039684/000119312507233697/0001193125-07-233697-index.htm,https://www.sec.gov/Archives/edgar/data/1039684/000119312507233697/d10q.htm,13.52494657399742,0.06697021620685,-0.1055620800523671,-1.2697868735680868,4.012942569453803,12.852621243333784,7.819554879574902,9.027107679867544,24.30479293814135,4412907360.0,8575178360.0,79.28897800776197,1.5704313420975182,-201.20861572132043,-16.727216544864604,2.352913109408224,2.352913109408224,3.051668154805859,53.886525569645706,-390.9893470727704,-32.504390787518574,0.0031530233619044,-0.0597828094900229,2.663820148994299,0.4574107630715052,26.15576181080096,1.3085037721321635,1.914642557554292,-1.5762541325283888,0.0084746850430143,2.6877964639931005,0.0,0.0,0.0957382564099559,-11.028816341418931,0.0860798072026411,4.291462635724931,0.0,3.6881317009392487,0.0070423009467097,0.0014087709915888,-30.033351543096977,772909000.0,1624622000.0,-4973816000.0,7066592000.0,976206500.0,1034156000.0,879719000.0,29.576561825510847,35.699926756300115,35.41161623216431,3.042950040338082,2.5210135755843623,2.541538895314616,0.0074187900024953,1.1642247935157195,2007-10-31,0.05,bmo,2007142857.0,2025-04-24,2007-09-30,0.4000000000000001,21.339206349206343,2074964.3174603172
2007-06-30,OKE,USD,1039684,2007-08-03,2007-08-03 12:59:07,2007,Q2,2871304000.0,2504795000.0,366509000.0,0.1276454879,0,0.0,0.0,0.0,230395000.0,230395000.0,2735190000.0,0.0,47884000.0,55644000.0,191389000.0,0.0666557773,136114000.0,0.0474049421,-77701000.0,58413000.0,0.0203437184,23210000.0,35203000.0,0.0122602831,0.16,0.16,221758000,225972000,https://www.sec.gov/Archives/edgar/data/1039684/000119312507170407/0001193125-07-170407-index.htm,https://www.sec.gov/Archives/edgar/data/1039684/000119312507170407/d10q.htm,12.9479161969354,0.1587451185526565,0.4021185255999783,-0.3643746787038122,1.367653027173766,11.9853128184778,7.261217182694649,8.394668963464678,18.859270015061465,4894199060.0,8725221060.0,34.75697426355708,1.704521381226091,54.88431543180111,-60.56952167617539,2.629049471283879,2.629049471283879,3.038766031043735,45.588936981749214,97.84599665818128,-107.98139994802172,0.0071928010218693,-0.0165099537246856,2.2208548092082823,0.4139057498951297,20.0169393225316,1.126648120868284,2.84257789658341,2.533107973752237,0.0077138260085399,1.0724370082095276,0.0,0.0,0.1048808983904538,1.9061375079900864,0.0591981900906347,3.0547049097836245,0.0,5.475745263966257,0.0099864826604179,0.0039372888081813,-26.433553693666067,291277000.0,1610233000.0,-4739522000.0,6383234000.0,1157706000.0,1081273000.0,643354000.0,32.25263503968929,39.11500941194788,28.301118454803685,2.7904696744699544,2.3009070265622644,3.1800863327620137,0.0189102297235957,0.7664932043037906,2007-08-01,0.19,bmo,3415487500.0,2025-04-24,2007-06-30,-0.1578947368421052,21.584126984126986,1717590.8412698412
2007-03-31,OKE,USD,1039684,2007-05-02,2007-05-02 17:07:31,2007,Q1,3799006000.0,3234379000.0,564627000.0,0.1486249298,0,0.0,0.0,0.0,238529000.0,238529000.0,3472908000.0,0.0,43417000.0,56450000.0,384751000.0,0.101276755,326098000.0,0.0858377165,-75371000.0,250727000.0,0.0659980532,97847000.0,152880000.0,0.0402421054,0.69,0.68,221736000,225448000,https://www.sec.gov/Archives/edgar/data/1039684/000119312507099663/0001193125-07-099663-index.htm,https://www.sec.gov/Archives/edgar/data/1039684/000119312507099663/d10q.htm,17.13301403470794,0.6894685572031605,3.94259389544323,3.459880217916802,1.0170202402857451,13.573141032579285,8.839931269617924,9.970307031785548,18.449534581664683,4368199200.0,8190198200.0,7.143182888540031,1.149826875766977,4.996710420205556,5.693838734065017,1.9758669354109144,1.9758669354109144,2.1558792484139278,21.28700952044309,9.368631515130716,10.675719127193096,0.0349984039189421,0.1756284374577056,1.8308091819343075,0.3911048225267373,9.933694779220849,1.314235832602337,7.510836769007532,5.7183084772370485,0.0086284984439354,0.2465397697540554,0.0,0.0,0.1014138589074734,0.1224355564706622,0.0281744751127005,1.8961027457927369,0.002161618065357,12.436631259780455,0.0235993315915236,0.0164397915217646,-26.605445214128512,736516000.0,1960131000.0,-4258909000.0,6687635000.0,1317467000.0,1075444000.0,712126000.0,30.476382506371404,29.88334391238627,13.886814130316823,2.953106392505231,3.0117111479848853,6.480968143983264,0.0691521890955935,0.4827136775264278,2007-04-26,0.64,bmo,3582305882.0,2025-04-24,2007-03-31,0.0625,18.931803278688523,1472311.68852459
2006-12-31,OKE,USD,1039684,2007-03-01,2007-02-28 18:36:04,2006,Q4,3067680000.0,2596571000.0,471109000.0,0.1535717546,0,0.0,0.0,0.0,268523000.0,268523000.0,2865094000.0,0.0,62992000.0,56654000.0,259240000.0,0.0845068586,202586000.0,0.0660388306,-81747000.0,120839000.0,0.0393910056,46259000.0,74625000.0,0.0243262009,0.34,0.34,220514000,221736000,https://www.sec.gov/Archives/edgar/data/1039684/000119312507042960/0001193125-07-042960-index.htm,https://www.sec.gov/Archives/edgar/data/1039684/000119312507042960/d10k.htm,13.911497682686814,0.3384138875536247,0.1277742002775334,-0.4723600315626218,0.3095857859364938,13.679870665808066,8.911738030238443,10.04905810968918,18.67457848481276,4163304320.0,8150050320.0,13.947418157453937,1.3571507849580138,147.7606587166383,-39.96951210614235,1.878783045527036,1.878783045527036,2.656747222656861,31.438243789538653,289.25505110732536,-78.24398840268044,0.0179244643831369,-0.0250190694683592,1.8299146463967275,0.3860182483666153,15.378591266779818,1.568954600308016,3.2160591821183644,0.3775678391959799,0.0084716362987368,0.4726298157453936,0.0,0.0,0.1000921395246956,4.69683418512209,0.0431394408804047,2.3358986126310586,0.0053783315078495,8.74738066371439,0.014771104180813,0.0078940846040649,-26.963755135728345,1174423000.0,1965163000.0,-4249518000.0,7070784000.0,1146611000.0,1049343000.0,976600500.0,39.56217728055077,37.32840734953906,32.06823922781237,2.27490007341545,2.4110324117836046,2.806515174114834,0.0336761797831908,0.6001342318401552,2007-02-26,0.32,bmo,2980557575.0,2025-04-24,2006-12-31,0.03125,18.26142857142857,1179933.0317460315
2006-09-30,OKE,USD,1039684,2006-11-03,2006-11-03 15:11:30,2006,Q3,2640877000.0,2291891000.0,348986000.0,0.1321477676,0,0.0,0.0,0.0,229451000.0,229451000.0,2521342000.0,0.0,49064000.0,55469000.0,175003000.0,0.0662670015,119535000.0,0.0452633727,-79396000.0,40139000.0,0.0151991176,15726000.0,24400000.0,0.009239355,0.11,0.11,226400000,229840000,https://www.sec.gov/Archives/edgar/data/1039684/000119312506223563/0001193125-06-223563-index.htm,https://www.sec.gov/Archives/edgar/data/1039684/000119312506223563/d10q.htm,11.664651060070671,0.107773851590106,0.251815371024735,-1.5599204946996466,1.093087455830389,13.099319787985866,8.570079505300354,9.521188162544169,18.144319787985864,3744656000.0,7555991000.0,38.36737704918033,1.4179592612605585,65.68304362316043,-10.603104489107103,1.7371781460078113,1.7371781460078113,2.8611673319128457,43.17635126254979,132.5356685551911,-21.395012543676344,0.0065159523331382,-0.0943120008887331,1.882916890309274,0.3983709897749604,21.7786837939921,1.449081260502302,2.436307679765205,2.336516393442623,0.0100455155293303,1.5416803278688525,0.0,0.0,0.1006446668691167,7.194699268562207,0.1553184794293713,7.39470695343345,0.0,4.805001581665604,0.0089891002632378,0.0026628548554211,-25.409913869257952,953554000.0,1940266000.0,-4145934000.0,6746401000.0,958293500.0,982463000.0,966552500.0,32.196077287961536,40.12227457588515,40.36868681800313,2.7953715974477418,2.243143015976792,2.229450772222368,0.0113193699935563,1.8117358657243816,2006-11-01,0.09,bmo,2163927272.0,2025-04-24,2006-09-30,0.2222222222222222,16.383492063492064,1563274.857142857
2006-06-30,OKE,USD,1039684,2006-08-04,2006-08-04 16:22:41,2006,Q2,2431907000.0,2030258000.0,401649000.0,0.1651580426,0,0.0,0.0,0.0,247168000.0,247168000.0,2277426000.0,0.0,0.0,53994000.0,221577000.0,0.091112448,154481000.0,0.0635225771,-24898000.0,129583000.0,0.0532845212,51638000.0,77795000.0,0.0319892989,0.33,0.33,234846000,238052000,https://www.sec.gov/Archives/edgar/data/1039684/000119312506162422/0001193125-06-162422-index.htm,https://www.sec.gov/Archives/edgar/data/1039684/000119312506162422/d10q.htm,10.355326469260708,0.3312596339729013,-0.288269759757458,0.6943401207599874,2.74796675268048,13.491390102450117,9.11688084957802,10.07465317697555,17.086963371741483,3499205400.0,6866661400.0,11.244955974034324,1.4388730325625116,-51.68769701177271,21.45922373561139,1.478959100453425,1.478959100453425,2.823570720426398,30.98995563618968,-101.4292884680719,42.11048122504799,0.0222321901995235,0.0466000081046971,1.6960348978356647,0.3943360838293319,15.197678459406887,0.9705914137259134,0.0,-0.8702230220451186,0.010065142217716,0.4527283244424449,0.0,0.0,0.1009557292260377,-3.408647099661738,0.0948893193695318,4.273845242063933,0.0,8.665439012865944,0.0112815590394195,0.0085033307216884,-22.060906934757245,-97696000.0,2141063000.0,-3783378000.0,5640144000.0,1236753000.0,1125807500.0,765063500.0,35.96640414292158,41.81116882681905,40.122398237071344,2.5023352249049498,2.1525348973806024,2.2431361023889127,0.0328805000185968,0.9826098805174456,2006-08-02,0.08,bmo,978480000.0,2025-04-24,2006-06-30,1.5,14.370158730158732,1549263.888888889
2006-03-31,OKE,USD,1039684,2006-05-04,2006-05-04 17:07:01,2006,Q1,3918322000.0,3343173000.0,575149000.0,0.1467845164,0,0.0,0.0,0.0,263601000.0,263601000.0,3606774000.0,0.0,95204000.0,69426000.0,325396000.0,0.0830447319,311548000.0,0.079510566,-59191000.0,209872000.0,0.0535617032,80141000.0,129492000.0,0.03304782,0.61,0.59,214286000,221512000,https://www.sec.gov/Archives/edgar/data/1039684/000119312506100487/0001193125-06-100487-index.htm,https://www.sec.gov/Archives/edgar/data/1039684/000119312506100487/d10q.htm,18.28547828602895,0.6042951942730743,3.9942040077279897,3.692957076057232,0.1717331043558608,15.762662983116025,11.13677048430602,10.990218679708429,18.43708408388789,3025718320.0,6844523320.0,5.841515923763629,0.7721974661602594,3.535122385506752,3.823494210519,1.284778802997813,1.284778802997813,1.74679960452459,21.034442095170192,7.996853985619849,8.649184266360354,0.0427971100759967,0.2615408694091524,1.6371648160336298,0.359281501294515,11.735869525132454,0.9134059869896648,3.272425528339145,6.609690173910358,0.0090371928607022,0.2111636240076607,0.0,0.0,0.0923701515324329,0.0754210178268072,0.0164746542014668,0.9298101575778528,0.3853690431771559,12.224159172456584,0.022911960581213,0.0132946372177564,-27.43138259148988,-266511000.0,2386454000.0,-4542518000.0,6654614000.0,1852273000.0,1411520500.0,768211000.0,34.49144557287533,35.22339107189487,16.826113994100815,2.6093426501896912,2.555120255636374,5.348828614352294,0.0549848198552047,0.3012469316707578,2006-05-02,0.51,bmo,3246366101.0,2025-04-24,2006-03-31,0.1568627450980391,12.795645161290324,2086177.016129032
2005-12-31,OKE,USD,1039684,2006-03-13,2006-03-10 17:44:27,2005,Q4,4696193000.0,4300915000.0,395278000.0,0.0841698797,0,0.0,0.0,0.0,222217000.0,222217000.0,4523132000.0,0.0,0.0,48342000.0,221403000.0,0.0471452089,173061000.0,0.0368513389,194187000.0,367248000.0,0.0782012153,135607000.0,229495000.0,0.0488683067,1.07,1.07,214286000,214286000,https://www.sec.gov/Archives/edgar/data/1039684/000119312506051266/0001193125-06-051266-index.htm,https://www.sec.gov/Archives/edgar/data/1039684/000119312506051266/d10k.htm,21.91553811261585,1.0709752386996818,-1.9539213947714733,-2.236548351268865,0.0369366174178434,8.375521499304668,5.187207750389666,8.375521499304668,16.669852440196745,2498574760.0,6062775760.0,2.721818296694917,0.532042605574345,-5.967486732680835,-5.213390532507339,1.3921521186433594,1.3921521186433594,1.2909979977398711,27.383439971454766,-14.480068593592518,-12.650258961192336,0.091850363524844,-0.1918137522529043,1.9903062085842265,0.35673122573143,16.09825070121001,0.9187653182536968,0.0,-1.824431904834528,0.0109354342473226,0.1190570600666681,0.0,0.0,0.0682292225289425,-0.1446460217149353,0.0128961905952332,0.3302343588121749,0.0025216169778371,14.206493694132378,0.0161328921769053,0.0245968625723519,-28.4802845262873,-389548000.0,1111546000.0,-3812916000.0,4287890000.0,1837440500.0,1523158000.0,907030000.0,42.21729175099916,31.694604520200933,19.0716091808371,2.131827890117323,2.839600031691117,4.7190564333937175,0.1278696781792744,0.2826269564973913,2006-02-22,0.33,bmo,3604060465.0,2025-04-24,2005-12-31,0.3030303030303029,12.435396825396824,1896399.603174603
2005-09-30,OKE,USD,1039684,2005-11-04,2005-11-04 14:55:56,2005,Q3,3192206000.0,2849705000.0,342501000.0,0.1072928877,0,0.0,0.0,0.0,219287000.0,219287000.0,3068992000.0,0.0,0.0,31391000.0,158197000.0,0.0495572654,123214000.0,0.0385983862,-37716000.0,85498000.0,0.0267833592,32800000.0,176450000.0,0.0552752548,0.89,0.81,199788000,217204000,https://www.sec.gov/Archives/edgar/data/1039684/000119312505216798/0001193125-05-216798-index.htm,https://www.sec.gov/Archives/edgar/data/1039684/000119312505216798/d10q.htm,15.977966644643322,0.8831861773479889,-0.9238642961539232,-1.2604360622259596,0.4312571325605141,6.934820910164775,3.004785072176507,6.934820910164775,18.08655174484954,2974843320.0,6502159320.0,4.214853102862,0.9319083166938474,-16.11708566072696,-11.813371932332618,2.147135476588134,2.147135476588134,2.0368858776657897,41.1016600820496,-35.22735400402,-25.820662854419822,0.0593140481764935,-0.0846498362811255,2.608077696475048,0.3487084865507256,22.29698414002794,0.8811262716794818,0.0,-1.000233019389381,0.0094989876643318,0.1601473505242278,0.0,0.0,0.0757710407427583,-0.3643086625094134,0.0210647433154376,2.1421107960880508,0.0,11.739105772180006,0.0111951306889783,0.0184238094298371,-36.71630928784512,-604801000.0,600320000.0,-4494002000.0,4379431000.0,1201030000.0,1225782000.0,737859000.0,41.50068635921367,48.37435453845222,28.5082245355221,2.168638832162806,1.860489940562618,3.156983693876036,0.127355297099807,0.3365717660720363,2005-11-02,0.12,bmo,2222074642.0,2025-04-24,2005-09-30,1.0833333333333337,14.7275,1316051.046875
2005-06-30,OKE,USD,1039684,2005-08-03,2005-08-03 15:11:27,2005,Q2,2121120000.0,1857789000.0,263331000.0,0.1241471487,0,0.0,0.0,0.0,194700000.0,194700000.0,2052489000.0,0.0,27895000.0,52165000.0,112626000.0,0.0530974202,68631000.0,0.0323560195,-11449000.0,40733000.0,0.019203534,15881000.0,24852000.0,0.0117164517,0.13,0.12,202286000,218124000,https://www.sec.gov/Archives/edgar/data/1039684/000119312505156163/0001193125-05-156163-index.htm,https://www.sec.gov/Archives/edgar/data/1039684/000119312505156163/d10q.htm,10.485747901486016,0.1228557586783069,-0.4587465271941706,-0.7769840720563954,0.0820768614733595,7.407185865556687,6.293969923771294,7.407185865556687,12.676428423123696,2890666940.0,5410432940.0,29.078815990664733,1.3628021705514068,-31.150099571111443,-18.39162540639932,1.929207699032949,1.929207699032949,2.5507434468582635,48.038933638769024,-58.303335632233455,-34.423424761250345,0.0085973239103083,-0.054372573271966,1.6927521239747192,0.3787394708274164,22.372862394118588,1.1396535660789373,2.4603333930811973,-3.7340254305488494,0.0098783431618725,1.1490020923869306,0.0,0.0,0.033625858050104,-0.6937110713592965,0.0303495323225465,1.2340649861017925,0.0,4.524969323834634,0.0083052625224123,0.0038401145173696,-20.75188594366392,247627000.0,1273182000.0,-3177721000.0,4284222000.0,1096517000.0,1004349500.0,448214000.0,39.46342498302784,44.56271406494494,27.76127428895316,2.280592727030322,2.0196256419399305,3.241926111288524,0.016586023478847,0.3182375448622248,2005-08-01,0.11,bmo,1907400000.0,2025-04-24,2005-06-30,0.0909090909090908,13.36578125,1513912.828125
2005-03-31,OKE,USD,1039684,2005-05-05,2005-05-05 09:47:02,2005,Q1,2752863000.0,2353298000.0,399565000.0,0.1451452542,0,0.0,0.0,0.0,199974000.0,199974000.0,2553272000.0,0.0,20782000.0,51496000.0,229595000.0,0.0834022616,199591000.0,0.0725030632,-12079000.0,174299000.0,0.0633155373,66635000.0,107664000.0,0.0391098286,0.52,0.49,207332000,222002000,https://www.sec.gov/Archives/edgar/data/1039684/000119312505096716/0001193125-05-096716-index.htm,https://www.sec.gov/Archives/edgar/data/1039684/000119312505096716/d10q.htm,13.277559662763103,0.5192830822063165,2.4907587830146816,2.2095093859124497,0.1711988501533771,7.582683811471456,6.49656107113229,7.582683811471456,11.228242625354504,2796908680.0,5068605680.0,6.49453085525338,1.0159999535029531,5.416020247320948,6.105427786824769,1.7790534770277069,1.7790534770277069,1.841212468619034,22.07628946623402,9.815004395698026,11.064360513597409,0.0384939275171472,0.1637886868726797,1.467555225925542,0.33682033320394,9.894366166510595,0.8270120743036403,9.604032335675104,4.796533660276416,0.0093034857326839,0.241687100609303,0.0,0.0,0.0328745493194883,0.1129171556154558,0.021182310925026,1.132359794935529,0.0009564587849086,9.412496319939724,0.0251223643071471,0.0162518296969341,-19.93605666274381,-456256000.0,1346945000.0,-3096540000.0,3560979000.0,1347692500.0,1125407500.0,469440000.0,41.29024946028916,41.641470820950005,12.3672947497512,2.17969135997973,2.1613069429507425,7.277258432108653,0.0684827555938333,0.2812493971022322,2005-04-27,0.51,bmo,2817489795.0,2025-04-24,2005-03-31,-0.0392156862745098,12.68655737704918,1373693.0655737706
2004-12-31,OKE,USD,1039684,2005-03-08,2005-03-08 16:00:15,2004,Q4,2598604000.0,2223270000.0,375334000.0,0.1444367822,0,0.0,0.0,0.0,193541000.0,193541000.0,2416811000.0,0.0,20957000.0,48452000.0,230245000.0,0.0886033424,181793000.0,0.0699579467,-25270000.0,156523000.0,0.0602334946,58126000.0,98397000.0,0.0378653308,0.47,0.47,206540000,207332000,https://www.sec.gov/Archives/edgar/data/1039684/000119312505044590/0001193125-05-044590-index.htm,https://www.sec.gov/Archives/edgar/data/1039684/000119312505044590/d10k.htm,12.581601626803526,0.4764065072140989,-0.3942529292146799,-0.7417643071559988,0.0457925825505955,7.774300377650818,6.684012782027694,7.774300377650818,12.76512055776121,2569357600.0,5175450600.0,6.528038456457006,0.9887453417296364,-31.55334831571062,-16.770825827001907,1.6001439866874592,1.6001439866874592,1.9916272737208127,22.478015157766727,-63.55783074825922,-33.78143259967103,0.0382963430236414,-0.0596273558807073,1.6289123026410846,0.3636422408489556,11.3187821668223,0.8641489367176766,8.674571742138665,-0.8275557181621391,0.0100628265991468,0.2627620760795552,0.0,0.0,0.0313080757868206,-0.8814427292487934,0.0276205993679683,1.4813629984314374,0.0055144993234829,9.12873835759204,0.0217127898953451,0.0141223610724193,-20.31285344243246,-395978000.0,1380516000.0,-3068128000.0,3616031000.0,1064666000.0,968531000.0,636158500.0,49.61057937261699,47.03817350119419,24.91612354774724,1.814129186519364,1.9133395984798416,3.612118868632647,0.0612796630014,0.3475113779413188,2005-02-23,0.44,bmo,2487271111.0,2025-04-24,2004-12-31,0.0227272727272727,11.9753125,1355118.046875
2004-09-30,OKE,USD,1039684,2004-11-03,2004-11-03 12:07:57,2004,Q3,1726762000.0,1480662000.0,246100000.0,0.1425210886,0,0.0,0.0,0.0,186597000.0,186597000.0,1667259000.0,0.0,24660000.0,47307000.0,88113000.0,0.0510278776,59503000.0,0.0344592943,-24954000.0,34549000.0,0.0200079687,13710000.0,20839000.0,0.0120682526,0.1,0.095,205828000,213884000,https://www.sec.gov/Archives/edgar/data/1039684/000119312504184529/0001193125-04-184529-index.htm,https://www.sec.gov/Archives/edgar/data/1039684/000119312504184529/d10q.htm,8.38934450123404,0.1012447286083526,-0.9293439182229823,-1.307975591270381,0.0862807781254251,6.798822317663292,5.703912975882776,6.798822317663292,11.190955555123695,2344380920.0,4605373920.0,28.12492106147128,1.3576746071548946,-12.255957968476356,-8.708113573386623,1.675290141118832,1.675290141118832,2.667057718434851,52.26667937761738,-24.075980448022584,-17.106485896188218,0.0088889138374321,-0.1148354338253188,1.6283918398614252,0.3547062295620901,25.66015230442727,0.8369420511269487,2.4129359286293592,-9.179183262152694,0.0101711286747718,1.1442487643361006,0.0,0.0,0.0350795786521751,-0.4074182502548553,0.0451324502160691,1.6473883357642631,0.0,3.935449238547639,0.0075676591110592,0.0033616858792577,-20.19211064578192,-378465000.0,1174025000.0,-3082367000.0,3608178000.0,756282000.0,828925500.0,561479500.0,36.32326284687757,47.11204852964417,39.92353420294436,2.477750976816132,1.910339346491579,2.254309439201966,0.0148915097171049,0.3786316730473988,2004-11-01,0.08,bmo,1331520000.0,2025-04-24,2004-09-30,0.25,10.06609375,1302737.25
2004-06-30,OKE,USD,1039684,2004-08-04,2004-08-04 15:06:42,2004,Q2,632139000.0,402087000.0,230052000.0,0.3639262884,0,0.0,0.0,0.0,176446000.0,176446000.0,578533000.0,0.0,23405000.0,46226000.0,99832000.0,0.1579272913,53606000.0,0.0848009694,-24177000.0,29429000.0,0.0465546343,11640000.0,17789000.0,0.0281409627,0.085,0.085,205090000,207942000,https://www.sec.gov/Archives/edgar/data/1039684/000119312504131223/0001193125-04-131223-index.htm,https://www.sec.gov/Archives/edgar/data/1039684/000119312504131223/d10q.htm,3.082251694378078,0.0867375298649373,0.1355941294066019,-0.1837778536252377,0.0924472182944073,7.101204349310059,6.002355063630601,7.101204349310059,9.870213077185626,1975016700.0,3956933700.0,27.75615127325876,3.1243392671548507,71.02077385019238,-52.40022021172164,1.356107996094442,1.356107996094442,6.259594329728114,39.63592535459572,142.28967960012946,-104.98351595871694,0.0090070124470339,-0.0190838892653414,1.3738644837289016,0.3296959640657093,19.85252223735876,0.8464821809864768,2.2903653065584275,1.5632694361684187,0.0108454779141867,1.2041149024678173,0.0,0.0,0.0371343523613597,2.3553525836959257,0.1036164514450144,1.416951499156319,0.0,3.722723572509695,0.0070834286176814,0.0030442413543134,-18.278286362084938,-287948000.0,1231023000.0,-3024752000.0,3660764000.0,879999000.0,851566500.0,371817000.0,116.12814586665274,197.59298360802515,104.33824023159168,0.7750059154767261,0.4554817603166386,0.8625792403651225,0.0122144816003449,0.3193719830318396,2004-08-02,0.09,bmo,546700000.0,2025-04-24,2004-06-30,0.0,9.381451612903223,1174491.5806451612
2004-03-31,OKE,USD,1039684,2004-04-30,2004-04-30 16:25:42,2004,Q1,1030575000.0,637816000.0,392759000.0,0.3811066638,0,0.0,0.0,0.0,197651000.0,197651000.0,835467000.0,0.0,23240000.0,46740000.0,241848000.0,0.2346728768,195108000.0,0.1893195546,-23464000.0,171644000.0,0.1665516823,66491000.0,105153000.0,0.1020333309,0.53,0.52,198232000,202596000,https://www.sec.gov/Archives/edgar/data/1039684/000119312504075542/0001193125-04-075542-index.htm,https://www.sec.gov/Archives/edgar/data/1039684/000119312504075542/d10q.htm,5.198832680899148,0.5304542152629242,2.268624641833811,2.021933895637435,0.1121766415109568,7.484775414665644,6.3479105290770415,7.484775414665644,10.25346059163001,1956549840.0,3943636840.0,4.651673846680551,1.8985031074885377,4.350653615408904,4.881465225592048,1.3186768410793934,1.3186768410793934,3.8266374014506463,16.306261949654328,8.769210742827664,9.839118689061204,0.0537440947581483,0.2048565243806925,1.3542456066567727,0.3372532774927038,8.216263934372002,0.8516720454433484,8.395352839931153,4.276758627904101,0.0092555781763269,0.1722157237549095,0.0,0.0,0.0378258610237016,0.1087402215630378,0.0474511801664119,1.0462558836114677,0.0029536909007107,9.451583997014897,0.0263662746536774,0.0183431617196201,-18.185503601840267,-261931000.0,1258359000.0,-2970226000.0,3660192000.0,957241000.0,817127500.0,398445000.0,82.46919438177716,115.7581496858028,39.15550879877583,1.0913165900876909,0.7774830562192209,2.298527148823917,0.0708710931023466,0.2466907461963759,2004-04-28,0.53,bmo,1050419230.0,2025-04-24,2004-03-31,-0.0188679245283019,9.823870967741936,1460783.241935484
2003-12-31,OKE,USD,1039684,2004-03-03,2004-03-03 13:10:43,2003,Q4,849028000.0,542320000.0,306708000.0,0.3612460366,0,0.0,0.0,0.0,186910000.0,186910000.0,729230000.0,0.0,23551000.0,40620000.0,160418000.0,0.1889431208,119798000.0,0.1411001757,-25294000.0,94504000.0,0.111308461,32962000.0,62912000.0,0.0740988519,0.32,0.32,198232000,198232000,https://www.sec.gov/Archives/edgar/data/1039684/000119312504033606/0001193125-04-033606-index.htm,https://www.sec.gov/Archives/edgar/data/1039684/000119312504033606/d10k.htm,4.2830017353404095,0.3173655111182856,-0.646515194317769,-0.971704871060172,0.0614028007587069,6.262318899067759,5.12418277573752,6.262318899067759,13.158526373138544,1916903440.0,4489621440.0,7.617399860122076,2.2577623352822287,-14.957111735330836,-9.951581275340953,1.5441564308453737,1.5441564308453737,5.287954507978536,27.987017915695247,-35.03137827715356,-23.307815992898043,0.0328195978405672,-0.1004865430258709,2.08225121476536,0.4093871316784415,16.03758929795908,0.8445217299105087,5.086747908793682,-2.0824802573852,0.0096786304478643,0.294903992878942,0.0,0.0,0.0357322275662142,-0.5029884519350811,0.0759256467395657,1.5869768586903004,0.0074072939879485,6.687113791407892,0.0166178307288739,0.0103330364315415,-20.54752890552484,-346064000.0,1015777000.0,-3192917000.0,3571377000.0,786036000.0,731949000.0,525768500.0,102.83841051178524,135.0688707774008,86.1965075969907,0.8751593840482982,0.6663267374784216,1.04412582956136,0.0506785930632709,0.3251896767424028,2004-02-23,0.33,bmo,849000000.0,2025-04-24,2003-12-31,0.0,8.9840625,1933258.859375
2003-09-30,OKE,USD,1039684,2003-11-05,2003-11-05 16:29:25,2003,Q3,568270000.0,373888000.0,194382000.0,0.3420592324,0,0.0,0.0,0.0,162562000.0,162562000.0,536450000.0,0.0,23412000.0,40105000.0,71925000.0,0.1265683566,31820000.0,0.0559945097,-24192000.0,7628000.0,0.0134231967,3033000.0,4595000.0,0.0080859451,0.0295,0.0292,155730000,157402000,https://www.sec.gov/Archives/edgar/data/1039684/000119312503073448/0001193125-03-073448-index.htm,https://www.sec.gov/Archives/edgar/data/1039684/000119312503073448/d10q.htm,3.649072111988698,0.0295061966223592,-1.1003788608489051,-1.5257561163552302,0.0777949014319655,7.710595261028703,6.242271880819367,7.710595261028703,14.094188659860016,1375095900.0,3534456900.0,74.81479325353645,2.41979323209038,-8.02450893430282,-5.787294512764829,1.1451774734732936,1.1451774734732936,6.219678849842505,49.140867570385815,-20.62567488708115,-14.875284715032448,0.0033415851214449,-0.1727923121580102,1.8084014354110816,0.3912928230715213,30.02239833159541,1.0289624223116842,1.359132069024432,-37.29314472252448,0.0128936461813317,3.858541893362351,0.0,0.0,0.0412041392625017,-0.3865734526907949,0.1165713481267707,1.6517641191871335,0.0,2.262516883155845,0.0044085062852842,0.0008635872342448,-23.239509086239003,39820000.0,972109000.0,-2934015000.0,3644245000.0,634074500.0,706744500.0,441459000.0,95.33107501715732,156.46468996062993,128.0924768914755,0.9440783079788216,0.5752096528785252,0.7026173760091405,0.0038267080067723,0.425377255506325,2003-10-30,-0.09,bmo,5114699999.0,2025-04-24,2003-09-30,-1.3243333333333334,8.99109375,1476455.6875
2003-06-30,OKE,USD,1039684,2003-08-04,2003-08-04 13:01:10,2003,Q2,466539000.0,234103000.0,232436000.0,0.4982134398,0,0.0,0.0,0.0,170427000.0,170427000.0,404530000.0,0.0,22877000.0,39709000.0,101718000.0,0.2180267888,62009000.0,0.1329127897,-23923000.0,38086000.0,0.0816351902,15538000.0,17503000.0,0.0375166921,0.12,0.12,148824000,194050000,https://www.sec.gov/Archives/edgar/data/1039684/000119312503028330/0001193125-03-028330-index.htm,https://www.sec.gov/Archives/edgar/data/1039684/000119312503028330/d10q.htm,3.13483712304467,0.1176087190238133,-2.138788098693759,-2.481192549588776,1.061609686609687,8.295684835779175,6.745336773638661,8.295684835779175,13.774109014675052,1278398160.0,3147446160.0,18.259700622750383,2.740174261958807,-4.016293154635678,-3.462044895074216,1.0354781033811034,1.0354781033811034,6.746373100641104,30.94286321005132,-9.888207651200272,-8.523635477345293,0.013691352622097,-0.288846629754223,1.6418645112534698,0.3607685085896586,18.37480092019112,1.0687115817661736,2.7105389692704462,-14.116684406599257,0.0112500161921384,0.8216877106781695,0.0,0.0,0.0410646638219865,-0.1600927418214719,0.1092255952878537,1.2832859049585736,0.0,4.685297163108056,0.0086151293677717,0.0032485477768336,-23.86060380046229,93707000.0,1003868000.0,-2926598000.0,3665365000.0,961385000.0,976587500.0,222509500.0,128.52005941625458,293.5192628885576,134.8567938044365,0.7002797882975242,0.3066238280728134,0.6673746087313488,0.0141770958458509,0.3424044508950169,2003-07-31,0.1,bmo,412500000.0,2025-04-24,2003-06-30,0.1999999999999999,8.632380952380952,1519388.746031746
2003-03-31,OKE,USD,1039684,2003-05-05,2003-05-05 10:45:21,2003,Q1,1085221000.0,675563000.0,409658000.0,0.3774880877,0,0.0,0.0,0.0,177221000.0,177221000.0,852784000.0,0.0,130269000.0,40427000.0,272864000.0,0.2514363434,232437000.0,0.2141840233,-27836000.0,204601000.0,0.1885339484,78994000.0,22433000.0,0.0206713656,0.13,0.11,167466000,197028000,https://www.sec.gov/Archives/edgar/data/1039684/000119312503003340/0001193125-03-003340-index.htm,https://www.sec.gov/Archives/edgar/data/1039684/000119312503003340/d10q.htm,6.480246736651022,0.1339555491861034,3.713631423691973,3.513692331577753,1.6898236059856926,7.354215183977643,6.004084411164057,7.354215183977643,12.803518326107984,1344751980.0,3075648980.0,14.986314581197345,1.239150348177929,2.16230397792596,2.285345227251098,1.0918908135153107,1.0918908135153107,2.8341222479107944,11.271728700011728,4.945512721355444,5.2269264679890695,0.0166818865736118,0.4375706515040788,1.6352030438923628,0.3362007744077503,6.343442154333294,1.0672306940278833,1.7842848260138635,4.951212910108513,0.0150942332131758,0.9048277091784424,0.0,0.0,0.0377456167032212,0.0538392396290763,0.0308536233633517,0.8282336062532466,0.0003059284698692,4.708036056632998,0.033956292719914,0.0038918984563738,-20.81631196780242,120620000.0,1005480000.0,-2843804000.0,3663930000.0,1014784500.0,930921000.0,84865000.0,104.20889385664302,158.49300509352938,12.55446198208013,0.8636498927223067,0.567848404078713,7.168765983637,0.0182147987018312,0.1999390921142202,2003-04-30,0.55,bmo,996141666.0,2025-04-24,2003-03-31,0.0909090909090907,7.748360655737705,2433160.7540983604
2002-12-31,OKE,USD,1039684,2003-03-10,2003-03-07 18:15:57,2002,Q4,555611000.0,367640000.0,187971000.0,0.3383140363,0,0.0,0.0,0.0,113022000.0,113022000.0,480662000.0,0.0,20753000.0,18373000.0,93322000.0,0.1679628373,74949000.0,0.1348947375,-27390000.0,47559000.0,0.0855976574,20283000.0,28649000.0,0.051563054,0.16,0.16,167466000,167466000,https://www.sec.gov/Archives/edgar/data/1039684/000093066103000949/0000930661-03-000949-index.htm,https://www.sec.gov/Archives/edgar/data/1039684/000093066103000949/d10k.htm,3.3177540515686768,0.1710735313436757,0.6322238543943248,0.4835369567554011,0.4390264292453393,8.15456271720827,7.47675349026071,8.15456271720827,11.42175725221836,1406714400.0,3225195400.0,12.27542322594157,2.5318332430423443,13.28643318599116,17.371991701244813,1.030098153794782,1.030098153794782,5.804772403714109,34.55986155461735,30.462006498167668,39.82902835408022,0.0203658965885328,0.057563923423262,1.3854616098862635,0.3301430606027928,19.48609116821328,0.945336454529182,3.6114778586228495,3.8816542014958206,0.0132237218869729,0.6493071311389578,0.0,0.0,0.0198068072878441,0.2351807775133174,0.0448155274103644,1.3552495509715343,0.0,5.602514740133819,0.0100384987658703,0.0051000934960767,-21.94006395328007,-94060000.0,1252102000.0,-2738598000.0,3034499000.0,630507500.0,517511000.0,70203000.0,125.21625741750972,164.54621368730278,18.48104123599173,0.7187565085890737,0.546958802534542,4.869855483289841,0.0209788724762231,0.1486868976389237,2003-02-26,0.17,bmo,601400000.0,2025-04-24,2002-12-31,0.0,8.21546875,458769.40625
2002-09-30,OKE,USD,1039684,2002-11-14,2002-11-14 11:35:11,2002,Q3,465393000.0,240195000.0,225198000.0,0.4838878109,0,0.0,0.0,0.0,155934000.0,155934000.0,396129000.0,0.0,43015000.0,45321000.0,102301000.0,0.2198163703,69264000.0,0.1488290542,-36003000.0,33261000.0,0.0714686297,12542000.0,20719000.0,0.0445193632,0.1,0.1,199914000,201146000,https://www.sec.gov/Archives/edgar/data/1039684/000093066102003990/0000930661-02-003990-index.htm,https://www.sec.gov/Archives/edgar/data/1039684/000093066102003990/d10q.htm,2.3279660253909182,0.1036395650129555,0.6033944596176356,0.3438828696339426,0.0295577098152205,6.730509118921136,6.160924197404884,6.730509118921136,10.24376982102304,1653288780.0,3652237780.0,19.94894517109899,3.552457342504077,13.705793727772388,24.04888620594353,1.2287331989122443,1.2287331989122443,7.847642272230137,35.70090008895319,30.277116897543667,53.12577683389821,0.0125319909326427,0.0415819673076109,1.4900213522920085,0.3521102469407268,19.539877420553072,0.8922756750571801,1.6102289898872486,5.822047396109851,0.0112418351983251,0.8970510159756745,0.0,0.0,0.0199984685192899,0.4300861332869092,0.1114756775456442,1.1447231967520577,0.0,3.9616673688632846,0.0097050980409345,0.0037131037310608,-19.728228138099382,-175113000.0,1231655000.0,-2897860000.0,3265794000.0,524875500.0,399404500.0,70059500.0,94.37146669588928,135.96540310997315,24.322612877037404,0.9536780888446263,0.6619330943122724,3.7002603484664087,0.0153984733074053,0.259511589983693,2002-10-30,0.08,bmo,399111111.0,2025-04-24,2002-09-30,0.1249999999999999,8.2709375,539587.375
2002-06-30,OKE,USD,1039684,2002-08-12,2002-08-12 17:16:01,2002,Q2,1171444000.0,916525000.0,254919000.0,0.2176109144,0,0.0,0.0,0.0,170602000.0,170602000.0,1087127000.0,0.0,17591000.0,45547000.0,129293000.0,0.1103706195,84317000.0,0.0719769788,-22722000.0,61595000.0,0.052580405,26212000.0,35383000.0,0.0302046022,0.18,0.18,199754000,201414000,https://www.sec.gov/Archives/edgar/data/1039684/000093066102002780/0000930661-02-002780-index.htm,https://www.sec.gov/Archives/edgar/data/1039684/000093066102002780/d10q.txt,5.864433252901068,0.1771328734343242,1.104984130480491,0.7394244921253141,0.2191595662665078,6.717918039188201,6.147876888572945,6.717918039188201,10.079783133253905,1893667920.0,3845775920.0,13.379786338071955,1.6165244945554376,8.579308732585798,12.820781703824569,1.411151482453271,1.411151482453271,3.282936205230468,29.744656864640778,17.423381674028768,26.037222805224,0.0186849022610046,0.0779983641482399,1.487323863894641,0.3497792111677772,15.098327055602391,0.9557759199830336,4.79318969927804,6.238165220586157,0.0098053094758029,0.5247717830596614,0.0,0.0,0.0199553778208036,0.3308279533355986,0.0623350326605454,1.6032230443278372,0.0,5.174378496978933,0.0107817367502852,0.0063271344713222,-19.33129874745937,-69647000.0,1228063000.0,-2858981000.0,3366709000.0,640797500.0,395723000.0,67094000.0,43.158503522148735,42.80799759962903,7.385003136848422,2.085336437900643,2.1024108822315,12.18686009095019,0.0263672275251112,0.3655596383551768,2002-08-05,0.13,bmo,352137500.0,2025-04-24,2002-06-30,0.2307692307692307,9.3553125,359447.515625
2002-03-31,OKE,USD,1039684,2002-05-10,2002-05-10 16:59:27,2002,Q1,1465658000.0,1158086000.0,307572000.0,0.2098525031,0,0.0,0.0,0.0,164624000.0,164624000.0,1322710000.0,0.0,27622000.0,40723000.0,175565000.0,0.119785789,142948000.0,0.0975316206,-26902000.0,116046000.0,0.0791767247,43448000.0,63323000.0,0.0432044856,0.31,0.3,200140000,200552000,https://www.sec.gov/Archives/edgar/data/1039684/000093066102001577/0000930661-02-001577-index.htm,https://www.sec.gov/Archives/edgar/data/1039684/000093066102001577/d10q.txt,7.323163785350255,0.316393524532827,1.823988208254222,1.5199510342760068,0.7529979014689717,6.6443039872089535,6.075362246427501,6.6443039872089535,11.463660437693614,1829279600.0,3945289600.0,7.222018855708036,1.2480944394940705,5.010997307240319,6.013351610602131,1.3756143634601228,1.3756143634601228,2.691821420822593,22.471959673055565,10.8074433027533,12.969265917824613,0.0346163593580773,0.1662966120652086,1.7045648526723371,0.4101084635354708,12.052573121066272,0.9681625498578048,5.175150242560278,5.028416760792308,0.0101378706677754,0.2928635724776147,0.0,0.0,0.0206017212247049,0.1666881247380517,0.0415171888667069,1.4942415833803993,0.0,6.877487333544317,0.0186953263596912,0.0116977937254987,-17.374050664534824,-44500000.0,1215923000.0,-2844095000.0,3369765000.0,698819000.0,400474500.0,103542000.0,44.20252200718039,27.62794818346824,4.583752847370575,2.036082918195937,3.2575708989440404,19.63456647790851,0.0476187611436684,0.3040371739782152,2002-05-01,0.29,bmo,599816666.0,2025-04-24,2002-03-31,0.0344827586206896,8.0025,317262.01666666666
2001-12-31,OKE,USD,1039684,2002-03-14,2002-03-14 00:00:00,2001,Q4,1317127000.0,1122914000.0,194213000.0,0.1474519921,0,0.0,0.0,0.0,169702000.0,169702000.0,1292616000.0,0.0,33793000.0,43443000.0,67954000.0,0.0515925951,24511000.0,0.0186094431,-32718000.0,-8207000.0,-0.0062309861,-2518000.0,-5689000.0,-0.0043192494,-0.0285,-0.0284,199300000,200140000,https://www.sec.gov/Archives/edgar/data/1039684/000093066102000717/0000930661-02-000717-index.htm,https://www.sec.gov/Archives/edgar/data/1039684/000093066102000717/d10k405.txt,6.608765679879578,-0.0285449071751128,0.9188058203712997,0.4254641244355243,0.1416407425990968,6.348670346211741,5.777330657300552,6.348670346211741,12.558564977420971,1556533000.0,3997433000.0,-68.40099314466514,1.1817637934686631,8.500163828787993,18.35642431747155,1.230178852278924,1.230178852278924,3.03496397841666,58.82557318185832,21.82982011599078,47.14231971224719,-0.0036549176920759,0.0544768405167124,1.951433268262612,0.4199799665224227,35.91988698237043,0.8589718419922383,0.7253277305950937,-32.188082264018284,0.011866757723736,-3.246792054842679,0.0,0.0,0.0193680762843801,0.5369379307331884,0.0746495971914629,2.2632645075155957,0.0,,0.0034605448556564,-0.0009867671900689,-20.086512794781736,-256448000.0,1151422000.0,-3051900000.0,3130388000.0,608626000.0,404223500.0,131166500.0,46.314167122836295,35.70163877198076,11.870169932871084,1.9432498863964969,2.520892684361411,7.582031302750807,-0.0044962024516118,0.4933416959357752,2002-02-26,0.15,bmo,1141510066.0,2025-04-24,2001-12-31,0.1333333333333334,7.691875,372543.75
2001-09-30,OKE,USD,1039684,2001-11-07,2001-11-07 00:00:00,2001,Q3,1127189000.0,923940000.0,203249000.0,0.180314925,0,0.0,0.0,0.0,147024000.0,147024000.0,1070964000.0,0.0,39543000.0,40166000.0,96391000.0,0.0855144967,56225000.0,0.049880721,-37137000.0,19088000.0,0.016934161,301000.0,18787000.0,0.016667125,0.0944,0.0943,199042000,199266000,https://www.sec.gov/Archives/edgar/data/1039684/000093066101502216/0000930661-01-502216-index.htm,https://www.sec.gov/Archives/edgar/data/1039684/000093066101502216/d10q.txt,5.663071110619869,0.0943871142773886,-0.1611669898815325,-0.5091036062740527,0.0005325509189015,6.443017051677535,5.85379970056571,6.443017051677535,12.430934174696798,1443054500.0,3877683500.0,19.20283307606324,1.2802240795465534,-44.98439789270239,-14.240716252356092,1.1252492336819682,1.1252492336819682,3.440136037523432,40.22868836302144,-120.87918887745876,-38.26673936427422,0.0130189123141225,-0.0702211870722831,1.8985309930904664,0.4277513466410398,25.257845649490097,0.8703482089885562,1.4218698631869104,-1.707510512588492,0.0128020112892479,0.983339543301219,0.0,0.0,0.0206043985003355,-2.1588578197574737,0.0614395633740215,1.7241945924413684,0.0,3.699067477328125,0.0117389498791781,0.0033700703953119,-19.833479868570453,-229897000.0,1165152000.0,-2866218000.0,3102668000.0,605436000.0,445031000.0,105036000.0,43.07267015558172,35.35982856029612,11.127118644067796,2.089492006762368,2.545261209242873,8.088347296268088,0.0146495211048391,0.3479366163925201,2001-11-01,0.08,bmo,380000000.0,2025-04-24,2001-09-30,0.0,7.586610169491526,723944.1016949152
2001-06-30,OKE,USD,1039684,2001-08-13,2001-08-13 00:00:00,2001,Q2,1402399000.0,1208355000.0,194044000.0,0.1383657575,0,0.0,0.0,0.0,122102000.0,122102000.0,1330457000.0,0.0,35449000.0,37524000.0,109232000.0,0.0778893881,71942000.0,0.0512992379,-35683000.0,36259000.0,0.0258549814,12651000.0,23608000.0,0.0168340109,0.12,0.12,198814000,199466000,https://www.sec.gov/Archives/edgar/data/1039684/000093066101501586/0000930661-01-501586-index.htm,https://www.sec.gov/Archives/edgar/data/1039684/000093066101501586/d10q.txt,7.053824177371815,0.1187441528262597,-0.5286297745631595,-0.9459897190338707,0.0012172181033528,6.41699779693583,5.823810194453107,6.41699779693583,11.77829529107608,1713776679.9999998,4019775680.0,18.1482620298204,1.222032160604792,-16.306308147556113,-9.11214976924222,1.3433073023830742,1.3433073023830742,2.86635663602156,36.80034861579024,-38.2475159611414,-21.37314532423063,0.013775423761747,-0.1097435868948806,1.8076978246402813,0.3885375213728059,21.111020580049804,0.9045287023036468,2.029450760247116,-4.451838359878008,0.0107738658224711,0.7821077600813283,0.0,0.0,0.0198686017834131,-0.789512745126024,0.0591678972959906,2.211304764950432,0.0,4.140600410497879,0.0101217983520985,0.0040579171066267,-20.66345176899011,-190114000.0,1157855000.0,-2858701000.0,3109682000.0,1013094000.0,794971500.0,73895000.0,43.08862171179528,39.2560298918778,7.138374070533908,2.08871846962241,2.292641417073643,12.607913106081948,0.0185046273325761,0.4173599444707113,2001-08-02,0.11,bmo,2012009999.0,2025-04-24,2001-06-30,-0.0909090909090908,9.173968253968257,588416.0634920635
2001-03-31,OKE,USD,1039684,2001-05-15,2001-05-15 00:00:00,2001,Q1,2956256000.0,2688661000.0,267595000.0,0.0905182095,0,0.0,0.0,0.0,125217000.0,125217000.0,2813878000.0,0.0,31752000.0,37287000.0,180333000.0,0.0610004682,142378000.0,0.0481615936,-34236000.0,108810000.0,0.0368066906,41800000.0,55584000.0,0.0188021606,0.25,0.25,99214000,99596000,https://www.sec.gov/Archives/edgar/data/1039684/000093066101500662/0000930661-01-500662-index.htm,https://www.sec.gov/Archives/edgar/data/1039684/000093066101500662/d10q.txt,29.79676255367186,0.5602435140201988,3.6225835063599896,2.705243211643518,0.0025097264498961,12.784092970750097,11.80602535932429,12.784092970750097,21.11970084867055,887965299.9999999,2951334300.0,3.993799024899251,0.3003682022125282,2.4706124742982265,3.308390151938539,0.7000887759872779,0.7000887759872779,0.9983351577129992,16.366024521302258,8.2115859002646,10.996111371917824,0.0625970406726479,0.3022618113568177,1.626995784323233,0.3279115682524751,11.441993423278047,1.0859481823866777,4.484063995968758,5.541420620114402,0.020757567891448,0.3316062176165803,0.0,0.0,0.015419463660466,0.2532281983578688,0.0307865759934187,2.440877517633492,0.0,12.69447188005921,0.0199227643229896,0.0089706927352139,-40.14102344427198,179773000.0,1171323000.0,-2753437000.0,3408290000.0,1491243000.0,1155202000.0,63934000.0,41.24456068757239,35.578918279396326,1.7389362214128148,2.182105918929532,2.529587866984669,51.755779707020345,0.0438234855849399,0.9173402947164716,2001-05-01,0.3,bmo,2688090909.0,2025-04-24,2001-03-31,0.1,9.653870967741934,644018.5322580645
2000-12-31,OKE,USD,1039684,2001-03-26,2001-03-26 00:00:00,2000,Q4,2672468000.0,2466454000.0,206014000.0,0.077087546,0,0.0,0.0,0.0,105851000.0,105851000.0,2572305000.0,0.0,19285000.0,36427000.0,136590000.0,0.0511100601,100163000.0,0.0374795882,-27625000.0,72538000.0,0.0271427011,27201000.0,36062000.0,0.013493894,0.23,0.23,198428000,198428000,https://www.sec.gov/Archives/edgar/data/1039684/000093066101000672/0000930661-01-000672-index.htm,https://www.sec.gov/Archives/edgar/data/1039684/000093066101000672/0000930661-01-000672-0001.txt,13.46820005241196,0.1817384643296309,-0.9254943858729616,-1.4722317414880963,0.001254863224948,6.173307194549157,5.702562138407886,6.173307194549157,11.72904529602677,2089446840.0,4397283840.0,14.485100937274693,0.7818416684502864,-11.37770272919344,-7.152406583325345,1.7057307644268327,1.7057307644268327,1.6454018682356533,32.193307269931914,-23.944609352878395,-15.05238672928676,0.0172591134216173,-0.1398130808630671,1.8842179766310163,0.3132098525525923,16.896090489786953,0.940488811297998,5.193829401088929,-4.050642962701546,0.0074167955380956,0.4297321280017747,0.0,0.0,0.0126757058086592,-0.5907516717126614,0.0405946862600412,2.978230433469679,0.0,5.024277640704142,0.0134091904001845,0.004956480637605,-24.619433749269252,-210393000.0,1131548000.0,-2819220000.0,2978529000.0,1387816000.0,1188454000.0,199451000.0,54.81609508514227,45.52150982746891,2.770256408593065,1.6418535442958653,1.9770873229185288,32.487967438981016,0.0294394007299848,0.5467373556151349,2001-02-19,0.26,bmo,3028208695.0,2025-04-24,2000-12-31,-0.1153846153846153,9.223968253968254,598993.1746031746
2000-09-30,OKE,USD,1039684,2000-11-13,2000-11-13 00:00:00,2000,Q3,1754790000.0,1578981000.0,175809000.0,0.1001880567,0,0.0,0.0,0.0,126728000.0,126728000.0,1705709000.0,0.0,35595000.0,36068000.0,85149000.0,0.048523755,49081000.0,0.0279697286,-33966000.0,15115000.0,0.0086135663,5029000.0,10086000.0,0.0057476963,0.0864,0.0863,116800000,116816000,https://www.sec.gov/Archives/edgar/data/1039684/000093066100002900/0000930661-00-002900-index.htm,https://www.sec.gov/Archives/edgar/data/1039684/000093066100002900/0000930661-00-002900-0001.txt,15.02388698630137,0.0863527397260274,-1.103390410958904,-1.8985188356164384,0.0011729452054794,10.168698630136989,9.376780821917809,10.168698630136989,17.13941780821918,1016160000.0,2982312000.0,25.18738845925044,0.5790778383738224,-7.884788478847884,-4.582519718417836,0.8555667068562536,0.8555667068562536,1.6995264390610842,35.024627417820525,-23.140941680374933,-13.449165039436837,0.0099256022673594,-0.2182205558179814,1.6555379118029407,0.3098005640818717,23.09072332029736,0.9427749735194504,1.378873437280517,-12.77771167955582,0.0180365296803652,1.817172318064644,0.0,0.0,0.0145732966900169,-0.7206229243614016,0.0529242815379618,2.57488632582899,0.0,4.444900132580505,0.0076332809552112,0.0016126105312133,-35.41678082191781,-146031000.0,1095208000.0,-2753405000.0,2923018000.0,994604000.0,953234000.0,242000500.0,58.87463457165814,64.37380183802085,18.40963887469197,1.5286719086206506,1.3980842738861454,4.888743370394107,0.0084920148454497,0.7951284246575342,2000-11-01,,bmo,,2025-04-24,2000-09-30,,6.78063492063492,313862.5396825397
2000-06-30,OKE,USD,1039684,2000-08-14,2000-08-14 00:00:00,2000,Q2,1387130000.0,1020233000.0,366897000.0,0.2645008038,0,0.0,0.0,0.0,289265000.0,289265000.0,1309498000.0,0.0,33377000.0,37161000.0,114793000.0,0.0827557619,77632000.0,0.0559659152,-30860000.0,46772000.0,0.0337185412,19610000.0,27162000.0,0.0195814379,0.23,0.14,116784000,196584000,https://www.sec.gov/Archives/edgar/data/1039684/000093066100001987/0000930661-00-001987-index.htm,https://www.sec.gov/Archives/edgar/data/1039684/000093066100001987/0000930661-00-001987-0001.txt,11.87774010138375,0.2325832305795314,-0.2446396766680367,-0.7275825455541856,0.0611128236744759,10.238003493629265,9.45430880942595,10.238003493629265,15.189015618577889,663333120.0,2396653120.0,6.105341285619615,0.4782054457765314,-23.21782009100455,-7.806674355654937,0.5547956692468855,0.5547956692468855,1.727778304845256,20.87804238934429,-83.88705355267763,-28.205874073202303,0.0409477518625935,-0.1280955185834833,1.4556758542531794,0.3239805111740204,15.09952697464131,0.9555974118277484,2.325913053899392,-1.0518371253957737,0.0276572953269693,0.6754289080332818,0.0,0.0,0.0170367141068006,-1.9740987049352468,0.0406594911796298,1.517720190522322,0.0,7.319612582831044,0.011989999005546,0.0051437521742399,-29.60898325113029,-83028000.0,1104112000.0,-2389606000.0,2928007000.0,617867000.0,531848500.0,111181500.0,54.58471808698536,68.55013511619404,14.204225897417553,1.6488131322136244,1.312907696643456,6.336142543069719,0.022717635398763,0.4829428688861488,2000-08-02,0.06,bmo,1144382249.0,2025-04-24,2000-06-30,1.3333333333333337,5.831904761904762,324573.92063492065
2000-03-31,OKE,USD,1039684,2000-05-11,2000-05-11 00:00:00,2000,Q1,823949000.0,558296000.0,265653000.0,0.3224143727,0,0.0,0.0,0.0,158596000.0,158596000.0,716892000.0,0.0,0.0,34327000.0,139414000.0,0.16920222,107057000.0,0.1299315856,-5573000.0,99353000.0,0.1205814923,38446000.0,53747000.0,0.0652309791,0.28,0.28,116968000,196756000,https://www.sec.gov/Archives/edgar/data/1039684/000093066100001192/0000930661-00-001192-index.html,https://www.sec.gov/Archives/edgar/data/1039684/000093066100001192/,7.044225771151084,0.4595017440667533,2.10231003351344,1.643688872170166,0.4274758908419396,10.143868408453594,9.479601258463854,10.143868408453594,11.960980781068326,639814960.0,1988865960.0,2.9760496399799057,0.7765225274865313,2.60189977348792,3.3278804113201463,0.539242011010461,0.539242011010461,2.4138216807108206,14.26589840331674,8.088010150343834,10.344722275680205,0.084003975149315,0.3004915671243448,1.179134063992826,0.3913927019584015,9.676581978854347,0.8486097677911756,0.0,4.037352028502471,0.0286082713664588,0.3405585428023889,0.0,0.0,0.0217364545111717,0.218151059564137,0.0651059713647325,1.562734873423253,0.0,10.240865079109843,0.0209697527406638,0.0153701188212248,-17.197297551467067,-109255000.0,1108810000.0,-1775617000.0,2392260000.0,339249500.0,254955000.0,108625000.0,43.08514240565861,46.20419992262169,9.88910900310946,2.088887142408048,1.947874871780558,9.100921020458063,0.0452984724923894,0.4586211613432733,2000-05-11,,amc,,2025-04-24,2000-03-31,,5.398095238095238,392903.3015873016
1999-12-31,OKE,USD,1039684,2000-02-11,2000-02-11 00:00:00,1999,Q4,533482000.0,338994000.0,194488000.0,0.364563378,0,0.0,0.0,0.0,148411000.0,148411000.0,487405000.0,0.0,20357000.0,32547000.0,78624000.0,0.1473789181,46077000.0,0.0863702993,-20357000.0,25720000.0,0.048211561,9990000.0,15730000.0,0.0294855309,0.13,0.13,122664000,122724000,https://www.sec.gov/Archives/edgar/data/1039684/000093066100000242/0000930661-00-000242-index.html,https://www.sec.gov/Archives/edgar/data/1039684/000093066100000242/,4.349132589838909,0.1282364834018131,-0.0853632687667123,-0.6096165134024653,0.0,9.355043044414009,8.69475966868845,9.355043044414009,10.023707037109505,674652000.0,1883843000.0,10.72237762237762,1.264619987178574,-64.4305223951867,-9.022065313327449,0.5879181927745492,0.5879181927745492,3.531221297063444,23.96015211640212,-179.91051475503772,-25.1924763968012,0.0233157242548751,-0.1108393660731755,1.0537364262453084,0.3808611141120928,15.37941341066341,0.7826337856854632,2.2634474627892125,-0.6656706929434202,0.0278439847506566,1.1942148760330578,0.0,0.0,0.025510514232475,-6.141438258046032,0.1205420239108348,1.9758195839862351,0.0,5.195411532976526,0.0097737925585465,0.0050842077976814,-14.155467374290746,-150292000.0,1066534000.0,-1486229000.0,2034281000.0,256195500.0,203525500.0,137428000.0,47.920923292632175,59.28211118780863,41.39144055647002,1.8780940310855287,1.5181645558282428,2.1743625926044707,0.0137077384671558,0.524253244635753,2000-04-28,0.33,bmo,975887500.0,2025-04-24,1999-12-31,-0.0303030303030303,6.18296875,362335.296875
1999-08-31,OKE,USD,1039684,1999-11-23,1999-11-23 00:00:00,1999,Q3,457092000.0,293627000.0,163465000.0,0.3576194727,0,0.0,0.0,0.0,144184000.0,144184000.0,437811000.0,0.0,13168000.0,33162000.0,52443000.0,0.1147318264,19281000.0,0.0421818802,-14814000.0,4467000.0,0.0097726497,2088000.0,2379000.0,0.0052046415,0.0376,0.0376,63268000,63268000,https://www.sec.gov/Archives/edgar/data/1039684/000095013499010556/0000950134-99-010556-index.html,https://www.sec.gov/Archives/edgar/data/1039684/000095013499010556/,7.224694948473162,0.0376019472719226,-0.6699911487639881,2.896867294682936,0.0695770373648606,18.563238920149207,17.27411961813239,18.563238920149207,17.541553391920086,430222400.0,1522471400.0,45.21042454812947,0.9412162103033964,-10.14938781287598,2.347363309489904,0.3663153843599478,0.3663153843599478,3.330776736411926,29.030974581927044,-35.916662341645235,8.306851303204404,0.0055296981282239,0.4260098962769024,0.9337499223046526,0.3625358477592154,20.827355414449976,0.8080970304388299,1.4642314702308628,-17.817990752416982,0.0439772545548534,7.952921395544347,0.0,0.0,0.0269624736978688,-5.323739649437354,0.4937036745337919,6.8050177914480425,0.0,3.962992991302145,0.00370982490257,0.0008082530827601,-25.53196718720364,-104315000.0,1092899000.0,-1411219000.0,2046074000.0,225311500.0,175275000.0,110580000.0,44.958651649996064,56.324214053884695,36.45982828554595,2.0018393945764137,1.5978918039388548,2.468470210422779,0.0020256134952348,3.5668584434469244,1999-10-21,-0.1,bmo,617074200.0,2025-04-24,1999-08-31,-0.5,6.86171875,262756.484375
1999-05-31,OKE,USD,1039684,1999-07-02,1999-07-02 00:00:00,1999,Q2,418080000.0,259273000.0,158807000.0,0.3798483544,0,0.0,0.0,0.0,113641000.0,113641000.0,372914000.0,0.0,12985000.0,33607000.0,78773000.0,0.1884160926,45166000.0,0.1080319556,-12985000.0,32181000.0,0.0769733065,10985000.0,21196000.0,0.0506984309,0.34,0.33,63268000,63280000,https://www.sec.gov/Archives/edgar/data/1039684/000095013499005946/0000950134-99-005946-index.html,https://www.sec.gov/Archives/edgar/data/1039684/000095013499005946/,6.608079914016565,0.335019283049883,1.9749636467092369,-3.2570493772523235,0.1068312575077448,19.245511158879687,18.057232724284,19.245511158879687,15.036985521906807,416936120.0,1348552120.0,4.917627382525004,0.9972639686184462,3.3367702797874386,-2.0233036827827844,0.3424175094959449,0.3424175094959449,3.225583907386146,17.119471392482197,10.79256130354056,-6.544241047814546,0.0508375239832903,-0.4942411801596849,0.7706600964993328,0.3197011545866448,11.8265903291737,0.5444098642350911,3.4783211397766656,5.895074542366484,0.0458847268977319,0.9025759577278732,0.0,0.0,0.0256135689908873,2.6491692810039056,0.7917599502487562,9.849703930728715,0.0,12.044558538338752,0.0111765739480612,0.0074112328639715,-23.597383353353987,-313123000.0,1142445000.0,-1343370000.0,1805877000.0,277250500.0,172480500.0,93112500.0,47.85167910447762,57.89723573222048,35.47924388578834,1.8808117433768057,1.5544783591440785,2.536694420256534,0.0174076583512986,5.23201302396156,1999-07-02,0.18,bmo,752579999.0,2025-04-24,1999-05-31,-0.4444444444444444,6.318253968253968,328541.01587301586
1999-02-28,OKE,USD,1039684,1999-04-14,1999-04-14 00:00:00,1999,Q1,592664000.0,363288000.0,229376000.0,0.3870253634,0,0.0,0.0,0.0,104239000.0,104239000.0,467527000.0,0.0,12009000.0,31797000.0,156934000.0,0.2647942173,125137000.0,0.2111432447,-12009000.0,113128000.0,0.1908804989,44596000.0,59208000.0,0.0999014619,0.47,0.33,63188000,103374000,https://www.sec.gov/Archives/edgar/data/1039684/000095013499002934/0000950134-99-002934-index.html,https://www.sec.gov/Archives/edgar/data/1039684/,9.37937583085396,0.9370133569665128,1.2441602835981516,0.0516237260239286,0.2905140216496803,19.25311768057226,18.017028549724632,19.25311768057226,11.419035259859466,379759880.0,1070939880.0,1.6034990204026482,0.6407675850060067,4.830567314541569,116.41933782955242,0.3121572360233641,0.3121572360233641,1.8069933048067708,6.824141868556208,13.622416302025034,328.3077498467198,0.1559090444203848,0.0085896382735322,0.583229352127217,0.2631046734891089,4.404271859507818,0.9914699954489306,10.420268132234158,1.147142940524135,0.0503765695312522,0.3231151195784353,0.0,0.0,0.0289626243980797,0.95850717411214,0.1271445540812332,2.369846211906784,0.0,20.1471993009884,0.0313877938186559,0.0226098645118914,-18.527164968031904,-3936000.0,1138460000.0,-1022726000.0,1809070000.0,274525500.0,166406000.0,128579000.0,50.448922154880336,44.13936050736606,20.813899715927857,1.7839826136165242,2.0389964640511877,4.324033517425252,0.0486681363773112,1.192536557574223,1999-04-02,0.4,bmo,492651950.0,2025-04-24,1999-02-28,0.4324999999999998,6.399180327868853,379578.4262295082
1998-11-30,OKE,USD,1039684,1999-01-13,1999-01-13 00:00:00,1998,Q4,387471000.0,239836000.0,147635000.0,0.3810220636,0,0.0,0.0,0.0,112643000.0,112643000.0,352479000.0,0.0,11355000.0,31138000.0,66130000.0,0.1706708373,34992000.0,0.0903086941,-6362000.0,23637000.0,0.0610032751,9387000.0,14250000.0,0.0367769459,0.11,0.11,126140000,126312000,https://www.sec.gov/Archives/edgar/data/1039684/000095013499000162/0000950134-99-000162-index.html,https://www.sec.gov/Archives/edgar/data/1039684/,3.0717536071032185,0.1129697161883621,-0.2344696369113683,-0.4673140954495005,0.0003171079752655,9.228008561915331,8.57277628032345,9.228008561915331,4.82494846995402,961186800.0,1558410800.0,16.862926315789473,2.48066771448702,-32.49887746821747,-16.305949412183825,0.8257469581734349,0.8257469581734349,4.022006292083795,23.56586723121125,-52.69173654314309,-26.437491305749237,0.0148254220719635,-0.0613273091141076,0.5131041450283114,0.2392736028011081,9.031060033267806,1.1946783428763894,3.081638044914135,-2.0755087719298246,0.0198702270984162,1.340280701754386,0.0,0.0,0.0331113252181855,-0.9930687043548824,0.0758018019413065,0.9432526173806924,0.0,4.843131624788387,0.0094067552472048,0.0059042785924531,-8.584868003805296,65892000.0,1081370000.0,-927776000.0,1815425000.0,197243000.0,145621500.0,155761000.0,50.365911255293945,58.03040410947481,64.97264797611702,1.7869228960002217,1.550911136689903,1.3851982765591249,0.0122420471795611,0.2328444585381322,1999-01-13,,amc,,2025-04-24,1998-11-30,,7.63359375,234044.40625
1998-08-31,OKE,USD,1039684,1998-09-22,1998-09-22 00:00:00,1998,Q3,355140000.0,248399000.0,106741000.0,0.3005603424,0,0.0,0.0,0.0,113577000.0,113577000.0,361976000.0,0.0,13996000.0,26300000.0,24065000.0,0.0677620093,-6836000.0,-0.019248747,-9395000.0,-16231000.0,-0.045703103,-4734000.0,-11497000.0,-0.0323731486,-0.0915,-0.0911,125703600,126140000,https://www.sec.gov/Archives/edgar/data/1039684/000095013498007714/0000950134-98-007714-index.html,https://www.sec.gov/Archives/edgar/data/1039684/,2.8252174162076504,-0.0914611832914888,-0.2043616889253768,-0.999478137459866,0.0006841490617611,9.298627883370086,8.682718712908779,9.298627883370086,4.41721637248257,827129688.0,1368307688.0,-17.985772114464645,2.3290242946443658,-32.197815718790146,-6.58343564845031,0.7076312852316466,0.7076312852316466,3.852868412457059,56.85882767504675,-53.26434224765464,-10.890874480650758,-0.0138998758801654,-0.1518963734741437,0.4630656419741785,0.2234331907663488,22.488177851651777,0.733644667142637,-0.488425264361246,2.234408976254675,0.0114540683733746,-0.8240410541880491,0.0,0.0,0.0319597174308881,-3.890731441473004,0.2814354902292054,3.800342205323194,0.0,,-0.0022104545755126,-0.0049026359610501,-8.361759329088427,-122740000.0,1091449000.0,-915543000.0,1640843000.0,194922500.0,147389000.0,119097000.0,45.02002027369488,49.49331519047984,50.1378830027496,1.9991106057450363,1.8184273907218835,1.7950498626969216,-0.0098359870336418,0.795116448534489,1999-01-05,0.23,bmo,2155675000.0,2025-04-24,1998-08-31,-0.8260869565217391,7.655625,309808.25
1998-05-31,OKE,USD,1039684,1998-06-26,1998-06-26 00:00:00,1998,Q2,444048000.0,287633000.0,156415000.0,0.3522479552,0,0.0,0.0,0.0,106365000.0,106365000.0,393998000.0,0.0,5844000.0,28301000.0,78351000.0,0.1764471408,50050000.0,0.11271304,-5844000.0,44206000.0,0.0995523007,17270000.0,26936000.0,0.0606601088,0.21,0.13,126144000,206356000,https://www.sec.gov/Archives/edgar/data/1039684/000095013498005519/0000950134-98-005519-index.html,https://www.sec.gov/Archives/edgar/data/1039684/,3.5201674277016743,0.2135337392186707,1.4631452942668697,0.1304857940131912,0.2119323947234906,9.47603532470827,8.755240043125317,9.47603532470827,3.5206430745814306,1054563840.0,1466093840.0,9.787680427680428,2.374887039239001,5.713718270330015,64.06827703523693,0.8822254997511177,0.8822254997511177,3.3016562173458723,18.711871450268664,7.943423472235015,89.07009963547995,0.0255423133036687,0.0156083485661712,0.3666422664586374,0.1898062673694796,5.252389886536228,0.8722709103999603,8.564339493497604,6.852056727056727,0.0174982294101796,0.68506831006831,0.0,0.0,0.0393779663725575,0.9108182936277884,0.3785784419702374,5.939966785625949,0.0,6.747421600633554,0.015022180382043,0.0121438196857376,-6.959300481988838,-51448000.0,1104421000.0,-762320000.0,1682346000.0,290547500.0,154728500.0,83492000.0,43.00805318343963,49.49338219189036,31.23167369529922,2.092631340835831,1.8184249290351948,2.881689943294528,0.0225340801191287,1.3326595002536783,1998-09-22,-0.05,bmo,426167999.0,2025-04-24,1998-05-31,2.2,8.603333333333333,256556.7619047619
1998-02-28,OKE,USD,1039684,1998-04-06,1998-04-06 00:00:00,1998,Q1,722054000.0,474704000.0,247350000.0,0.3425644065,0,0.0,0.0,0.0,116101000.0,116101000.0,590805000.0,0.0,10802000.0,29539000.0,160788000.0,0.2226814061,131249000.0,0.1817717234,-10802000.0,120447000.0,0.1668116235,46611000.0,64860000.0,0.0898270766,0.52,0.36,125864000,206304000,https://www.sec.gov/Archives/edgar/data/1039684/000095013498002991/0000950134-98-002991-index.html,https://www.sec.gov/Archives/edgar/data/1039684/,5.736779380919088,0.5153181211466344,1.6527839572872307,1.5951662111485412,0.6888466916671964,9.429336426619209,8.705737939363122,9.429336426619209,4.021650352761711,964118240.0,1372796240.0,3.7161510946654337,1.335243956823174,4.6346045205887725,4.802007431241097,0.8123583307915141,0.8123583307915141,1.901237635966285,8.537927208498147,6.599157028448367,6.837519997609252,0.0672739061549131,0.2082462416643004,0.4174023899279921,0.2121678312693133,2.5417195313083067,1.2620354853110634,12.150435104610258,2.81740614334471,0.0191345824968522,0.2844279987665741,0.0,0.0,0.0390068719765123,0.0348610269870112,0.010043570148493,0.2455059412979451,0.0,10.456095277304092,0.0387183074251523,0.0289067061240679,-5.96731988495519,112109000.0,1095739000.0,-608083000.0,1695156000.0,345862500.0,141527500.0,105485500.0,45.98120085201384,28.681452020627592,12.734883211432807,1.9573216517258112,3.137916446324696,7.067202620217359,0.0546505181098301,0.0576177461386893,1998-06-18,0.13,bmo,412285714.0,2025-04-24,1998-02-28,0.0769230769230769,8.102786885245902,528536.8032786886
1997-11-30,OKE,USD,1039684,1998-01-14,1998-01-14 00:00:00,1997,Q4,314160000.0,209273000.0,104887000.0,0.3338649096,0,0.0,0.0,0.0,76401000.0,76401000.0,285674000.0,0.0,8528000.0,17513000.0,45999000.0,0.1464190222,28486000.0,0.0906735421,-8528000.0,19958000.0,0.0635281385,7438000.0,12520000.0,0.0398523046,0.11,0.11,113072000,117456000,https://www.sec.gov/Archives/edgar/data/1039684/000095013498000227/0000950134-98-000227-index.html,https://www.sec.gov/Archives/edgar/data/1039684/,2.778406678930239,0.1107259091552285,-0.1802214518183104,-0.4119941276354888,0.1140423800764114,9.916177302957408,9.209804372435263,9.916177302957408,5.103447360973539,943020480.0,1498654480.0,18.830281150159745,3.001720397249809,-46.27640003925802,-20.24300697649458,0.8410499071565282,0.8410499071565282,4.770354214413038,32.58015348159743,-73.5427657277456,-32.17032263604165,0.0132764879083007,-0.0493997754958619,0.5070528931310101,0.2478069009284983,12.079262592665058,1.202223074839758,3.340290806754221,-1.6276357827476038,0.0089372396238944,0.6731629392971246,0.0,0.0,0.0348136770227377,-1.2860437726960448,0.0834192768016297,1.4964312225204135,0.0,4.9703620906654296,0.0085440875043104,0.0056539757791264,-7.482710131597567,89601000.0,1041371000.0,-640319000.0,1647213000.0,211863000.0,105987500.0,111050500.0,92.48262032085562,56.6711902634358,61.843094904741655,0.9731558176850688,1.5881085183077217,1.4552958602513195,0.0111661889226411,0.2317726758171784,1998-03-24,0.38,bmo,746700000.0,2025-04-24,1997-11-30,-0.0526315789473684,7.8490625,272765.015625
1997-08-31,OKE,USD,1039684,1997-08-31,1997-08-31 00:00:00,1997,Q3,207900000.0,81300000.0,126600000.0,0.6089466089,0,0.0,0.0,0.0,128000000.0,128000000.0,209300000.0,0.0,8400000.0,18800000.0,17400000.0,0.0836940837,-1400000.0,-0.0067340067,-8400000.0,-9800000.0,-0.0471380471,-4900000.0,-4900000.0,-0.0235690236,-0.0438,-0.0438,111789655,111836735,,,1.8597427463212048,-0.043832320620365,-0.0062617600886235,-0.2916191126987555,0.1288133503945423,4.138128881424672,4.095191097959825,4.138128881424672,3.5826213078482083,801531826.35,1179231826.35,-40.89448093622449,3.85537194011544,-1145.0454662142856,-24.586865838957056,1.7326671559662776,1.7326671559662776,5.672110756854257,67.77194404310345,-1684.616894785714,-36.1727554095092,-0.0061132943682517,-0.0406721217153076,0.8476005188067445,0.316874090835623,21.70689655172414,1.096825396825397,-0.1666666666666666,0.1428571428571428,0.0081094721211502,-1.326530612244898,0.0,0.0,0.0038791013415225,-45.57142857142857,0.1534391534391534,0.0,0.0,,-0.000629326620516,-0.0039753366866785,-5.774908241733101,18300000.0,457800000.0,-567500000.0,866400000.0,105600000.0,77250000.0,71450000.0,43.67965367965368,88.78228782287823,86.6789667896679,2.060455896927651,1.013715710723192,1.0383141762452108,-0.0105923043666234,0.2853573526101319,1998-01-13,0.11,bmo,314160000.0,2025-04-24,1997-08-31,0.0,7.281875,237285.40625
1997-05-31,OKE,USD,1039684,1997-05-31,1997-05-31 00:00:00,1997,Q2,231600000.0,138000000.0,93600000.0,0.4041450777,0,0.0,0.0,0.0,63700000.0,63700000.0,201700000.0,0.0,7900000.0,19700000.0,49600000.0,0.2141623489,29900000.0,0.1291018998,-8100000.0,22000000.0,0.0949913644,8200000.0,13700000.0,0.0591537133,0.12,0.12,111836735,111836735,,,2.0708759067403038,0.1224999996646897,0.7439416038030795,0.5624270057597801,0.115346715012737,4.232956192793004,4.232956192793004,4.232956192793004,3.219872253960204,740359185.7,1079659185.7,13.51020411861314,3.196714964162349,8.898547905048078,11.770416306836248,1.5639188544571183,1.5639188544571183,4.6617408708981,21.76732229233871,12.976672905048078,17.164692936406997,0.0185045316714032,0.0849587621993625,0.743979721166033,0.2886648635357757,6.840725806451613,1.267579340385812,3.7848101265822782,6.028985507246377,0.0091847310485797,0.4963503649635036,0.0,0.0,0.0,0.2439903846153846,0.0876511226252158,0.0,0.0,3.415711561951662,0.0173742052296938,0.0112285878206704,-5.532842138140031,43000000.0,473400000.0,-543000000.0,871000000.0,171600000.0,110400000.0,57750000.0,42.86269430051813,48.45652173913044,42.130434782608695,2.099728014505893,1.857335127860027,2.136222910216718,0.0289395859738065,0.1815145980432994,1997-09-25,-0.05,bmo,249480000.0,2025-04-24,1997-05-31,-0.2,6.5734375,297600.78125
1997-02-28,OKE,USD,1039684,1997-02-28,1997-02-28 00:00:00,1997,Q1,473700000.0,344100000.0,129600000.0,0.2735908803,0,0.0,0.0,0.0,58400000.0,58400000.0,402500000.0,0.0,9200000.0,19000000.0,90200000.0,0.190415875,71200000.0,0.1503061009,-9100000.0,62000000.0,0.1308845261,23800000.0,38100000.0,0.0804306523,0.35,0.35,109640288,109640288,,,4.3204921169123525,0.3474999992703412,0.6649015734070308,0.4314107602490062,0.0556364828228105,4.310459308534469,4.310459308534469,4.310459308534469,3.6975459239946544,684155397.12,1074255397.12,4.489208642519685,1.444279917922736,9.384847697119342,14.464173300634249,1.447641551248413,1.447641551248413,2.2677969118007173,11.909705067849222,14.73601367791495,22.71153059450317,0.05568910244717,0.0691363397834946,0.8383410918324165,0.2971351432428378,4.324833702882484,1.2319627618308766,7.739130434782608,1.9083769633507857,0.0102315936254643,0.1837270341207349,0.0,0.0,0.0,0.3511659807956104,0.0540426430230103,0.0,0.0,5.805377132266058,0.0388353285205154,0.0285735713214339,-5.970205039957575,59800000.0,472600000.0,-543200000.0,884800000.0,200950000.0,129700000.0,76600000.0,44.24952501583281,38.317349607672185,13.312990409764602,2.0339201373980247,2.348805460750853,6.760314341846758,0.080617858654253,0.2334908131580245,1997-06-20,0.11,bmo,210545454.0,2025-04-24,1997-02-28,0.0909090909090908,6.339508196721311,214913.77049180327
1996-11-30,OKE,USD,1039684,1996-11-30,1996-11-30 00:00:00,1996,Q4,248800000.0,147400000.0,101400000.0,0.4075562701,0,0.0,0.0,0.0,72700000.0,72700000.0,220100000.0,0.0,8800000.0,17000000.0,45700000.0,0.183681672,28700000.0,0.1153536977,-8800000.0,19900000.0,0.0799839228,7700000.0,12100000.0,0.0486334405,0.11,0.11,110000000,110000000,,,2.2618181818181817,0.11,-0.03,-0.1454545454545454,0.1181818181818181,3.897272727272727,3.897272727272727,3.897272727272727,4.053636363636364,662200000.0,1086300000.0,13.681818181818182,2.6615755627009645,-200.66666666666663,-41.3875,1.544669932353627,1.544669932353627,4.366157556270096,23.770240700218817,-329.1818181818182,-67.89375,0.0182724252491694,-0.0241618846270009,1.019594121763471,0.3396006526299432,9.280087527352295,1.143233082706767,3.261363636363636,-0.2704918032786885,0.0116279069767441,0.6363636363636364,0.0,0.0,0.0,-3.8484848484848486,0.0510450160771704,0.0,0.0,3.1057607763638204,0.0156901862621471,0.0094009789449149,-6.068181818181818,38100000.0,428700000.0,-554300000.0,831300000.0,144150000.0,104900000.0,96900000.0,61.133440514469456,68.9348710990502,62.46268656716418,1.472189349112426,1.3055801594331269,1.4408602150537635,0.0282248658735712,0.1154545454545454,1997-03-27,0.36,bmo,486858333.0,2025-04-24,1996-11-30,-0.0277777777777778,5.95,261978.421875
1996-08-31,OKE,USD,1039684,1996-08-31,1996-08-31 00:00:00,1996,Q3,231400000.0,151200000.0,80200000.0,0.3465859983,0,0.0,0.0,0.0,82000000.0,82000000.0,233200000.0,0.0,8000000.0,16500000.0,14700000.0,0.0635263613,-1800000.0,-0.0077787381,-8000000.0,-9800000.0,-0.0423509075,-3900000.0,-5900000.0,-0.0254969749,-0.0544,-0.0534,108450657,110476190,,,2.1336892408129904,-0.054402621092466,-0.2591040089319145,-0.5209742528346324,0.0055324699416067,3.9068458570979434,3.9068458570979434,3.9068458570979434,3.7814432050881903,649619435.4300001,1051119435.43,-27.52624726398305,2.8073441461970616,-23.118129374733098,-11.497689122654869,1.533206125631343,1.533206125631343,4.542434898141746,71.50472349863946,-37.40638560249111,-18.603883812920355,-0.0090822405830494,-0.0869739988037783,0.9490205333962708,0.3296171817362079,27.312925170068027,1.1505429417571569,-0.225,4.762711864406779,0.010929475955873,-1.2033898305084745,0.0,0.0,0.0,-1.01067615658363,0.1227312013828867,0.0,0.0,,-0.0010009915660333,-0.0048364620050823,-6.089174729480892,30500000.0,423700000.0,-563100000.0,825500000.0,111300000.0,94300000.0,77700000.0,46.40017286084702,57.67857142857143,54.46428571428572,1.9396479463537304,1.5603715170278638,1.6524590163934427,-0.0139249468963889,0.2618702439027179,1996-12-19,0.09,bmo,193511111.0,2025-04-24,1996-08-31,0.2222222222222222,5.92078125,212749.375
1996-05-31,OKE,USD,1039684,1996-05-31,1996-05-31 00:00:00,1996,Q2,289700000.0,181400000.0,108300000.0,0.3738350017,0,0.0,0.0,0.0,80400000.0,80400000.0,261800000.0,0.0,8500000.0,29800000.0,57700000.0,0.1991715568,27900000.0,0.096306524,-8500000.0,19400000.0,0.0669658267,7700000.0,11600000.0,0.0400414222,0.11,0.11,110476190,110476190,,,2.6222844940615717,0.1050000004525862,0.925991383301687,0.5512500023760776,0.3258620703700951,3.9528879480727928,3.9528879480727928,3.9528879480727928,3.626120705285003,658438092.4,1014538092.4,14.190476129310344,2.2728273814290643,6.436344989247312,10.811791336617404,1.5077583979848868,1.5077583979848868,3.5020300048325854,17.5829825372617,9.9172834056696,16.659081977011493,0.0176174497403668,0.0924916111369257,0.8978703915731624,0.3177986707732209,6.17157712305026,1.275808133472367,3.2823529411764705,8.743589743589743,0.0103274705374564,0.5862068965517241,0.0,0.0,0.0,0.4046920821114369,0.1429064549534,0.0,0.0,3.05592830700836,0.0153342647040862,0.0094018479494245,-5.898782353011993,52900000.0,436700000.0,-552400000.0,845600000.0,156150000.0,101400000.0,58600000.0,32.09181912323093,45.49614112458655,31.703417861080485,2.804453049370765,1.978189749182116,2.838810641627543,0.0265628577971147,0.3747413809256094,1996-10-10,-0.02273,bmo,190905000.0,2025-04-24,1996-05-31,1.199736031676199,5.581428571428571,278661.1111111111
1996-02-29,OKE,USD,1039684,1996-02-29,1996-02-29 00:00:00,1996,Q1,464700000.0,323800000.0,140900000.0,0.3032063697,0,0.0,0.0,0.0,69400000.0,69400000.0,393200000.0,0.0,9200000.0,13200000.0,84700000.0,0.18226813,71500000.0,0.1538627071,-9200000.0,62300000.0,0.1340649882,23800000.0,38400000.0,0.0826339574,0.36,0.36,108169014,108169014,,,4.296054690856293,0.3550000002773437,0.3013802085687866,0.2274218751776733,0.0314322916912231,3.990976565617951,3.990976565617951,3.990976565617951,3.9133203155572818,514884506.64,925584506.64,3.3521126734375,1.1079933433182698,15.794003271165645,20.930264497560977,1.1926905412091728,1.1926905412091728,1.9917893407359584,10.92779818937426,28.392162780368096,37.62538644878049,0.0745798319910386,0.0477777048692591,0.9592309474171878,0.3287812624057165,4.84887839433294,1.278926528816542,7.771739130434782,0.844559585492228,0.0128184086234597,0.171875,0.0,0.0,0.0,0.2453987730061349,0.017215407789972,0.0,0.0,5.646053962085202,0.0403335401720008,0.0304882890035728,-5.925911462962952,63400000.0,431700000.0,-537100000.0,837100000.0,157300000.0,83850000.0,77950000.0,40.47772756617172,30.880172946263123,14.814700432365656,2.223444976076555,2.9144914491449145,6.075046904315197,0.088950660180681,0.0739583333911132,1996-06-26,0.09,bmo,225322222.0,2025-04-24,1996-02-29,0.2222222222222222,4.751587301587302,257340.0158730159
1995-11-30,OKE,USD,1039684,1995-11-30,1995-11-30 00:00:00,1995,Q4,238500000.0,151300000.0,87200000.0,0.3656184486,0,0.0,0.0,0.0,64400000.0,64400000.0,215700000.0,0.0,9100000.0,13500000.0,36300000.0,0.1522012579,22800000.0,0.0955974843,-9100000.0,13700000.0,0.057442348,5300000.0,8300000.0,0.0348008386,0.0775,0.0775,107096774,107096774,,,2.226957835349924,0.0775000001400602,-0.0158734940045906,-0.1260542170952787,0.0616265061354695,3.7228012115472313,3.7228012115472313,3.7228012115472313,4.138313260490928,550477418.36,977977418.36,16.5806451313253,2.3080814187002097,-323.8102460941176,-40.7761050637037,1.380680758364685,1.380680758364685,4.100534248888889,26.941526676584022,-575.2808343294117,-72.44277173037037,0.0150778210389222,-0.0245241667500542,1.088788562829195,0.362596057467424,11.776859504132233,1.1383616383616384,2.505494505494505,-0.2023809523809523,0.0134428765889186,0.891566265060241,0.0,0.0,0.0,-6.941176470588236,0.0494758909853249,0.0,0.0,2.547868643467978,0.0129404443615621,0.0069328433010357,-6.17572290272721,27700000.0,398700000.0,-570600000.0,792000000.0,93700000.0,57400000.0,92350000.0,39.84905660377358,33.66820885657634,61.03106411103768,2.258522727272727,2.673144876325088,1.4746588693957114,0.0208176573865061,0.110180723090688,1996-03-26,0.27,amc,,2025-04-24,1995-11-30,0.3333333333333332,5.203968253968254,172577.5873015873
1995-08-31,OKE,USD,1039684,1995-08-31,1995-08-31 00:00:00,1995,Q3,191800000.0,112100000.0,79700000.0,0.4155370177,0,0.0,0.0,0.0,75700000.0,75700000.0,187800000.0,0.0,8500000.0,9200000.0,13200000.0,0.0688216893,4000000.0,0.0208550574,-8500000.0,-4500000.0,-0.0234619395,-2200000.0,-2300000.0,-0.011991658,-0.0214,-0.0213,107450921,107878788,,,1.7850009866364942,-0.0214051213204584,0.0288503809101831,-0.1237774406791729,0.1163321810894482,3.700294016093171,3.700294016093171,3.700294016093171,3.9794912507078464,514689911.59,921289911.59,-55.9445556076087,2.6834719061001047,166.0290037387097,-38.69848959323309,1.294491729351107,1.294491729351107,4.803388485870699,69.7946902719697,297.1902940612904,-69.26991816466166,-0.0044687100877783,-0.0258408018119358,1.0540744466800804,0.3583582727661393,30.803030303030305,1.1155172413793104,0.4705882352941176,-1.3478260869565215,0.0149604642069102,-3.347826086956522,0.0,0.0,0.0,5.290322580645161,0.0855057351407716,0.0,0.0,,0.0019218315890622,-0.0019666524155622,-6.114419438061401,20100000.0,397600000.0,-577800000.0,786000000.0,86000000.0,60950000.0,82450000.0,38.38373305526591,46.72613737734166,65.91436217662802,2.3447432762836184,1.9261168384879723,1.3654080389768577,-0.0057847082494969,0.1526278215893561,1995-08-31,,amc,,2025-04-24,1995-08-31,,4.93015873015873,192499.04761904763
1995-05-31,OKE,USD,1039684,1995-05-31,1995-05-31 00:00:00,1995,Q2,304500000.0,210100000.0,94400000.0,0.3100164204,0,0.0,0.0,0.0,71200000.0,71200000.0,281300000.0,0.0,9400000.0,13800000.0,37000000.0,0.1215106732,23200000.0,0.0761904762,-9400000.0,13800000.0,0.045320197,4800000.0,8900000.0,0.029228243,0.0825,0.0825,107878788,107878788,,,2.822612356379087,0.0824999999073033,0.5626685386936309,0.41620786470089,0.2373033705198838,3.778314602496276,3.778314602496276,3.778314602496276,3.889550557427471,448775758.08,833375758.08,12.60606062022472,1.473812013399015,7.393340330807248,9.995005747884187,1.101020014916585,1.101020014916585,2.736866200591133,22.523669137297297,13.729419408237233,18.56070730690423,0.0198317307469479,0.1000499674761754,1.006378802747792,0.3448797713132672,10.394594594594595,1.127659574468085,2.4680851063829787,6.7444444444444445,0.0169349610872813,0.8539325842696629,0.0,0.0,0.0,0.2602965403624382,0.0518883415435139,0.0,0.0,2.6483006764722505,0.0142029801770474,0.0074827644190348,-5.998862352810267,23400000.0,407600000.0,-575100000.0,783900000.0,127300000.0,79000000.0,82100000.0,26.660098522167488,27.287006187529748,35.46882436934793,3.3758314855875837,3.2982731554160125,2.53743961352657,0.0218351324828263,0.1464606739927408,1995-10-06,-0.01818,amc,,2025-04-24,1995-05-31,0.1001100110011,4.279206349206349,204493.96825396825
1995-02-28,OKE,USD,1039684,1995-02-28,1995-02-28 00:00:00,1995,Q1,287300000.0,163500000.0,123800000.0,0.4309084581,0,0.0,0.0,0.0,68000000.0,68000000.0,231500000.0,0.0,9700000.0,14400000.0,70200000.0,0.2443438914,55800000.0,0.1942220675,-9700000.0,46100000.0,0.1604594501,17800000.0,28200000.0,0.0981552384,0.26,0.26,107428571,107428571,,,2.6743351170518688,0.2625000010472074,0.528723406364588,0.3714095759497722,0.13869680906395,3.7811170363608393,3.7811170363608393,3.7811170363608393,4.296808527779821,406079998.38,843079998.38,3.5999999856382976,1.4134354277062304,7.149295746126761,10.177443568421053,0.9997045750369276,0.9997045750369276,2.9344935550991997,12.009686586609687,14.842957717957749,21.129824520802003,0.0694444447214834,0.0982565015740138,1.1125061546036434,0.3572614435923788,6.2250712250712255,1.1215066828675575,5.752577319587629,2.0070671378091878,0.0187155241093359,0.2695035460992908,0.0,0.0,0.0,0.2975352112676056,0.0588235294117647,0.0,0.0,4.7256981055816,0.0309408940243911,0.0222942525100798,-6.327925557159277,30000000.0,406200000.0,-581800000.0,787600000.0,124300000.0,73200000.0,96250000.0,51.50017403411069,51.90825688073394,44.80733944954128,1.747566909975669,1.733828207847296,2.0085995085995085,0.069423929098966,0.1573138304148158,1995-06-23,0.06,amc,,2025-04-24,1995-02-28,0.3333333333333334,3.8909523809523807,121646.23809523808
1994-11-30,OKE,USD,1039684,1994-11-30,1994-11-30 00:00:00,1994,Q4,166300000.0,82200000.0,84100000.0,0.5057125676,0,0.0,0.0,0.0,62200000.0,62200000.0,144400000.0,0.0,9300000.0,13000000.0,34900000.0,0.2098616957,21900000.0,0.1316897174,-9300000.0,12600000.0,0.0757666867,4800000.0,7700000.0,0.0463018641,0.0725,0.0725,106206897,106206897,,,1.565811681702743,0.0724999996939935,-0.1045129865718607,-0.4048701281612624,0.0536688309423068,3.575097387507706,3.575097387507706,3.575097387507706,4.578798681972603,401462070.66,872762070.66,13.034482813636362,2.414083407456404,-36.16775411351351,-9.336327224651162,1.0573138547800895,1.0573138547800895,5.248118284185208,25.007509187965617,-78.62721357297298,-20.29679234093023,0.01917989409894,-0.1071084995135615,1.2562549381090335,0.3950964963140893,13.504297994269342,1.0179145613229217,2.3548387096774195,-1.4230769230769231,0.0189308045651876,0.987012987012987,0.0,0.0,0.0,-2.873873873873874,0.1918220084185207,0.0,0.0,2.414928071135221,0.0122833585731112,0.00637786796985,-6.6210389330930175,3900000.0,379700000.0,-606000000.0,759600000.0,67600000.0,48150000.0,102800000.0,45.56825015033073,57.04379562043796,121.64233576642336,1.9750593824228029,1.5777351247600768,0.7398739873987399,0.0202791677640242,0.3003571415894017,1995-03-22,0.25,amc,,2025-04-24,1994-11-30,0.04,3.830317460317461,271256.8571428572
1994-08-31,OKE,USD,1039684,1994-08-31,1994-08-31 00:00:00,1994,Q3,129300000.0,56800000.0,72500000.0,0.5607115236,0,0.0,0.0,0.0,70900000.0,70900000.0,127700000.0,0.0,8000000.0,14900000.0,16500000.0,0.1276102088,1600000.0,0.0123743233,-8000000.0,-6400000.0,-0.0494972931,-2700000.0,-3700000.0,-0.0286156226,-0.0348,-0.0347,106381605,106666667,,,1.2154356949211285,-0.0347804491199394,-0.0056400728302604,-0.1739022455996974,0.0423005462269534,3.567346065139739,3.567346065139739,3.567346065139739,4.089052801938832,419143523.7,841643523.7,-28.320508358108107,3.2416359141531323,-698.5725395,-22.656406686486484,1.1044625130434782,1.1044625130434782,6.509230655065739,51.00869840606061,-1402.7392061666667,-45.49424452432433,-0.008827525157345,-0.0441376257867252,1.1251646903820818,0.3755496921723835,25.60606060606061,1.14006734006734,0.2,0.1621621621621621,0.0178936320756994,-2.027027027027027,0.0,0.0,0.0,-29.83333333333333,0.1384377416860015,0.0,0.0,,0.0008787763632908,-0.0032541776605101,-6.274581023664759,20800000.0,379500000.0,-588200000.0,758300000.0,61350000.0,47900000.0,74250000.0,35.498839907192576,70.03521126760563,149.73591549295773,2.5352941176470587,1.2850678733031675,0.6010582010582011,-0.0097496706192358,0.1682621727694369,1994-08-31,,amc,,2025-04-24,1994-08-31,,3.85109375,129104.390625
1994-05-31,OKE,USD,1039684,1994-05-31,1994-05-31 00:00:00,1994,Q2,190500000.0,108500000.0,82000000.0,0.4304461942,0,0.0,0.0,0.0,65400000.0,65400000.0,173900000.0,0.0,8400000.0,12500000.0,29100000.0,0.1527559055,16600000.0,0.0871391076,-8400000.0,8200000.0,0.0430446194,2500000.0,5600000.0,0.0293963255,0.0525,0.0525,106666667,106666667,,,1.7859374944189452,0.0524999998359375,0.207187499352539,0.0412499998710937,0.0,3.663749988550782,3.663749988550782,3.663749988550782,3.613124988708985,381866667.86,758866667.86,17.04761910089286,2.004549437585302,17.27903474479638,86.78787905909091,0.977140910593654,0.977140910593654,3.983552062257218,26.077892366323024,34.337858274208145,172.46969724090908,0.0146648044234462,0.0115223463327077,0.9646878198567042,0.3441350981287083,12.9553264604811,1.3310546875,1.9761904761904765,3.877192982456141,0.019902234574677,1.3571428571428572,0.0,0.0,0.0,0.8009049773755657,0.0929133858267716,0.0,0.0,2.080337631359684,0.0114565373215288,0.0051118210862619,-5.849296856720947,33900000.0,390800000.0,-568400000.0,766200000.0,104900000.0,73450000.0,45750000.0,33.874015748031496,42.80184331797235,44.7926267281106,2.6569037656903767,2.102713178294574,2.009259259259259,0.014329580348004,0.1659374994814453,1994-10-07,-0.03857,amc,,2025-04-24,1994-05-31,0.0370754472387866,3.637258064516129,228160.4193548387
1994-02-28,OKE,USD,1039684,1994-02-28,1994-02-28 00:00:00,1994,Q1,295400000.0,179900000.0,115500000.0,0.3909952607,0,0.0,0.0,0.0,63700000.0,63700000.0,243600000.0,0.0,8900000.0,13000000.0,64800000.0,0.2193635748,51800000.0,0.1753554502,-8900000.0,42900000.0,0.1452268111,16500000.0,26300000.0,0.0890318213,0.25,0.25,107346939,107346939,,,2.751825089302267,0.2449999994876426,0.6642015195235329,0.4825475275079804,0.124828897077354,3.6582319315132033,3.6582319315132033,3.6582319315132033,3.7346197640530767,426167347.83,804767347.83,4.051020416634981,1.4426789026066351,5.977101652594671,8.227168877027028,1.0852237021390374,1.0852237021390374,2.724330899898443,12.419249194907408,11.287059576858343,15.536049185907336,0.0617128462185497,0.1215484955939497,0.998217468805704,0.3367408298256164,5.842592592592593,1.345132743362832,5.820224719101123,2.700757575757576,0.0178333700099231,0.2889733840304182,0.0,0.0,0.0,0.273492286115007,0.0660121868652674,0.0,0.0,4.490657355031029,0.031190727081138,0.0225925607765655,-5.921687249973658,54600000.0,392700000.0,-558600000.0,788100000.0,115600000.0,103100000.0,64300000.0,42.07515233581584,47.67648693718732,18.76042245692051,2.1390296886314264,1.8877229800629591,4.797333333333333,0.0669722434428316,0.1816539920155525,1994-02-28,,amc,,2025-04-24,1994-02-28,,4.086825396825398,179351.0634920635
1993-11-30,OKE,USD,1039684,1993-11-30,1993-11-30 00:00:00,1993,Q4,177200000.0,87200000.0,90000000.0,0.5079006772,0,0.0,0.0,0.0,68600000.0,68600000.0,155800000.0,0.0,8800000.0,13100000.0,34500000.0,0.1946952596,21400000.0,0.1207674944,-8800000.0,12600000.0,0.0711060948,4800000.0,7700000.0,0.0434537246,0.0725,0.0725,106206897,106206897,,,1.668441551399435,0.0724999996939935,-0.1176948046980414,-0.2947077909638957,0.1487662331383243,3.5091882968768027,3.5091882968768027,3.5091882968768027,3.773766217838,476868967.53,853068967.53,15.48275868603896,2.691134128273138,-38.1495174024,-15.235430272523963,1.2794981688489402,1.2794981688489402,4.814158958972912,24.72663674,-68.2455174024,-27.254599601597445,0.0161469932503326,-0.0656364790565469,1.0517842768983097,0.3372913440027534,10.904347826086957,1.216231239577543,2.4318181818181817,-1.6025641025641026,0.0153081884061595,0.948051948051948,0.0,0.0,0.0,-1.504,0.1060948081264108,0.0,0.0,2.3925641862067173,0.0132688492063492,0.0066253656857683,-6.198514584227049,38900000.0,372700000.0,-570700000.0,766100000.0,,,,47.28555304740406,114.46100917431193,94.02522935779815,1.903329752953813,0.7862939585211902,0.9571899012074644,0.0206600482962167,0.1770129862658542,1994-01-07,0.03621,amc,,2025-04-24,1993-11-30,0.9331676332504836,4.519375,165133.8125
1993-08-31,OKE,USD,1039684,1993-08-31,1993-08-31 00:00:00,1993,Q3,128200000.0,0.0,128200000.0,1.0,0,0.0,0.0,0.0,0.0,0.0,0.0,0.0,0.0,0.0,128200000.0,1.0,128200000.0,1.0,-128200000.0,0.0,0.0,129800000.0,-1600000.0,-0.0124804992,-0.0152,-0.0148,105443282,108000000,,,1.2158195151778377,-0.0151740345107998,,,,,,,,496637858.22,,-77.599665346875,3.873930251326053,0.0,0.0,0.0,0.0,,,0.0,0.0,-0.0032216633780891,,0.0,0.0,,0.0,0.0,0.0,0.0125469214437367,-3.894547620670001,0.0,0.0,0.0,0.0,,0.0,,,0.0,0.0,,,,,,,,,,0.0,0.0,0.0,0.0,0.0,0.0,,1993-08-31,,amc,,2025-04-24,1993-08-31,,4.873125,266397.171875
1993-05-31,OKE,USD,1039684,1993-05-31,1993-05-31 00:00:00,1993,Q2,187500000.0,0.0,187500000.0,1.0,0,0.0,0.0,0.0,0.0,0.0,0.0,0.0,0.0,0.0,187500000.0,1.0,187500000.0,1.0,0.0,0.0,0.0,184700000.0,2700000.0,0.0144,0.025,0.025,108000000,108000000,,,1.7361111111111112,0.025,,,,,,,,567000000.0,,52.5,3.024,0.0,0.0,0.0,0.0,,,0.0,0.0,0.0047619047619047,,0.0,0.0,,0.0,0.0,0.0,0.0112563809523809,2.36384,0.0,0.0,0.0,0.0,,0.0,,,0.0,0.0,,,,,,,,,,0.0,0.0,0.0,0.0,0.0,0.0,,1993-10-08,,amc,,2025-04-24,1993-05-31,,5.20015873015873,238607.80952380956
1993-02-28,OKE,USD,1039684,1993-02-28,1993-02-28 00:00:00,1993,Q1,313900000.0,0.0,313900000.0,1.0,0,0.0,0.0,0.0,0.0,0.0,0.0,0.0,0.0,0.0,313900000.0,1.0,313900000.0,1.0,0.0,0.0,0.0,282700000.0,31100000.0,0.0990761389,0.29,0.29,106324786,106324786,,,2.952274928632351,0.2925000008934887,,,,,,,,474208545.56,,3.811965800321543,1.510699412424339,0.0,0.0,0.0,0.0,,,0.0,0.0,0.0655829598415894,,0.0,0.0,,0.0,0.0,0.0,0.0132502242152466,0.2020376062204501,0.0,0.0,0.0,0.0,,0.0,,,0.0,0.0,,,,,,,,,,0.0,0.0,0.0,0.0,0.0,0.0,,1993-02-28,,amc,,2025-04-24,1993-02-28,,4.323225806451613,275727.6935483871
1992-11-30,OKE,USD,1039684,1992-11-30,1992-11-30 00:00:00,1992,Q4,159500000.0,0.0,159500000.0,1.0,0,0.0,0.0,0.0,0.0,0.0,0.0,0.0,0.0,0.0,159500000.0,1.0,159500000.0,1.0,0.0,0.0,0.0,153500000.0,5900000.0,0.0369905956,0.055,0.055,107272727,107272727,,,1.4868644105598248,0.0550000001398305,,,,,,,,395836362.63,,16.772727230084744,2.481732681065831,0.0,0.0,0.0,0.0,,,0.0,0.0,0.0149051490893849,,0.0,0.0,,0.0,0.0,0.0,0.0148289972899729,0.9948909065615252,0.0,0.0,0.0,0.0,,0.0,,,0.0,0.0,,,,,,,,,,0.0,0.0,0.0,0.0,0.0,0.0,,1993-03-31,0.25,amc,,2025-04-24,1992-11-30,0.1599999999999999,3.84484375,216782.75
1992-08-31,OKE,USD,1039684,1992-08-31,1992-08-31 00:00:00,1992,Q3,107100000.0,0.0,107100000.0,1.0,0,0.0,0.0,0.0,0.0,0.0,0.0,0.0,0.0,0.0,107100000.0,1.0,107100000.0,1.0,0.0,0.0,0.0,106100000.0,900000.0,0.0084033613,0.01,0.01,100000000,100000000,,,1.071,0.009,,,,,,,,372000000.0,,103.33333333333334,3.473389355742297,0.0,0.0,0.0,0.0,,,0.0,0.0,0.0024193548387096,,0.0,0.0,,0.0,0.0,0.0,0.0147094086021505,6.079888888888889,0.0,0.0,0.0,0.0,,0.0,,,0.0,0.0,,,,,,,,,,0.0,0.0,0.0,0.0,0.0,0.0,,1992-08-31,,amc,,2025-04-24,1992-08-31,,3.65515625,291525.8125
1992-05-31,OKE,USD,1039684,1992-05-31,1992-05-31 00:00:00,1992,Q2,150500000.0,0.0,150500000.0,1.0,0,0.0,0.0,0.0,0.0,0.0,0.0,0.0,0.0,0.0,150500000.0,1.0,150500000.0,1.0,0.0,0.0,0.0,147900000.0,2500000.0,0.0166112957,0.025,0.025,100000000,100000000,,,1.505,0.025,,,,,,,,350000000.0,,35.0,2.3255813953488373,0.0,0.0,0.0,0.0,,,0.0,0.0,0.0071428571428571,,0.0,0.0,,0.0,0.0,0.0,0.015634,2.18876,0.0,0.0,0.0,0.0,,0.0,,,0.0,0.0,,,,,,,,,,0.0,0.0,0.0,0.0,0.0,0.0,,1992-05-31,,amc,,2025-04-24,1992-05-31,,3.421269841269841,240435.38095238092
1992-02-29,OKE,USD,1039684,1992-02-29,1992-02-29 00:00:00,1992,Q1,264600000.0,0.0,264600000.0,1.0,0,0.0,0.0,0.0,0.0,0.0,0.0,0.0,0.0,0.0,264600000.0,1.0,264600000.0,1.0,0.0,0.0,0.0,241300000.0,23200000.0,0.0876795163,0.22,0.22,106666667,106666667,,,2.480624992248047,0.2174999993203125,,,,,,,,353066667.77,,3.804597713038793,1.334341148034769,0.0,0.0,0.0,0.0,,,0.0,0.0,0.0657099695831759,,0.0,0.0,,0.0,0.0,0.0,0.016531419939577,0.2515816099815948,0.0,0.0,0.0,0.0,,0.0,,,0.0,0.0,,,,,,,,,,0.0,0.0,0.0,0.0,0.0,0.0,,1992-02-29,,amc,,2025-04-24,1992-02-29,,3.497936507936508,257659.11111111112
1991-11-30,OKE,USD,1039684,1991-11-30,1991-11-30 00:00:00,1991,Q4,154800000.0,0.0,154800000.0,1.0,0,0.0,0.0,0.0,0.0,0.0,0.0,0.0,0.0,0.0,154800000.0,1.0,154800000.0,1.0,0.0,0.0,0.0,149200000.0,5500000.0,0.0355297158,0.0525,0.0525,104761905,104761905,,,1.477636360278099,0.0524999998806818,,,,,,,,363523810.35,,16.523809561363638,2.348345028100775,0.0,0.0,0.0,0.0,,,0.0,0.0,0.0151296829627325,,0.0,0.0,,0.0,0.0,0.0,0.0132461095100864,0.8755047638945455,0.0,0.0,0.0,0.0,,0.0,,,0.0,0.0,,,,,,,,,,0.0,0.0,0.0,0.0,0.0,0.0,,1991-11-30,,amc,,2025-04-24,1991-11-30,,3.2746875,280553.46875
1991-08-31,OKE,USD,1039684,1991-08-31,1991-08-31 00:00:00,1991,Q3,122000000.0,0.0,122000000.0,1.0,0,0.0,0.0,0.0,0.0,0.0,0.0,0.0,0.0,0.0,122000000.0,1.0,122000000.0,1.0,-122000000.0,0.0,0.0,122600000.0,-600000.0,-0.0049180328,-0.0056,-0.0056,107655904,107692308,,,1.133240216904407,-0.0055733125421528,,,,,,,,327273948.16,,-136.36414506666668,2.6825733455737706,0.0,0.0,0.0,0.0,,,0.0,0.0,-0.0018333264941292,,0.0,0.0,,0.0,0.0,0.0,0.0151197368421052,-8.247159952426665,0.0,0.0,0.0,0.0,,0.0,,,0.0,0.0,,,,,,,,,,0.0,0.0,0.0,0.0,0.0,0.0,,1991-08-31,,amc,,2025-04-24,1991-08-31,,2.98125,264462.703125
1991-05-31,OKE,USD,1039684,1991-05-31,1991-05-31 00:00:00,1991,Q2,146500000.0,0.0,146500000.0,1.0,0,0.0,0.0,0.0,0.0,0.0,0.0,0.0,0.0,0.0,146500000.0,1.0,146500000.0,1.0,0.0,0.0,0.0,142900000.0,3500000.0,0.023890785,0.0325,0.0325,107692308,107692308,,,1.360357138970408,0.0324999999071428,,,,,,,,356461539.48,,25.461538534285715,2.4331845698293515,0.0,0.0,0.0,0.0,,,0.0,0.0,0.0098187310897712,,0.0,0.0,,0.0,0.0,0.0,0.0138864048338368,1.414276927117714,0.0,0.0,0.0,0.0,,0.0,,,0.0,0.0,,,,,,,,,,0.0,0.0,0.0,0.0,0.0,0.0,,1991-05-31,,amc,,2025-04-24,1991-05-31,,3.1690625,266640.03125
1991-02-28,OKE,USD,1039684,1991-02-28,1991-02-28 00:00:00,1991,Q1,279800000.0,0.0,279800000.0,1.0,0,0.0,0.0,0.0,0.0,0.0,0.0,0.0,0.0,0.0,279800000.0,1.0,279800000.0,1.0,0.0,0.0,0.0,251800000.0,27900000.0,0.0997140815,0.26,0.26,106285714,106285714,,,2.6325268887971154,0.2625000007056451,,,,,,,,323108570.56,,2.8952380874551973,1.1547840263045033,0.0,0.0,0.0,0.0,,,0.0,0.0,0.0863486844426464,,0.0,0.0,,0.0,0.0,0.0,0.0151197368421052,0.1751009519102508,0.0,0.0,0.0,0.0,,0.0,,,0.0,0.0,,,,,,,,,,0.0,0.0,0.0,0.0,0.0,0.0,,1991-02-28,,amc,,2025-04-24,1991-02-28,,3.072295081967213,197350.0163934426
1990-11-30,OKE,USD,1039684,1990-11-30,1990-11-30 00:00:00,1990,Q4,141100000.0,0.0,141100000.0,1.0,0,0.0,0.0,0.0,0.0,0.0,0.0,0.0,0.0,0.0,141100000.0,1.0,141100000.0,1.0,0.0,0.0,0.0,136200000.0,4800000.0,0.0340184266,0.045,0.045,106666667,106666667,,,1.3228124958662109,0.044999999859375,,,,,,,,347733334.42,,18.111111167708337,2.4644460270729978,0.0,0.0,0.0,0.0,,,0.0,0.0,0.0138036809384585,,0.0,0.0,,0.0,0.0,0.0,0.0127564417177914,0.92413333622125,0.0,0.0,0.0,0.0,,0.0,,,0.0,0.0,,,,,,,,,,0.0,0.0,0.0,0.0,0.0,0.0,,1990-11-30,,amc,,2025-04-24,1990-11-30,,3.256875,152969.359375
1990-08-31,OKE,USD,1039684,1990-08-31,1990-08-31 00:00:00,1990,Q3,105100000.0,0.0,105100000.0,1.0,0,0.0,0.0,0.0,0.0,0.0,0.0,0.0,0.0,0.0,105100000.0,1.0,105100000.0,1.0,-105100000.0,0.0,0.0,110700000.0,-5600000.0,-0.053282588,-0.0523,-0.0523,107096774,107096774,,,0.9813554234602808,-0.0522891567210045,,,,,,,,305225805.90000004,,-13.626152049107144,2.904146583254044,0.0,0.0,0.0,0.0,,,0.0,0.0,-0.0183470725336857,,0.0,0.0,,0.0,0.0,0.0,0.0145915789473684,-0.7953082934935713,0.0,0.0,0.0,0.0,,0.0,,,0.0,0.0,,,,,,,,,,0.0,0.0,0.0,0.0,0.0,0.0,,1990-08-31,,amc,,2025-04-24,1990-08-31,,3.065079365079365,260168.38095238092
1990-05-31,OKE,USD,1039684,1990-05-31,1990-05-31 00:00:00,1990,Q2,155100000.0,0.0,155100000.0,1.0,0,0.0,0.0,0.0,0.0,0.0,0.0,0.0,0.0,0.0,155100000.0,1.0,155100000.0,1.0,0.0,0.0,0.0,146700000.0,8300000.0,0.053513862,0.0775,0.0775,107096774,107096774,,,1.4482228941835351,0.0775000001400602,,,,,,,,313793547.82,,9.45161288614458,2.023169231592521,0.0,0.0,0.0,0.0,,,0.0,0.0,0.0264505119931946,,0.0,0.0,,0.0,0.0,0.0,0.0141931740614334,0.5365935474173493,0.0,0.0,0.0,0.0,,0.0,,,0.0,0.0,,,,,,,,,,0.0,0.0,0.0,0.0,0.0,0.0,,1990-05-31,,amc,,2025-04-24,1990-05-31,,2.92968253968254,223625.12698412695
1990-02-28,OKE,USD,1039684,1990-02-28,1990-02-28 00:00:00,1990,Q1,266400000.0,0.0,266400000.0,1.0,0,0.0,0.0,0.0,0.0,0.0,0.0,0.0,0.0,0.0,266400000.0,1.0,266400000.0,1.0,0.0,0.0,0.0,243000000.0,23300000.0,0.0874624625,0.22,0.22,107126437,107126437,,,2.48678111081021,0.2174999995565987,,,,,,,,347089655.88,,3.7241379386266096,1.3028890986486483,0.0,0.0,0.0,0.0,,,0.0,0.0,0.0671296294927773,,0.0,0.0,,0.0,0.0,0.0,0.0128351851851851,0.1912000003897854,0.0,0.0,0.0,0.0,,0.0,,,0.0,0.0,,,,,,,,,,0.0,0.0,0.0,0.0,0.0,0.0,,1990-02-28,,amc,,2025-04-24,1990-02-28,,3.349365079365079,264439.74603174604
1989-11-30,OKE,USD,1039684,1989-11-30,1989-11-30 00:00:00,1989,Q4,141400000.0,0.0,141400000.0,1.0,0,0.0,0.0,0.0,0.0,0.0,0.0,0.0,0.0,0.0,141400000.0,1.0,141400000.0,1.0,0.0,0.0,0.0,134600000.0,6700000.0,0.0473833098,0.0625,0.0625,107200000,107200000,,,1.3190298507462686,0.0625,,,,,,,,394496000.0,,14.72,2.78992927864215,0.0,0.0,0.0,0.0,,,0.0,0.0,0.0169836956521739,,0.0,0.0,,0.0,0.0,0.0,0.0104084239130434,0.612848,0.0,0.0,0.0,0.0,,0.0,,,0.0,0.0,,,,,,,,,,0.0,0.0,0.0,0.0,0.0,0.0,,1989-11-30,,amc,,2025-04-24,1989-11-30,,,
1989-08-31,OKE,USD,1039684,1989-08-31,1989-08-31 00:00:00,1989,Q3,104700000.0,0.0,104700000.0,1.0,0,0.0,0.0,0.0,0.0,0.0,0.0,0.0,0.0,0.0,104700000.0,1.0,104700000.0,1.0,-104700000.0,0.0,0.0,0.0,0.0,0.0,-0.0525,-0.0525,110272000,112208000,,,0.9494704004643064,0.0,,,,,,,,361692160.0,,0.0,3.454557402101241,0.0,0.0,0.0,0.0,,,0.0,0.0,0.0,,0.0,0.0,,0.0,0.0,0.0,0.011677743902439,0.0,0.0,0.0,0.0,0.0,,0.0,,,0.0,0.0,,,,,,,,,,0.0,0.0,0.0,0.0,0.0,0.0,,1989-08-31,,amc,,2025-04-24,1989-08-31,,,
1989-05-31,OKE,USD,1039684,1989-05-31,1989-05-31 00:00:00,1989,Q2,143400000.0,0.0,143400000.0,1.0,0,0.0,0.0,0.0,0.0,0.0,0.0,0.0,0.0,0.0,143400000.0,1.0,143400000.0,1.0,-143400000.0,0.0,0.0,0.0,0.0,0.0,0.075,0.075,112208000,112208000,,,1.2779837444745472,0.0,,,,,,,,287252480.0,,0.0,2.003155369595537,0.0,0.0,0.0,0.0,,,0.0,0.0,0.0,,0.0,0.0,,0.0,0.0,0.0,0.0128246093749999,0.0,0.0,0.0,0.0,0.0,,0.0,,,0.0,0.0,,,,,,,,,,0.0,0.0,0.0,0.0,0.0,0.0,,1989-05-31,,amc,,2025-04-24,1989-05-31,,,
1989-02-28,OKE,USD,1039684,1989-02-28,1989-02-28 00:00:00,1989,Q1,242000000.0,0.0,242000000.0,1.0,0,0.0,0.0,0.0,0.0,0.0,0.0,0.0,0.0,0.0,242000000.0,1.0,242000000.0,1.0,-242000000.0,0.0,0.0,0.0,0.0,0.0,0.26,0.26,112208000,112208000,,,2.156708969057465,0.0,,,,,,,,274909600.0,,0.0,1.135990082644628,0.0,0.0,0.0,0.0,,,0.0,0.0,0.0,,0.0,0.0,,0.0,0.0,0.0,0.0134004081632653,0.0,0.0,0.0,0.0,0.0,,0.0,,,0.0,0.0,,,,,,,,,,0.0,0.0,0.0,0.0,0.0,0.0,,1989-02-28,,amc,,2025-04-24,1989-02-28,,,
1988-11-30,OKE,USD,1039684,1988-11-30,1988-11-30 00:00:00,1988,Q4,128200000.0,0.0,128200000.0,1.0,0,0.0,0.0,0.0,0.0,0.0,0.0,0.0,0.0,0.0,128200000.0,1.0,128200000.0,1.0,-128200000.0,0.0,0.0,0.0,0.0,0.0,0.0475,0.0475,112208000,112208000,,,1.1425210323684585,0.0,,,,,,,,216561440.0,,0.0,1.689246801872075,0.0,0.0,0.0,0.0,,,0.0,0.0,0.0,,0.0,0.0,,0.0,0.0,0.0,,0.0,0.0,0.0,0.0,0.0,,0.0,,,0.0,0.0,,,,,,,,,,0.0,0.0,0.0,0.0,0.0,0.0,,1988-11-30,,amc,,2025-04-24,1988-11-30,,,
1988-08-31,OKE,USD,1039684,1988-08-31,1988-08-31 00:00:00,1988,Q3,7600000.0,0.0,7600000.0,1.0,0,0.0,0.0,0.0,0.0,0.0,0.0,0.0,0.0,0.0,7600000.0,1.0,7600000.0,1.0,-7600000.0,0.0,0.0,0.0,0.0,0.0,-0.23,-0.23,112208000,112208000,,,0.0677313560530443,0.0,,,,,,,,208706880.0,,0.0,27.46143157894737,0.0,0.0,0.0,0.0,,,0.0,0.0,0.0,,0.0,0.0,,0.0,0.0,0.0,,0.0,0.0,0.0,0.0,0.0,,0.0,,,0.0,0.0,,,,,,,,,,0.0,0.0,0.0,0.0,0.0,0.0,,1988-08-31,,amc,,2025-04-24,1988-08-31,,,
1988-05-31,OKE,USD,1039684,1988-05-31,1988-05-31 00:00:00,1988,Q2,133700000.0,0.0,133700000.0,1.0,0,0.0,0.0,0.0,0.0,0.0,0.0,0.0,0.0,0.0,133700000.0,1.0,133700000.0,1.0,-133700000.0,0.0,0.0,0.0,0.0,0.0,0.0575,0.0575,112208000,112208000,,,1.1915371453015828,0.0,,,,,,,,145870400.0,,0.0,1.091027673896784,0.0,0.0,0.0,0.0,,,0.0,0.0,0.0,,0.0,0.0,,0.0,0.0,0.0,,0.0,0.0,0.0,0.0,0.0,,0.0,,,0.0,0.0,,,,,,,,,,0.0,0.0,0.0,0.0,0.0,0.0,,1988-05-31,,amc,,2025-04-24,1988-05-31,,,
1988-02-29,OKE,USD,1039684,1988-02-29,1988-02-29 00:00:00,1988,Q1,230100000.0,0.0,230100000.0,1.0,0,0.0,0.0,0.0,0.0,0.0,0.0,0.0,0.0,0.0,230100000.0,1.0,230100000.0,1.0,-230100000.0,0.0,0.0,0.0,0.0,0.0,0.22,0.22,112208000,112208000,,,2.0506559247112506,0.0,,,,,,,,228904320.0,,0.0,0.9948036505867014,0.0,0.0,0.0,0.0,,,0.0,0.0,0.0,,0.0,0.0,,0.0,0.0,0.0,0.0343333333333333,0.0,0.0,0.0,0.0,0.0,,0.0,,,0.0,0.0,,,,,,,,,,0.0,0.0,0.0,0.0,0.0,0.0,,1988-02-29,,amc,,2025-04-24,1988-02-29,,,
1987-11-30,OKE,USD,1039684,1987-11-30,1987-11-30 00:00:00,1987,Q4,111100000.0,0.0,111100000.0,1.0,0,0.0,0.0,0.0,0.0,0.0,0.0,0.0,0.0,0.0,111100000.0,1.0,111100000.0,1.0,-111100000.0,0.0,0.0,0.0,0.0,0.0,0.0125,0.0125,112080000,112080000,,,0.9912562455389008,0.0,,,,,,,,283562400.0,,0.0,2.5523168316831684,0.0,0.0,0.0,0.0,,,0.0,0.0,0.0,,0.0,0.0,,0.0,0.0,0.0,0.0276837944664031,0.0,0.0,0.0,0.0,0.0,,0.0,,,0.0,0.0,,,,,,,,,,0.0,0.0,0.0,0.0,0.0,0.0,,1987-11-30,,amc,,2025-04-24,1987-11-30,,,
1987-08-31,OKE,USD,1039684,1987-08-31,1987-08-31 00:00:00,1987,Q3,88900000.0,0.0,88900000.0,1.0,0,0.0,0.0,0.0,0.0,0.0,0.0,0.0,0.0,0.0,88900000.0,1.0,88900000.0,1.0,-88900000.0,0.0,0.0,0.0,0.0,0.0,-0.0475,-0.0475,111904000,111904000,,,0.7944309408064055,0.0,,,,,,,,456568320.0,,0.0,5.135751631046119,0.0,0.0,0.0,0.0,,,0.0,0.0,0.0,,0.0,0.0,,0.0,0.0,0.0,0.0171666666666666,0.0,0.0,0.0,0.0,0.0,,0.0,,,0.0,0.0,,,,,,,,,,0.0,0.0,0.0,0.0,0.0,0.0,,1987-08-31,,amc,,2025-04-24,1987-08-31,,,
1987-05-31,OKE,USD,1039684,1987-05-31,1987-05-31 00:00:00,1987,Q2,123700000.0,0.0,123700000.0,1.0,0,0.0,0.0,0.0,0.0,0.0,0.0,0.0,0.0,0.0,123700000.0,1.0,123700000.0,1.0,-123700000.0,0.0,0.0,0.0,0.0,0.0,0.04,0.04,111904000,111904000,,,1.1054117815270232,0.0,,,,,,,,381592640.0,,0.0,3.084823282134196,0.0,0.0,0.0,0.0,,,0.0,0.0,0.0,,0.0,0.0,,0.0,0.0,0.0,0.0205395894428152,0.0,0.0,0.0,0.0,0.0,,0.0,,,0.0,0.0,,,,,,,,,,0.0,0.0,0.0,0.0,0.0,0.0,,1987-05-31,,amc,,2025-04-24,1987-05-31,,,
1987-02-28,OKE,USD,1039684,1987-02-28,1987-02-28 00:00:00,1987,Q1,230900000.0,0.0,230900000.0,1.0,0,0.0,0.0,0.0,0.0,0.0,0.0,0.0,0.0,0.0,230900000.0,1.0,230900000.0,1.0,-230900000.0,0.0,0.0,0.0,0.0,0.0,0.15,0.15,111136000,111136000,,,2.077634609847394,0.0,,,,,,,,484552960.00000006,,0.0,2.098540320485059,0.0,0.0,0.0,0.0,,,0.0,0.0,0.0,,0.0,0.0,,0.0,0.0,0.0,0.0160642201834862,0.0,0.0,0.0,0.0,0.0,,0.0,,,0.0,0.0,,,,,,,,,,0.0,0.0,0.0,0.0,0.0,0.0,,1987-02-28,,amc,,2025-04-24,1987-02-28,,,
1986-11-30,OKE,USD,1039684,1986-11-30,1986-11-30 00:00:00,1986,Q4,143500000.0,0.0,143500000.0,1.0,0,0.0,0.0,0.0,0.0,0.0,0.0,0.0,0.0,0.0,143500000.0,1.0,143500000.0,1.0,-143500000.0,0.0,0.0,0.0,0.0,0.0,0.0275,0.0275,110280000,110280000,,,1.3012332245194052,0.0,,,,,,,,423475200.0,,0.0,2.9510466898954704,0.0,0.0,0.0,0.0,,,0.0,0.0,0.0,,0.0,0.0,,0.0,0.0,0.0,0.0182395833333333,0.0,0.0,0.0,0.0,0.0,,0.0,,,0.0,0.0,,,,,,,,,,0.0,0.0,0.0,0.0,0.0,0.0,,1986-11-30,,amc,,2025-04-24,1986-11-30,,,
1986-08-31,OKE,USD,1039684,1986-08-31,1986-08-31 00:00:00,1986,Q3,108200000.0,0.0,108200000.0,1.0,0,0.0,0.0,0.0,0.0,0.0,0.0,0.0,0.0,0.0,108200000.0,1.0,108200000.0,1.0,-108200000.0,0.0,0.0,0.0,0.0,0.0,0.05,0.05,110256000,110256000,,,0.9813524887534464,0.0,,,,,,,,392511360.0,,0.0,3.627646580406654,0.0,0.0,0.0,0.0,,,0.0,0.0,0.0,,0.0,0.0,,0.0,0.0,0.0,0.0196741573033707,0.0,0.0,0.0,0.0,0.0,,0.0,,,0.0,0.0,,,,,,,,,,0.0,0.0,0.0,0.0,0.0,0.0,,1986-08-31,,amc,,2025-04-24,1986-08-31,,,
1986-05-31,OKE,USD,1039684,1986-05-31,1986-05-31 00:00:00,1986,Q2,166100000.0,0.0,166100000.0,1.0,0,0.0,0.0,0.0,0.0,0.0,0.0,0.0,0.0,0.0,166100000.0,1.0,166100000.0,1.0,-166100000.0,0.0,0.0,0.0,0.0,0.0,0.075,0.075,110256000,110256000,,,1.50649397765201,0.0,,,,,,,,368255040.0,,0.0,2.2170682721252257,0.0,0.0,0.0,0.0,,,0.0,0.0,0.0,,0.0,0.0,,0.0,0.0,0.0,0.0209700598802395,0.0,0.0,0.0,0.0,0.0,,0.0,,,0.0,0.0,,,,,,,,,,0.0,0.0,0.0,0.0,0.0,0.0,,1986-05-31,,amc,,2025-04-24,1986-05-31,,,
1986-02-28,OKE,USD,1039684,1986-02-28,1986-02-28 00:00:00,1986,Q1,289600000.0,0.0,289600000.0,1.0,0,0.0,0.0,0.0,0.0,0.0,0.0,0.0,0.0,0.0,289600000.0,1.0,289600000.0,1.0,-289600000.0,0.0,0.0,0.0,0.0,0.0,0.22,0.22,109176000,109176000,,,2.652597640507071,0.0,,,,,,,,341720880.0,,0.0,1.1799754143646408,0.0,0.0,0.0,0.0,,,0.0,0.0,0.0,,0.0,0.0,,0.0,0.0,0.0,0.0223769968051118,0.0,0.0,0.0,0.0,0.0,,0.0,,,0.0,0.0,,,,,,,,,,0.0,0.0,0.0,0.0,0.0,0.0,,1986-02-28,,amc,,2025-04-24,1986-02-28,,,
1985-11-30,OKE,USD,1039684,1985-11-30,1985-11-30 00:00:00,1985,Q4,172900000.0,0.0,172900000.0,1.0,0,0.0,0.0,0.0,0.0,0.0,0.0,0.0,0.0,0.0,172900000.0,1.0,172900000.0,1.0,-172900000.0,0.0,0.0,0.0,0.0,0.0,0.02,0.02,107944000,107944000,,,1.6017564663158674,0.0,,,,,,,,374565680.0,,0.0,2.166371775592828,0.0,0.0,0.0,0.0,,,0.0,0.0,0.0,,0.0,0.0,,0.0,0.0,0.0,0.0201844380403458,0.0,0.0,0.0,0.0,0.0,,0.0,,,0.0,0.0,,,,,,,,,,0.0,0.0,0.0,0.0,0.0,0.0,,1985-11-30,,amc,,2025-04-24,1985-11-30,,,
1985-08-31,OKE,USD,1039684,1985-08-31,1985-08-31 00:00:00,1985,Q3,174200000.0,0.0,174200000.0,1.0,0,0.0,0.0,0.0,0.0,0.0,0.0,0.0,0.0,0.0,174200000.0,1.0,174200000.0,1.0,-174200000.0,0.0,0.0,0.0,0.0,0.0,0.005,0.005,107944000,107944000,,,1.6137997480174906,0.0,,,,,,,,356215200.0,,0.0,2.0448633754305394,0.0,0.0,0.0,0.0,,,0.0,0.0,0.0,,0.0,0.0,,0.0,0.0,0.0,0.0212242424242424,0.0,0.0,0.0,0.0,0.0,,0.0,,,0.0,0.0,,,,,,,,,,0.0,0.0,0.0,0.0,0.0,0.0,,1985-08-31,,amc,,2025-04-24,1985-08-31,,,
